3117 5217
519 531 638 588 392
1141 527 1254 586 DE
1297 524 2076 588 IRREGULARITATE.

1375 1129 1661 1190 CAPUT
1708 1129 1845 1190 VII.

1285 1355 1364 1394 DE
1393 1353 1946 1414 IRREQULARJTATE.

603 1528 704 1582 98.
761 1522 1148 1602 Irregularitas
1189 1534 1277 1581 est
1313 1523 1785 1600 impedimentum
1824 1522 2185 1589 canonicum,
2216 1539 2331 1594 quo
2370 1522 2713 1598 prohibetur

527 1623 790 1682 ordinum
819 1622 1128 1699 susceptiO,
1156 1633 1214 1680 et
1249 1641 1448 1681 eorum
1479 1623 1833 1681 exercitium.
1916 1620 2127 1690 Differt
2164 1640 2196 1677 a
2234 1639 2495 1687 censura,
2528 1641 2710 1693 quum

527 1741 644 1780 non
671 1739 898 1798 semper
923 1721 1148 1796 culpam
1176 1731 1490 1798 supponat:
1521 1740 1653 1779 nam
1681 1740 1754 1780 ex
1782 1719 2005 1778 defectu
2036 1719 2337 1792 aliquando
2376 1721 2581 1786 oritur,
2612 1720 2713 1777 ali-

527 1821 754 1893 quando
781 1829 966 1878 maten
989 1839 1172 1896 poenae
1200 1821 1370 1878 habet
1392 1823 1688 1879 rationem.
1773 1819 1971 1879 Prima
1989 1829 2220 1876 tonsura
2244 1819 2413 1876 etiam
2442 1819 2713 1895 intelligi·

525 1929 614 1976 tur
641 1919 872 1976 nomine
899 1918 1184 1986 ordinum,
1213 1920 1294 1976 uti
1319 1938 1395 1976 ex
1421 1937 1527 1976 usu
1555 1919 1839 1977 Ecclesiae
1867 1927 2106 1976 constat.

603 2019 700 2074 99.
745 2016 924 2074 Nulla
949 2024 1034 2072 est
1059 2015 1435 2092 irregularitas
1463 2018 1576 2076 nisi
1610 2035 1685 2076 ex
1717 2018 1847 2094 jure
1888 2015 2193 2075 universali
2234 2035 2299 2072 ac
2342 2009 2710 2091 pontificio;¹

523 2114 868 2172 contrahitur
895 2123 1082 2172 autem
1111 2125 1240 2172 ante
1265 2133 1494 2174 omnem
1522 2117 1882 2183 sententiam,
1912 2125 1969 2173 et
1996 2115 2204 2174 tollitur
2230 2123 2445 2172 tantum
2476 2113 2715 2191 dispen-

524 2215 766 2272 satione.
851 2213 1174 2290 Ignorantia
1200 2215 1544 2274 invincibilis
1564 2217 1714 2294 legis
1742 2214 2141 2273 ecclesiasticae
2168 2213 2461 2289 plerisque
2483 2213 2715 2272 videtur

523 2313 800 2390 impedire
823 2313 1306 2390 irregularitatem,
1334 2331 1460 2386 quae
1491 2333 1566 2373 ex
1588 2315 1793 2374 delicto
1820 2314 2099 2389 provenit,
2119 2329 2296 2384 quum
2316 2331 2506 2388 poenae
2527 2313 2712 2371 instar

523 2413 596 2468 sit
613 2411 732 2488 juri
755 2409 952 2468 divino
977 2410 1181 2478 addita,
1210 2412 1508 2490 irroganda
1543 2414 1757 2474 idcirco
1798 2412 1869 2470 iis
1898 2412 1995 2484 qui
2027 2412 2126 2487 jus
2166 2411 2277 2468 hoc
2318 2411 2570 2487 speciale
2598 2431 2709 2470 no·

517 2505 697 2568 runt.²²
779 2509 982 2568 Plures
1011 2519 1198 2568 tamen
1222 2510 1417 2568 dicunt
1441 2511 1787 2571 homicidam
1816 2529 1941 2568 esse
1970 2509 2356 2586 irregularem,
2385 2511 2497 2567 etsi
2536 2511 2705 2587 igno-

519 2609 723 2666 raverit
753 2609 851 2684 jus
892 2609 1362 2676 ecclesiasticum,
1393 2613 1526 2682 quia
1570 2610 1943 2688 irregularitas
1982 2609 2105 2666 haec
2144 2609 2341 2666 nititur
2374 2608 2707 2668 indecentia

521 2719 752 2784 propter
789 2727 960 2780 quam
1001 2718 1088 2765 est
1127 2710 1195 2767 ab
1237 2709 1394 2767 altari
1431 2704 1853 2788 repellendus.³
1934 2708 2134 2767 Potest
2172 2707 2301 2779 quis
2328 2707 2586 2783 pluribus
2628 2727 2708 2766 ex

517 2807 800 2882 capitibus
827 2807 1326 2883 irregularia-esse,
1354 2809 1444 2866 vel
1484 2812 1556 2868 ob
1584 2809 1828 2868 eundem
1870 2817 2054 2866 actum
2096 2806 2307 2882 saepius
2351 2807 2702 2882 repetitum:

517 2923 632 2978 quo
677 2923 808 2962 casu
858 2907 914 2962 in
953 2907 1206 2981 petenda·
1237 2905 1658 2983 dispensatione
1698 2926 1885 2965 rerum
1927 2907 2131 2964 veritas
2178 2903 2521 2981 exponenda
2566 2908 2697 2974 erit,

521 3021 652 3060 nam
679 3002 1028 3078 dispensatio
1057 3024 1331 3063 concessa
1358 3007 1426 3064 ab
1451 3026 1566 3066 una
1592 3007 1995 3083 irregularitate
2016 3005 2180 3062 aliam
2211 3023 2327 3062 non
2354 3003 2519 3061 tollit.
2586 3006 2707 3071 Qui

519 3101 840 3185 irregularis
867 3113 974 3170 est,
1005 3115 1192 3179 potest
1215 3123 1593 3178 quascumque
1632 3124 1869 3164 munera
1907 3123 2081 3172 sacra,
2111 3122 2238 3175 quae
2278 3103 2333 3160 ei
2372 3103 2544 3162 vetita
2585 3124 2705 3162 non

515 3211 670 3265 sunt,
694 3200 881 3256 obire:
913 3218 967 3265 v,
995 3220 1065 3274 g:
1097 3221 1298 3259 canere
1333 3204 1392 3259 in
1417 3204 1680 3270 ecclesia,
1702 3204 1993 3280 suscipere
2017 3210 2388 3268 sacramenta,
2414 3203 2706 3261 matrimo-

515 3295 877 3363 nioadstare,
907 3295 958 3351 si
993 3297 1068 3352 ita
1107 3299 1232 3374 ejus
1259 3297 1400 3355 ferat
1425 3317 1655 3368 munus,
1686 3320 1817 3359 nam
1852 3301 2268 3378 jurisdictionis
2309 3301 2703 3376 potiusquam

517 3393 734 3454 ordinis
763 3403 919 3452 actus
949 3406 1054 3453 est.

603 3499 737 3554 100.
781 3493 1040 3553 Effectus
1069 3495 1487 3573 irregularitatis
1515 3496 1630 3556 duo
1656 3507 1805 3556 sunt.
1890 3498 1937 3557 Ι.
1981 3499 2223 3576 graviter
2262 3497 2456 3556 illicita
2498 3509 2587 3554 est
2612 3518 2701 3556 or-

520 3595 738 3664 diuum,
779 3596 950 3654 etiarn
997 3605 1263 3663 tonsurae,
1303 3599 1613 3673 susceptio,
1658 3597 1747 3654 vel
1794 3597 2010 3656 ordinis
2041 3597 2292 3672 suscepti
2320 3599 2699 3656 exercitium:

517 3695 704 3752 obstat
749 3695 964 3772 quippe
1008 3695 1290 3752 Ecclesiae
1335 3696 1644 3771 prohibitio
1690 3698 2046 3773 gravissima.
2128 3697 2393 3754 Attamen
2434 3697 2705 3772 jurisdic-

519 3794 690 3851 tionis
717 3794 1048 3852 exercitium
1069 3813 1184 3852 nou
1213 3794 1440 3865 tollitur,
1464 3797 1686 3869 quoties
1708 3797 1776 3854 ab
1804 3795 2019 3853 ordinis
2047 3806 2173 3853 actu
2202 3796 2451 3871 separari
2475 3806 2698 3870 potest:

517 3891 756 3966 proinde
783 3894 1091 3970 episcopus
1121 3894 1438 3970 irregularis
1467 3904 1662 3970 posset
1688 3895 2075 3952 sacerdotibus
2104 3893 2422 3972 facultatem
2453 3895 2700 3952 tribuere

513 3989 859 4048 absolvendi.
945 3992 1024 4049 ΙΙ.
1067 3993 1332 4050 innabilis
1371 4003 1459 4050 est
1495 3993 1567 4050 ad
1608 3994 1947 4052 beneficIum
1992 3992 2401 4070 recipiendum,
2444 3991 2586 4050 adeo
2626 4005 2692 4051 ut

509 4087 734 4146 collatio
761 4088 916 4146 nulla
943 4091 1033 4159 sit,
1065 4093 1112 4148 si
1144 4105 1392 4164 nequeat
1413 4095 1609 4151 omnia
1634 4094 1759 4170 ejus
1788 4094 1983 4150 munia
2008 4087 2219 4150 obire.⁴
2298 4092 2462 4149 Idem
2492 4091 2682 4150 dicen·

587 4283 672 4346 (l)
713 4279 836 4343 Cap.
859 4277 908 4327 Is
931 4278 1030 4342 qui,
1052 4280 1112 4331 de
1133 4286 1256 4332 sent.
1278 4299 1460 4334 excom.
1482 4284 1535 4333 in
1560 4287 1609 4335 6.
1845 4286 1903 4349 (2
1912 4303 1930 4348 )
1966 4284 2018 4331 S.
2042 4284 2192 4348 Alph.
2214 4285 2247 4333 l.
2270 4284 2351 4334 vii.
2372 4300 2423 4334 n.
2448 4287 2561 4333 350.

586 4367 671 4431 (3)
709 4364 908 4413 l'bidem.

583 4453 668 4516 (4)
709 4449 770 4502 C.
792 4451 841 4500 ii.
865 4448 923 4501 de
941 4449 1094 4502 cleric.
1111 4455 1369 4519 pugnant.
1391 4460 1440 4501 et
1461 4469 1566 4516 cap.
1590 4453 1722 4503 xviii.
1750 4453 1809 4505 de
1829 4458 1954 4506 sent.
1976 4469 2157 4506 est-com.
2180 4455 2234 4503 in
2258 4456 2305 4503 6.
