3117 5217
1092 1368 1758 1443 TRACTATUS
1807 1370 1947 1443 XI.
1969 1403 1976 1410 ·

2165 1599 2202 1623 θ

943 1631 1085 1692 DE
1173 1587 2088 1697 CONTRACTIBUS.

1324 2107 1609 2166 CAPUT
1651 2109 1701 2167 Ι.

1010 2359 1013 2364 .
1108 2322 1186 2363 nn
1226 2323 1618 2364 connum-us
1658 2324 1925 2365 NATURA.

1018 2502 1068 2576 §.
1099 2502 1149 2559 Ι.
1232 2499 1700 2560 Com-lucrum
1739 2521 2001 2560 emonis·

514 2707 566 2759 1.
615 2701 974 2759 Contractus
1003 2709 1092 2756 est
1116 2709 1366 2774 pactum,
1394 2699 1517 2757 sive
1548 2715 1870 2756 consensus
1899 2697 2164 2767 duorum,
2196 2716 2310 2770 quo
2349 2698 2611 2765 scienter,

428 2801 624 2868 libere,
654 2809 712 2868 et
746 2799 1023 2876 legitime,
1050 2807 1288 2871 uterque
1334 2815 1398 2854 se
1436 2797 1714 2865 vicissim,
1756 2796 1848 2854 vel
1887 2796 2091 2854 saltem
2130 2817 2243 2856 una
2285 2815 2416 2873 pars
2458 2783 2619 2854 alteri

430 2898 745 2973 acceptanti
770 2915 833 2954 se
852 2889 1113 2972 obligat.²
1152 2897 1221 2954 In
1239 2897 1369 2972 jure
1392 2897 1544 2954 civili
1575 2904 1720 2973 “'est
1739 2896 1924 2972 pactio
1945 2896 2186 2954 duorum
2211 2896 2528 2973 pluriumve
2557 2899 2618 2954 in

430 2997 585 3055 idem
604 2996 875 3073 placitum
889 2989 1301 3052 consensus.”²
1336 2993 1653 3076 Perfectus
1671 2993 1877 3052 dicitur
1891 3005 2210 3054 contractus
2229 2997 2277 3052 si
2292 3005 2529 3067 utraque
2547 3015 2620 3053 ex

433 3107 591 3172 parte
619 3085 1023 3171 obligatibnem
1063 3095 1283 3169 pariat:
1326 3112 1439 3166 qua
1476 3093 1547 3152 de
1590 3112 1763 3152 causa
1787 3111 2078 3153 onerosus
2106 3113 2334 3168 quoque
2363 3104 2617 3154 vocatur.

434 3192 827 3275 Imperfectus
862 3202 921 3250 et
943 3192 1261 3270 gratiosus
1286 3191 1525 3252 habetur
1550 3193 1600 3250 si
1641 3211 1718 3251 ex
1761 3193 2022 3252 alterutra
2047 3204 2204 3271 parte
2229 3171 2382 3252 desit
2407 3194 2621 3271 obliga-

437 3295 533 3351 tio.
618 3292 890 3352 Venditio
941 3301 1029 3349 est
1072 3301 1390 3355 contractus
1442 3291 1750 3369 perfectuS,
1805 3294 2047 3368 pretium
2097 3295 2252 3352 enim
2305 3293 2468 3352 datur
2513 3313 2618 3370 pro

436 3410 664 3460 merce;
722 3391 953 3449 donatio
998 3399 1088 3449 est
1130 3400 1451 3448 contractus
1499 3392 1894 3467 imperfectus·
1994 3390 2352 3470 Explicitus
2393 3403 2628 3451 vocatur

438 3500 751 3549 contractus
780 3488 1007 3563 quando
1033 3491 1180 3548 inter
1204 3489 1349 3547 duos
1377 3489 1447 3547 de
1474 3510 1537 3548 re
1558 3490 1748 3562 aliqua
1773 3508 2050 3565 expresse
2077 3489 2381 3556 convenit}
2425 3489 2623 3566 impli-

439 3579 593 3648 citus
620 3598 726 3656 est,
756 3569 983 3662 quande
1007 3589 1172 3645 tacita
1197 3597 1414 3646 tantum
1440 3589 1682 3648 habetur
1708 3589 2048 3647 conventio:
2091 3590 2176 3646 sie
2205 3590 2302 3660 qui
2333 3587 2619 3646 medicum

442 3690 693 3756 accersit,
748 3688 1025 3764 implicite
1078 3705 1141 3744 se
1192 3687 1400 3764 obligat
1450 3687 1521 3744 ad
1565 3688 1870 3746 curationis
1928 3688 2218 3764 impensas
2263 3681 2622 3744 solvendaS.³

518 3891 601 3954 (1)
641 3898 670 3922 “
684 3890 771 3938 An
804 3896 1063 3952 executory
1086 3893 1301 3938 contract
1320 3887 1363 3937 is
1384 3903 1451 3936 an
1487 3891 1764 3948 agreement
1783 3885 1842 3934 of
1877 3892 1976 3934 two
1999 3901 2052 3934 or
2088 3901 2220 3936 more
2253 3903 2466 3951 persone,
2487 3903 2624 3952 upon

446 3971 683 4024 sufficient
703 3973 1069 4040 cpnsideretion,
1084 3979 1135 4020 ω
1158 3972 1221 4021 do
1244 3988 1297 4020 or
1313 3978 1401 4020 not
1422 3978 1473 4019 to
1498 3971 1563 4019 do
1586 3987 1617 4020 a
1637 3970 1894 4035 particular
1915 3969 2103 4032 thing.”
2175 3970 2349 4022 Kent’s
2369 3971 2510 4022 Com.
2525 3976 2619 4023 vol.

443 4055 493 4104 ii.
514 4063 619 4119 part
638 4073 685 4104 v.
754 4056 869 4106 Lec-
894 4056 1068 4106 nxix.
1090 4072 1141 4104 n.
1164 4057 1280 4104 450.

518 4143 614 4206 (2)
642 4140 703 4190 L.
729 4144 773 4190 1.
792 4140 844 4190 ff.
867 4141 929 4191 de
950 4141 1118 4204 pactis.

518 4226 601 4290 (3)
640 4234 669 4258 ‘⁴
684 4225 845 4275 There
867 4241 947 4274 are
969 4225 1073 4275 also
1093 4239 1293 4292 apres-3
1314 4223 1413 4273 and
1443 4221 1660 4289 implied
1689 4231 1938 4274 contracte.
2006 4225 2118 4275 The
2139 4226 2312 4276 former
2335 4228 2460 4276 exist
2480 4229 2628 4278 when

447 4307 529 4356 the
550 4309 723 4372 parties
756 4315 971 4359 contract
993 4310 1047 4359 in
1078 4325 1275 4374 express
1299 4308 1471 4368 words,
1494 4324 1547 4356 or
1580 4309 1646 4370 by
1677 4309 1904 4370 wfitin33
1944 4310 2042 4358 and
2075 4311 2158 4359 the
2197 4312 2334 4360 latter
2371 4327 2448 4360 are
2489 4312 2626 4360 those

450 4399 685 4440 contracte
716 4393 878 4442 which
902 4393 983 4442 the
1005 4394 1101 4443 law
1132 4393 1294 4454 misen,
1317 4409 1371 4442 or
1403 4407 1666 4456 presumes,
1688 4394 1753 4456 by
1775 4409 1946 4442 reason
1969 4393 2026 4442 of
2051 4411 2184 4444 some
2207 4397 2348 4444 velue
2370 4410 2424 4443 or
2446 4395 2624 4444 service

442 4475 683 4534 rendered,
706 4476 801 4524 and
823 4478 1027 4526 because
1048 4494 1274 4528 common
1288 4479 1463 4543 justice
1486 4476 1699 4539 requires
1715 4477 1799 4527 it.”
1869 4476 2044 4527 Kent’s
2069 4478 2261 4528 Comm.
2279 4478 2369 4528 ubi
2389 4493 2564 4543 supra.

602 4568 753 4628 Vor„
783 4570 1027 4630 11.-13
