3117 5217
1157 564 1270 624 DE
1317 536 1763 624 cENSURIS.
2428 569 2545 626 367

359 732 590 799 casibus
615 732 799 806 Papoe
818 731 1142 799 reservatis,
1173 750 1300 804 qum
1329 742 1517 790 tamen
1543 751 1817 790 censuras
1846 731 1903 788 in
1936 731 2102 790 Bulla
2118 731 2339 800 Ooenoe,
2370 733 2551 793 multo

363 831 556 888 minus
587 849 736 896 eam,
766 848 892 902 quae
919 831 994 888 ob
1019 829 1284 888 haeresim
1321 830 1432 888 lata
1457 840 1565 900 est,
1592 851 1709 890 non
1730 823 2173 907 complectitur,¹
2220 831 2301 888 uti
2338 833 2551 908 soepius

362 926 706 986 declaratum
735 937 844 997 est,
873 937 962 986 est
983 929 1139 988 enim
1167 931 1362 1006 regula
1379 931 1565 1006 juris:
1612 933 1735 988 “in
1756 930 2007 1006 generali
2034 931 2405 989 concessione
2434 950 2551 989 non

365 1029 604 1087 veniunt
619 1047 712 1094 ea,
735 1047 862 1100 quae
877 1029 1006 1100 quis
1035 1047 1150 1086 non
1179 1039 1334 1086 esset
1359 1030 1757 1088 verosimiliter
1782 1029 1841 1087 in
1868 1030 2063 1104 specie
2080 1025 2554 1087 concessurus.’'²

363 1127 576 1202 Ampla
595 1127 692 1185 illa
717 1127 950 1184 facultas
993 1136 1250 1203 tempore
1290 1127 1327 1186 J
1331 1128 1518 1186 ubilaei
1559 1128 1955 1204 complectitur
1991 1136 2329 1205 potestatem
2371 1128 2553 1186 absol-

367 1226 540 1284 vendi
565 1247 600 1284 a
623 1227 848 1284 casibus
875 1235 932 1284 et
956 1228 1214 1285 censuris
1241 1227 1514 1303 episcopo
1539 1227 1877 1292 reservatis;
1920 1228 2001 1284 ita
2036 1228 2190 1286 enim
2232 1245 2369 1286 usus
2398 1246 2553 1286 com-

367 1326 560 1383 munis
604 1325 774 1382 habet
793 1316 840 1391 3³
879 1334 936 1383 et
985 1326 1240 1398 alioquin
1292 1337 1490 1402 posset
1529 1327 1831 1385 Pontificis
1872 1326 2217 1403 indulgentia
2254 1327 2555 1403 episcopo-

367 1443 496 1482 rum
521 1425 824 1482 severitate
851 1423 1119 1482 frustrari.
1203 1425 1388 1482 Extra
1412 1424 1449 1483 J
1455 1426 1717 1484 ubilaeum
1747 1435 1932 1483 autem
1954 1434 2247 1498 nequeunt
2273 1445 2305 1482 a
2330 1427 2556 1487 casibus

367 1522 458 1580 his
487 1523 804 1591 absolvere,
833 1524 931 1595 qui
956 1523 1265 1598 specialem
1295 1525 1364 1582 ab
1385 1525 1675 1601 episcopis
1702 1525 1927 1584 veniam
1956 1542 2071 1582 non
2118 1521 2557 1600 impetrarunt;⁴

367 1641 476 1680 nec
495 1623 649 1681 enim
671 1639 834 1679 mens
855 1633 944 1680 est
957 1623 1278 1691 Pontificis,
1297 1624 1550 1700 generali
1572 1624 1667 1682 illa
1682 1623 1963 1691 facultate,
1988 1623 2047 1682 id
2067 1622 2379 1700 indulgere,
2404 1624 2558 1696 quod

371 1721 684 1780 infirmaret
705 1721 1112 1798 episcoporum
1139 1730 1361 1779 statuta.

448 1823 550 1878 48.
593 1821 896 1879 Absolutio
923 1819 1050 1878 data
1075 1831 1330 1896 tempore
1369 1820 1597 1880 Jubiloei
1636 1821 1855 1880 homini
1883 1821 1986 1878 rite
2012 1818 2312 1898 disposito,
2342 1823 2557 1894 quique

371 1919 494 1976 vult
517 1937 651 1978 eum
677 1919 975 1992 consequi,
1003 1921 1150 1980 tollit
1175 1938 1472 1986 censuras,
1495 1921 1630 1978 licet
1654 1921 1945 1997 contingat
1966 1919 2120 1978 hunc
2146 1918 2553 1997 indulgentiam

373 2037 492 2077 non
516 2020 746 2088 lucrari,
765 2019 840 2076 ob
865 2019 1112 2090 aliquem
1155 2018 1458 2086 defectum,
1500 2019 1592 2076 vel
1630 2020 1944 2078 incuriam:
1988 2037 2122 2077 nam
2162 2020 2343 2076 semel
2381 2020 2559 2078 ablata

375 2136 614 2176 censura
631 2137 748 2176 non
772 2118 938 2184 redit,
959 2119 1070 2176 nisi
1089 2119 1187 2194 jus
1209 2135 1437 2194 poenam
1461 2127 1683 2186 statuat,
1703 2135 1874 2189 quam
1898 2129 2103 2176 vocant
2130 2117 2555 2184 reincidentiae,

376 2235 504 2290 quae
531 2217 644 2275 hoc
669 2234 802 2274 casu
829 2217 1009 2274 deest.

451 2319 552 2374 49.
595 2317 663 2374 In
693 2318 890 2374 mortis
917 2316 1152 2374 articulo
1192 2325 1236 2352 ⁴⁶
1259 2331 1460 2376 omnes
1488 2315 1813 2374 sacerdotes
1842 2315 2125 2387 quoslibet
2153 2317 2491 2393 poenitentes
2520 2337 2553 2374 a

373 2416 670 2487 quibusvis
690 2416 938 2490 peccatis
959 2423 1016 2472 et
1033 2416 1290 2474 censuris
1307 2415 1599 2474 absolvere
1616 2413 1919 2491 possunt.”
1932 2407 1953 2440 ⁵
1992 2417 2141 2473 Sunt
2158 2417 2255 2487 qui
2277 2415 2332 2472 id
2355 2417 2557 2474 intelli-

373 2522 532 2590 gunt,
551 2522 830 2587 quatenus
851 2533 1087 2572 necesse
1109 2515 1182 2571 sit
1201 2513 1272 2572 ad
1291 2523 1643 2583 sacramenta
1658 2513 2045 2589 suscipienda.
2088 2513 2154 2572 Id
2172 2514 2402 2585 quidem
2424 2534 2559 2573 con-

375 2614 798 2681 stat,absolutos
823 2604 972 2672 in²eo
995 2612 1322 2672 discrimine
1343 2615 1544 2680 teneri,
1564 2614 1613 2670 si
1631 2613 1932 2680 evaserint,
1954 2631 2015 2670 se
2037 2613 2239 2670 sistere
2258 2615 2558 2688 superiori,

377 2713 484 2771 sub
513 2732 684 2789 poena
709 2712 939 2771 easdem
967 2731 1236 2770 censuras
1263 2713 1466 2770 iterum
1503 2702 1930 2778 contrahendi,⁶
1954 2720 2012 2769 et
2036 2711 2239 2769 debere
2270 2713 2559 2788 juramen·

378 2822 500 2871 tum
523 2812 596 2870 de
623 2831 694 2870 eo
711 2811 1058 2883 exequendo
1083 2812 1362 2878 emittere,
1385 2811 1583 2869 saltem
1614 2830 1721 2888 pro
1748 2811 1872 2868 foro
1900 2809 2135 2868 externo
2158 2802 2207 2867 :⁷
2246 2818 2286 2846 ‘⁶
2309 2829 2412 2886 pro
2438 2811 2561 2872 foro

373 2912 596 2970 interno
623 2911 818 2970 dicunt
843 2910 1108 2973 sufficere
1135 2902 1676 2986 promissionem.”⁸
1734 2910 1801 2968 Si
1828 2909 1977 2967 adsit
2000 2911 2331 2987 episcopus,
2361 2912 2559 2984 nequit

379 3009 644 3067 sacerdos
673 3010 973 3068 absolvers
1011 3029 1044 3068 a
1083 3010 1340 3068 censuris
1381 3010 1657 3084 episcopo
1696 3010 2015 3075 reservatis,
2045 3009 2177 3081 quia
2204 3009 2472 3085 obligatio
2500 3029 2561 3066 se

377 3109 652 3186 episcopo
679 3109 1100 3184 quamprimum
1129 3107 1386 3175 sistendi,
1409 3108 1707 3183 poenitenti
1744 3107 2091 3182 imponenda
2116 3118 2237 3166 est:
2279 3126 2403 3181 quae
2430 3127 2559 3184 pro-

379 3207 510 3266 inde
535 3207 828 3283 implenda
853 3217 942 3264 est
963 3209 1177 3276 statim,
1208 3208 1335 3282 ipso
1363 3201 1699 3284 praesenoe.⁹
2172 3261 2179 3266 .

457 3301 561 3364 50.’
600 3304 860 3365 Censura
885 3326 1001 3365 non
1029 3315 1214 3366 cessat
1251 3307 1376 3364 sola
1413 3308 1493 3365 rei
1535 3306 1886 3382 poenitentia,
1930 3324 2103 3379 quum
2144 3307 2299 3364 enim
2326 3309 2565 3366 auctori·

379 3414 490 3463 tate
517 3405 800 3465 Ecclesiae
826 3406 1121 3483 irrogetur,
1150 3406 1220 3463 ab
1247 3424 1316 3462 ea
1341 3405 1583 3472 tollatur,
1606 3423 1845 3490 necesse
1872 3415 1975 3461 est.
1990 3400 2039 3433 ¹⁰
2092 3404 2250 3463 Hinc
2280 3405 2570 3464 damnavit

377 3504 704 3563 Alexander
740 3505 878 3563 V11.
921 3504 1068 3563 hanc
1110 3505 1563 3581 propositionem
1588 3523 1603 3560 t
1662 3511 1699 3538 ‘⁶
1722 3502 1931 3568 Quoad
1968 3503 2155 3560 forum
2198 3505 2563 3562 conscientiae

385 3623 484 3662 reo
510 3613 764 3662 correcto
790 3605 1032 3682 ejusque
1061 3603 1418 3662 contumacia
1445 3611 1729 3668 cessante,
1758 3610 1983 3658 cessant
2010 3601 2329 3658 censurae.”

458 3708 556 3760 51.
599 3703 898 3762 Absolutio
923 3723 958 3761 a
981 3721 1224 3762 censura
1251 3703 1398 3760 valet
1437 3700 1785 3774 quibuslibet
1812 3700 2019 3767 verbis,
2050 3718 2176 3771 quae
2218 3719 2343 3757 earn
2372 3701 2561 3776 expri-

455 3919 536 3982 (1)
579 3915 700 3966 vide
721 3909 920 3966 Buua'm
949 3915 1134 3967 σφω.
1169 3918 1215 3974 §-
1247 3914 1360 3964 Non
1385 3910 1699 3964 obstantibus
1712 3933 1731 3961 .-
1782 3919 1831 3960 et
1866 3912 2037 3960 decret.
2074 3912 2218 3960 Alex.
2254 3910 2336 3960 vii.
2380 3911 2459 3960 die
2504 3915 2569 3960 23

383 4001 550 4050 Martii
577 4003 724 4050 1666.

463 4088 548 4152 (2)
587 4085 708 4147 Reg.
729 4086 835 4136 Jur.
858 4085 1014 4134 lxxxi.
1036 4084 1089 4134 in
1114 4086 1162 4132 6.
1627 4083 1712 4148 (3)
1753 4080 1805 4129 S.
1828 4080 1978 4144 Alph.
2002 4081 2035 4130 l.
2058 4079 2138 4130 vii.
2160 4087 2211 4129 ni
2233 4080 2301 4130 iii.

452 4173 538 4237 (4)
585 4170 706 4220 Vide
729 4171 873 4234 Ptop.
895 4169 980 4220 xii.
1003 4169 1136 4219 inter
1158 4168 1426 4218 damnatas
1449 4165 1513 4217 ab
1537 4164 1681 4216 Alex.
1716 4166 1822 4214 VII.

451 4259 536 4322 (5)
577 4256 718 4305 Oonc
739 4256 874 4319 Trid.
899 4256 1028 4304 Sess-
1052 4255 1151 4304 xiv.
1175 4271 1217 4302 c.
1243 4253 1322 4302 vii.
1350 4251 1409 4302 de
1433 4252 1542 4303 Sac-
1569 4252 1755 4302 Poenit.

451 4342 538 4405 (6)
577 4340 700 4404 Cep.
723 4341 844 4390 xxii.
865 4340 926 4391 de
946 4344 1071 4392 sent.
1090 4354 1271 4390 excom.
1294 4337 1348 4386 in
1371 4339 1418 4384 6.
1625 4340 1711 4404 (7)
1752 4336 1876 4400 Gap.
1894 4336 2015 4387 lviii.
2036 4335 2097 4388 de
2110 4341 2233 4388 sent.
2255 4349 2435 4387 excom.

450 4426 536 4492 (8)
575 4424 629 4474 S.
652 4425 802 4489 Alph.
823 4425 856 4474 1.
878 4425 959 4474 vii.
983 4440 1032 4473 n.
1057 4426 1139 4473 92.
1237 4485 1240 4492 Ι
1628 4423 1715 4489 (9)
1755 4421 1953 4471 Ibidem.

454 4512 574 4576 (10)
615 4508 738 4574 Cap.
759 4509 894 4560 xviii.
917 4509 976 4562 de
991 4513 1117 4560 sent.
1139 4523 1322 4560 excom.
1930 4522 1939 4532 ·
