3117 5217
775 578 890 638 DE
932 578 1040 639 118
1081 578 1284 647 QUAE
1327 581 1701 642 DOMINIO
1744 582 2266 643 SUBJAGENT.
2533 589 2611 643 33

429 756 640 828 absque
681 722 1017 833 gravissimo
1055 758 1145 815 sui
1187 755 1518 815 discrimine
1557 756 1683 815 fieri
1734 758 1950 832 possit:
1993 775 2126 815 nam
2170 774 2273 814 eos
2314 755 2614 815 retinendo

428 854 696 931 injuriam
723 858 1140 914 continuarent.
2155 913 2163 921 ,

511 957 603 1012 13.
650 954 804 1020 Quid
830 954 1139 1013 dicendum
1165 953 1236 1011 de
1275 956 1457 1013 servis
1497 955 1597 1027 qui
1632 953 1767 1031 fuga
1806 974 1869 1012 se
1910 954 2273 1031 proripiunt?
2318 952 2613 1025 Equidem

427 1054 734 1113 concilium
763 1053 1123 1131 Gangrense‚
1165 1054 1441 1111 intentato
1481 1052 1856 1122 anathemate,
1884 1054 2063 1111 vetuit
2102 1063 2143 1089 ‘⁶
2164 1074 2237 1112 ne
2265 1054 2396 1129 quis
2426 1053 2615 1112 alieno

427 1169 594 1209 servo
619 1152 854 1210 suadeat
881 1154 1258 1212 ministerium
1287 1152 1506 1210 domini
1545 1153 1636 1209 sui
1676 1145 2030 1210 deserere.”¹
2116 1154 2287 1219 Quod
2313 1157 2364 1214 si
2394 1170 2614 1219 servus,

427 1250 586 1308 nullo
613 1251 908 1320 suadente,
937 1252 1148 1329 fugerit
1172 1252 1233 1309 in
1261 1252 1484 1310 Statum
1525 1268 1629 1309 seu
1670 1252 2026 1327 provinciam
2066 1251 2323 1323 liberam,
2354 1271 2429 1311 ex
2456 1250 2615 1309 Con·

427 1351 742 1408 stitutionis
774 1352 1128 1409 Americanae
1168 1351 1492 1407 auctoritate
1532 1350 1740 1408 retrahi
1782 1344 2021 1426 potest-²
2100 1352 2166 1409 si
2207 1364 2392 1411 autem
2421 1351 2612 1418 lateat,

423 1459 483 1505 et
509 1447 580 1504 ad
625 1467 850 1507 sacrum
881 1448 1126 1508 tribunal
1167 1447 1413 1516 accedat,
1456 1459 1689 1525 peccata
1720 1450 2050 1526 deponendi
2088 1470 2281 1519 causa,
2320 1470 2436 1509 non
2462 1450 2617 1507 vide-

431 1556 520 1603 tur
559 1547 758 1622 repelli
799 1566 970 1625 posse
1013 1549 1086 1605 ob
1127 1547 1476 1605 voluntatem
1517 1566 1833 1621 numquam
1874 1549 2193 1607 revertendi
2235 1549 2307 1607 ad
2349 1540 2615 1607 herumz³

423 1664 554 1703 nam
579 1664 766 1723 poenae
795 1657 980 1705 metus
1009 1646 1150 1705 adeo
1177 1656 1268 1704 est
1304 1647 1516 1724 graviS,
1545 1656 1611 1705 ut
1650 1665 1820 1706 nemo
1857 1657 2133 1716 teneatur,
2160 1668 2291 1707 cum
2331 1656 2483 1706 tanto
2524 1646 2615 1704 sui

425 1743 774 1814 discrimine,
828 1745 900 1803 ad
950 1747 1249 1823 pristinam
1301 1747 1692 1805 conditionem
1737 1748 1978 1805 reverti:
2033 1758 2408 1823 praeterquam
2460 1744 2614 1818 quod

423 1842 694 1903 libertatis
723 1844 1090 1924 dispendium
1116 1846 1348 1905 nonnisi
1375 1866 1450 1905 ex
1469 1847 1805 1904 necessitate
1832 1849 2136 1919 quisquam
2159 1858 2457 1905 censeatur
2475 1846 2611 1922 pati,

428 1946 740 2018 praesertim
771 1964 949 2018 quum
978 1945 1133 2003 nullo
1159 1945 1249 2003 sui
1281 1956 1407 2003 actu
1447 1944 1589 2003 illud
1619 1945 1886 2013 amiserit,
1930 1945 2030 2003 sed
2060 1965 2135 2004 ex
2174 1946 2456 2022 majorum
2484 1963 2615 2002 suo·

425 2060 550 2099 rum
579 2044 918 2102 calamitate.
1002 2044 1198 2102 Servis
1237 2063 1312 2102 ex
1339 2044 1474 2103 belli
1513 2054 1721 2101 eventu
1748 2046 1799 2103 si
1827 2044 2078 2121 fugerint
2102 2046 2175 2103 ad
2200 2064 2359 2112 suos,
2386 2045 2609 2102 liberta·

424 2151 537 2199 tem
581 2143 774 2202 tribuit
809 2144 909 2220 jus
953 2143 1117 2201 civile
1135 2135 1183 2211 3⁴
1221 2144 1372 2201 sicut
1411 2152 1468 2201 et
1504 2144 1691 2201 servis
1733 2144 2059 2203 christianis
2104 2162 2345 2216 quorum
2392 2144 2611 2201 domini

387 2238 633 2331 judaei,
663 2242 754 2299 vel
778 2244 1007 2319 pagani,
1038 2242 1129 2299 vel
1155 2242 1404 2301 haeretici
1431 2242 1638 2311 forent,
1665 2252 1725 2299 et
1762 2244 1933 2301 etiam
1960 2243 2285 2301 infidelibus
2314 2244 2414 2314 qui
2442 2240 2615 2298 fidem

430 2337 819 2398 Christianam
860 2342 1332 2417 amplecterentur
1351 2335 1401 2399 :⁵
1438 2341 1542 2400 sed
1582 2342 1805 2419 legibus
1847 2343 2055 2401 nostris
2096 2352 2291 2399 manet
2326 2340 2615 2399 servitutis

429 2438 742 2508 vinculum,
771 2440 990 2512 quoties
1019 2458 1218 2499 servus
1259 2440 1425 2499 fuerit
1461 2460 1537 2516 eg
1578 2440 1713 2517 fuga
1749 2450 2042 2510 retractus,
2071 2441 2161 2498 vel
2186 2442 2247 2499 in
2275 2442 2459 2499 aliena
2486 2456 2615 2515 pro-

431 2537 621 2594 vincia
645 2536 920 2596 detectus.

513 2638 607 2692 14.
651 2636 712 2694 N
715 2638 1047 2695 ovissimum
1089 2646 1397 2703 auctorem,
1429 2635 1713 2704 Carriere,
1744 2636 1943 2703 secuti,
1972 2634 2043 2693 de
2083 2635 2339 2694 dominio
2365 2636 2619 2693 hominis

431 2733 491 2789 in
518 2736 731 2811 proprii
757 2737 972 2813 ingenii
999 2735 1170 2793 foetus
1197 2754 1380 2811 pauca
1405 2734 1673 2793 duximus
1710 2733 1974 2793 dicenda.
2058 2732 2431 2791 Manifestum
2460 2732 2614 2789 vide-

428 2842 518 2889 tur
543 2834 688 2892 nihil
708 2853 836 2893 esse
858 2835 1042 2912 magis
1065 2835 1356 2911 proprium
1383 2834 1690 2911 cujuslibet
1716 2850 1887 2907 quam
1908 2852 2035 2913 quai
2056 2851 2163 2892 suo
2188 2833 2422 2909 ingenio
2444 2850 2617 2909 pepe·

423 2931 529 2988 rit:
561 2933 828 3007 ideoque,
856 2935 1028 2992 etiam
1055 2936 1308 3010 seposita
1326 2934 1453 3010 lege
1482 2934 1657 3003 civili,
1681 2935 1749 2991 ab
1772 2934 1896 2991 aliis
1917 2933 2131 3007 absque
2152 2932 2431 3009 injustitia
2448 2951 2611 2990 usur·

421 3032 542 3105 pari
559 3042 869 3105 nequeunt.
912 3033 1028 3099 Qui
1050 3032 1218 3108 igitur
1234 3051 1353 3090 rem
1374 3034 1441 3089 ab
1456 3029 1569 3089 alio
1588 3034 1896 3100 inventam,
1918 3045 2144 3091 auctore
2166 3033 2365 3100 invito,
2394 3032 2607 3109 publici

419 3130 567 3205 juris
596 3132 749 3200 facit,
781 3141 842 3190 ut
880 3132 1176 3190 utilitatem
1208 3130 1341 3190 inde
1383 3131 1494 3188 sibi
1537 3140 1847 3208 comparet,
1880 3142 2099 3189 tenetur
2140 3132 2209 3189 ad
2236 3133 2371 3189 satis
2400 3131 2608 3188 sacien-

429 3228 563 3289 dum
593 3232 830 3300 auctori,
861 3232 1018 3289 lucro
1045 3230 1356 3289 reddend0.
1412 3230 1528 3297 Qui
1555 3230 1811 3289 codicem
1841 3250 2011 3289 manu
2040 3232 2311 3307 scriptum
2339 3232 2398 3289 in
2425 3231 2616 3287 lucem

429 3327 562 3397 edit,
591 3338 818 3388 auctore
847 3332 1054 3407 pariter
1079 3330 1278 3397 invite,
1306 3329 1474 3388 debet
1510 3330 1754 3399 lucrum,
1784 3331 1834 3387 si
1874 3329 2029 3404 quod
2064 3330 2198 3389 inde
2226 3330 2531 3397 derivetur,
2559 3330 2613 3385 ei

427 3444 714 3503 praestare.
801 3427 1089 3488 Gaeterum
1130 3432 1230 3503 qui
1271 3428 1509 3509 negligit
1548 3449 1617 3488 ea
1659 3430 1843 3487 facere
1896 3450 2023 3504 quae
2049 3430 2175 3506 lege
2224 3430 2528 3506 exiguntur
2553 3438 2617 3484 ut

420 3528 518 3603 jus
544 3538 604 3586 et
628 3527 992 3606 privilegium
1017 3530 1127 3587 sibi
1171 3530 1262 3599 sit,
1292 3529 1382 3587 vel
1419 3548 1510 3587 res
1538 3550 1573 3587 a
1612 3548 1674 3587 se
1716 3530 1974 3588 inventas
2004 3528 2313 3595 vendendi,
2344 3528 2435 3584 vel
2473 3544 2611 3583 suos

499 3746 583 3811 (l)
625 3743 750 3809 Cap.
776 3745 969 3814 Siquis
988 3762 1200 3797 servum.
1229 3749 1304 3805 17,
1327 3762 1408 3809 qu.
1426 3748 1474 3794 4.

501 3831 585 3895 (2)
627 3828 961 3881 constitution
983 3830 1040 3879 of
1052 3831 1134 3880 the
1151 3830 1334 3880 United
1356 3830 1628 3889 States,art.
1647 3828 1713 3877 iv·
1734 3831 1779 3886 §-
1797 3826 1847 3876 ii.
1890 3824 1969 3894 Of
1968 3824 2199 3893 fugitive
2217 3824 2400 3877 Slaves.
2434 3826 2609 3891 Nuper

427 3910 480 3960 in
502 3912 740 3976 Suprema
761 3914 894 3964 curia
932 3914 1162 3965 Statuum
1196 3914 1530 3963 foederatorum
1564 3911 1782 3960 decisum
1822 3916 1896 3959 est
1932 3911 2063 3972 leges
2084 3926 2115 3959 a
2134 3910 2337 3959 coetibus
2380 3909 2611 3961 Statuam

428 3996 727 4058 singulorum
747 3999 809 4047 de
829 4000 1084 4064 mancipiis
1097 4000 1214 4060 fuga
1229 3997 1403 4061 elapsis
1426 3997 1561 4056 latas,
1583 3995 1739 4045 irritas
1760 4011 1879 4055 esse,
1895 4011 2048 4059 quum
2070 4010 2133 4043 ex
2153 3993 2513 4044 Constitutione
2534 4010 2617 4043 eas

428 4078 607 4130 ferendi
642 4089 854 4145 pooestas
893 4083 1192 4145 Congressui
1225 4080 1495 4131 conveniat.
1590 4081 1801 4131 Edward
1835 4081 1985 4143 Prigg
2015 4097 2061 4131 v.
2099 4077 2522 4129 Commonwealth
2557 4080 2615 4127 of

432 4164 806 4230 Pemisylvania,
826 4169 939 4218 Jan.
965 4170 1111 4217 1842.

503 4252 587 4315 (3)
626 4252 752 4301 Vide
775 4251 1002 4303 Lessium
1024 4253 1084 4302 dc
1105 4250 1304 4301 Iustitia
1326 4256 1376 4299 et
1397 4250 1531 4311 Jure,
1558 4268 1597 4299 s.
1620 4252 1652 4300 i.
1675 4266 1717 4301 c.
1739 4267 1785 4300 v.
1810 4250 1941 4300 Dub.
1964 4266 2009 4297 v.

495 4335 580 4401 (4)
621 4339 666 4394 ς.
690 4336 813 4385 Item
835 4352 906 4386 ea.
929 4336 1084 4386 Instit.
1108 4335 1166 4387 de
1187 4351 1362 4385 rerum
1385 4333 1530 4385 divis.

499 4420 583 4485 (5)
621 4418 681 4469 L.
705 4419 814 4469 Deo
836 4421 989 4481 nobis,
1013 4424 1097 4470 56.
1120 4437 1162 4471 c.
1186 4419 1244 4471 de
1261 4418 1504 4487 episcopis
1524 4423 1573 4471 et
1596 4418 1793 4471 clericis.
