3117 5217
633 576 754 631 222
1403 572 1518 631 DE
1561 568 2025 629 ORATIONE.

643 740 960 805 secundum
999 744 1538 819 apprehensionem,
1580 752 1639 801 et
1676 760 1783 819 per
1818 758 2179 814 consequens
2224 740 2539 801 secundum
2578 740 2786 803 affectio·

643 862 798 903 nem.
863 841 1032 901 Unde
1051 836 1412 919 'Augustinus
1437 842 1579 901 dicit
1602 842 1671 900 ad
1700 841 1979 900 Probam:
2024 841 2177 914 quod
2204 842 2395 899 verbis
2414 851 2473 899 et
2496 841 2615 897 aliis
2638 839 2787 915 signis

645 942 716 1001 ad
741 940 1060 1018 augendum
1091 940 1434 999 desiderium
1473 950 1755 1009 sanctum,
1782 958 1889 997 nos
1930 940 2087 1016 ipsos
2128 940 2317 999 acrius
2352 938 2688 999 excitamus”

649 1050 688 1077 “
711 1039 986 1107 secundo,
1016 1039 1338 1117 adjungitur
1363 1041 1575 1099 vocalis
1602 1040 1802 1107 orati0,
1831 1039 1997 1110 quasi
2026 1038 2095 1097 ad
2122 1038 2507 1098 redditionem
2532 1038 2720 1096 debiti:
2742 1042 2791 1091 ut

647 1138 868 1197 scilicet
891 1138 1066 1221 homo
1093 1139 1222 1197 Deo
1249 1141 1454 1197 serviat
1477 1137 1793 1198 secundum
1820 1137 1962 1195 illud
1996 1146 2177 1196 totum
2202 1138 2361 1211 quod
2388 1158 2463 1197 ex
2489 1137 2611 1195 Deo
2634 1136 2787 1199 habet,

648 1236 708 1295 id
734 1248 838 1306 est,
870 1256 984 1295 non
1013 1239 1198 1295 solum
1239 1248 1449 1306 mente,
1493 1237 1615 1297 sed·
1638 1239 1804 1296 etiam
1834 1255 2107 1312 corpore;
2152 1238 2309 1309 quod
2352 1236 2633 1314 praecipue
2666 1252 2791 1291 com-

651 1337 792 1413 petit
817 1338 1081 1404 orationi,
1111 1336 1422 1396 secuudum
1453 1336 1607 1410 quod
1634 1346 1725 1394 est
1748 1332 2215 1395 satisfactoria.”¹

735 1439 827 1493 15.
871 1437 1146 1503 Attentio,
1189 1454 1314 1507 quoe
1343 1443 1484 1495 actu
1523 1436 1704 1503 durat,
1744 1454 1861 1493 non
1902 1436 2207 1507 requiritur
2246 1434 2323 1491 ad
2368 1434 2631 1492 orationis
2665 1430 2788 1494 vim;

651 1533 754 1595 sed
780 1534 949 1593 debet
973 1535 1216 1609 quisque
1243 1545 1496 1593 oraturus
1536 1541 1785 1593 mentem
1826 1534 1886 1591 in
1913 1534 2105 1592 Deum
2134 1533 2407 1610 dirigere,
2448 1542 2505 1590 et
2528 1530 2651 1589 duni
2676 1536 2790 1593 orat,

651 1634 779 1710 ojus
833 1636 1212 1710 evagationes,
1265 1644 1538 1707 quantum
1583 1634 1751 1701 valet,
1798 1632 2086 1691 cohibere.
2172 1640 2213 1667 ‘⁶
2234 1630 2357 1691 Est
2400 1640 2580 1690 autem
2624 1628 2795 1705 triplex

653 1732 890 1791 effectus
917 1734 1208 1791 orationis.
1251 1733 1480 1791 Primus
1509 1732 1742 1805 quidem
1768 1732 2091 1790 communis
2118 1732 2393 1791 omnibus
2414 1731 2623 1788 actibus
2646 1726 2795 1785 ehari-

651 1840 762 1889 tate
789 1831 1122 1899 informatiS,
1151 1831 1302 1904 quod
1331 1842 1418 1890 est
1443 1833 1669 1890 mereri.
1751 1832 1832 1889 Et
1870 1830 1937 1889 ad
1968 1832 2121 1889 hunc
2156 1830 2432 1891 effectum
2474 1847 2587 1889 non
2622 1844 2687 1885 ex
2720 1842 2795 1881 ne·

653 1931 916 1987 cessitate
955 1931 1256 2001 requiritur
1295 1930 1448 2001 quod
1485 1932 1717 1989 attentio
1756 1929 1903 1987 adsit
1940 1932 2183 1989 orationi
2209 1948 2333 2007 «per
2357 1937 2573 1987 totum:
2612 1924 2703 1984 sed
2726 1923 2796 1979 vis

652 2026 850 2102 primae
878 2028 1226 2094 intentionis,
1256 2046 1366 2099 qua
1393 2030 1600 2101 aliquis
1628 2029 1698 2086 ad
1733 2029 2011 2087 orandum
2038 2029 2273 2096 accedit,
2302 2027 2493 2086 reddit
2516 2034 2673 2085 totam
2698 2040 2796 2080 ora·

650 2124 862 2183 tionem
891 2126 1257 2194 meritoriam,
1285 2128 1434 2213 sicut
1459 2129 1516 2186 in
1547 2129 1672 2187 aliis
1701 2129 2001 2185 meritoriis
2023 2130 2239 2186 actibus
2261 2126 2491 2185 accidit.
2533 2120 2794 2183 Secundus

655 2234 842 2283 autem
883 2224 1118 2283 effectus
1159 2228 1431 2285 orationis
1465 2236 1553 2285 est
1593 2226 1873 2303 proprius,
1914 2226 2072 2298 quod
2110 2237 2198 2284 est
2234 2227 2563 2302 impetrare.
2640 2222 2709 2281 Et
2742 2216 2797 2275 ad

653 2321 808 2381 hunc
835 2323 1100 2381 effectum
1127 2324 1340 2383 sufficit
1362 2328 1546 2401 prima
1572 2326 1829 2392 intenti0,
1858 2343 2029 2397 quem
2058 2325 2217 2384 Deus
2244 2324 2632 2402 principaliter
2652 2328 2796 2378 atten-

655 2418 754 2476 dit.
839 2421 905 2477 Si
943 2429 1130 2479 autem
1177 2423 1362 2498 prima
1403 2425 1643 2483 intentio
1691 2423 1857 2491 desit,
1902 2426 2081 2483 oratio
2108 2443 2215 2483 nec
2259 2424 2551 2483 meritoria
2582 2430 2676 2488 est,
2712 2433 2796 2475 nee

653 2518 1040 2594 impeti-stiva:
1084 2519 1236 2579 illam
1265 2523 1420 2581 enim
1447 2524 1758 2581 orationem
1800 2521 1963 2581 Deus
2000 2542 2117 2581 non
2144 2521 2320 2589 audit,
2348 2523 2448 2581 cui
2472 2522 2565 2580 ille
2590 2520 2680 2593 qui
2704 2522 2801 2575 orat

657 2635 774 2675 non
801 2618 1072 2686 intendit3
1115 2629 1180 2677 ut
1205 2620 1518 2698 Gregorius
1559 2622 1712 2679 dicit.
1795 2621 2029 2680 Tertius
2070 2629 2255 2679 autem
2294 2621 2539 2681 effectus
2564 2614 2799 2677 orationis

658 2728 764 2784 est,
793 2734 961 2790 quem
1005 2721 1432 2793 praesentialiter
1457 2720 1649 2788 efficit,
1691 2720 1911 2779 scilicet
1950 2720 2209 2794 quoedam
2250 2720 2565 2795 spiritualis
2602 2714 2799 2775 refectio

657 2818 885 2874 mentis.
967 2816 1052 2875 Et
1075 2816 1144 2875 ad
1173 2817 1282 2875 hoc
1307 2818 1378 2875 de
1404 2819 1741 2876 necessitate
1766 2820 2071 2891 requiritur
2096 2820 2155 2877 in
2184 2820 2443 2877 oratione
2471 2816 2717 2876 attentio:
2750 2818 2801 2869 ut

658 2913 863 2971 dicitur
894 2919 919 2971 1
955 2913 1220 2972 Corinth.
1250 2918 1369 2974 xiv.
1415 2926 1431 2951 ‘
1454 2918 1520 2975 Si
1545 2935 1704 2975 orem
1746 2916 1959 2994 lingua,
2000 2937 2163 2977 mens
2188 2936 2317 2975 mea
2340 2920 2473 2977 sine
2498 2918 2667 2975 fructu
2692 2908 2797 2969 est!

657 3010 971 3071 Sciendum
1001 3021 1211 3082 tamen,
1241 3016 1394 3087 quod
1425 3016 1631 3092 triplex
1666 3028 1755 3073 est
1796 3003 2055 3085 attentio,
2074 3036 2201 3089 quae
2242 3018 2491 3075 orationi
2517 3012 2685 3073 vocali
2722 3027 2801 3085 po·

657 3118 768 3167 test
793 3111 1081 3169 adhiberi:
1123 3132 1238 3170 una
1264 3114 1492 3187 quidem
1521 3134 1633 3186 qua
1672 3116 1975 3173 attenditur
2012 3115 2083 3173 ad
2108 3118 2299 3182 verba,
2328 3136 2405 3173 ne
2432 3114 2634 3189 aliquis
2657 3112 2711 3168 in
2732 3108 2801 3165 eis

655 3218 839 3263 erret:
881 3208 1151 3275 secunda,
1181 3229 1292 3281 qus
1317 3210 1620 3269 attenditur
1644 3214 1712 3271 ad
1754 3232 1985 3273 sensum
2028 3214 2362 3271 verborum:
2410 3214 2587 3279 tertia,
2616 3228 2719 3284 qua
2740 3214 2801 3265 at·

659 3304 906 3363 tenditur
943 3306 1014 3362 ad
1050 3307 1224 3365 finem
1271 3310 1563 3377 orationis,
1592 3313 1815 3369 scilicet
1852 3312 1923 3370 ad
1964 3313 2177 3379 Deum,
2224 3313 2391 3370 etad
2432 3331 2555 3371 rem
2580 3328 2677 3387 pro
2709 3322 2803 3379 qua

657 3413 864 3472 oratur,
893 3424 1018 3477 quae
1047 3406 1280 3479 quidem
1307 3418 1396 3465 est
1419 3410 1677 3491 maxime·
1696 3413 2035 3469 necessaria.
2104 3412 2185 3469 Et
2219 3412 2365 3469 hanc
2392 3407 2567 3469 etiam
2593 3409 2803 3485 possunt

553 3549 561 3553 -
656 3505 862 3563 habere
891 3505 1097 3563 idiotae.
1182 3506 1263 3564 Et
1288 3508 1627 3581 quandoque
1652 3509 1709 3567 in
1744 3519 1959 3567 tantum
1998 3510 2245 3568 abundat
2282 3510 2409 3568 haec
2434 3510 2684 3572 intentio,
2710 3521 2801 3576 qua

655 3624 818 3665 mens
847 3606 1018 3665 fertur
1043 3608 1100 3664 in
1129 3605 1341 3675 Deum,
1367 3618 1432 3666 ut
1457 3610 1627 3665 etiam
1670 3609 1929 3665 omnium
1970 3608 2208 3667 aliorum
2248 3610 2639 3673 obliviscamr3
2676 3604 2801 3661 sicut

661 3706 796 3764 dicit
825 3707 1003 3783 Hugo
1029 3706 1100 3765 de
1127 3706 1192 3763 S.
1223 3702 1555 3765 Victore.”²

745 3809 836 3862 16.
881 3806 1213 3865 Orationem
1261 3805 1603 3873 diuturnam,
1642 3823 1717 3862 ex
1759 3805 2084 3863 vehementi
2126 3804 2411 3863 desiderio
2452 3817 2509 3863 et
2546 3798 2801 3862 charitatis

661 3903 866 3961 affectu
908 3906 1358 3978 provenientem,
1386 3903 1767 3971 commendat,
1811 3913 1945 3979 post
1988 3906 2396 3980 Augustinum,
2440 3904 2504 3961 S.
2549 3901 2801 3960 Thomas,

659 4000 1050 4061 difficultatem
1095 4023 1170 4061 ex
1224 4002 1444 4061 Christi
1484 4003 1691 4071 verbis,
1732 4020 1805 4059 ne
1844 4003 2081 4061 multum
2121 4004 2423 4076 loquamur
2458 4000 2685 4065 orando,
2734 3994 2802 4050 sic

657 4099 922 4159 solvens:
970 4108 1007 4135 ‘⁶
1031 4102 1194 4160 Sicut
1232 4103 1586 4179 Augustinus
1628 4100 1766 4159 dicit
1804 4102 1873 4159 ad
1915 4100 2182 4169 Probam,
2226 4110 2241 4137 ⁸
2264 4121 2381 4160 non
2420 4110 2507 4163 est
2530 4100 2639 4157 hoc
2662 4107 2800 4153 orare

657 4202 717 4259 in
746 4196 1124 4270 multiloquio,
1153 4200 1204 4256 si
1229 4199 1442 4259 diutius
1469 4210 1677 4259 oretur.
1738 4200 1909 4258 Aliud
1936 4212 2025 4258 est
2046 4218 2241 4259 sermo
2268 4200 2499 4268 multus,
2528 4193 2673 4256 aliud
2697 4191 2799 4249 diu·

656 4309 851 4357 turnus
881 4296 1136 4353 affectus,
1223 4298 1376 4356 Nam
1403 4309 1460 4357 et
1502 4300 1573 4357 de
1613 4301 1741 4376 ipso
1781 4299 2036 4359 Domino
2078 4300 2351 4376 scriptum
2391 4307 2497 4365 est,
2524 4292 2670 4369 quod
2694 4306 2801 4367 per·

730 4508 814 4571 (l)
854 4508 902 4553 2.
925 4508 972 4553 2.
995 4520 1078 4568 qu.
1097 4503 1286 4553 lxxxiii..
1309 4510 1394 4553 art.
1415 4504 1502 4553 xii.
1570 4504 1723 4570 Resp.
1986 4506 2071 4571 (2)
2109 4505 2309 4565 Ibidem,
2330 4512 2423 4555 art.
2441 4503 2543 4553 xiii.
2608 4498 2745 4563 Resp-
