3117 5217
522 584 641 639 288
975 577 1090 636 DE
1131 576 1575 637 LIBRORUM
1618 575 2261 636 PROHIBITIONE.

602 750 699 803 53.
754 743 1069 819 Praecipuae
1096 742 1310 801 Indicis
1353 743 1564 821 regulae
1592 750 1742 800 sunt.
1829 750 1867 778 ‘⁶
1896 746 1950 800 1.
1994 742 2154 799 Libri
2193 759 2398 800 omnes
2441 752 2571 799 ante
2609 760 2713 797 an-

520 864 657 903 num
691 846 845 899 1515
873 842 1139 909 damnati,
1168 842 1388 899 etiamsi
1430 844 1491 901 in
1528 840 1726 898 Indice
1767 840 2040 917 descripti
2069 858 2183 898 non
2211 841 2580 917 reperiantur,
2611 839 2718 896 de-

528 943 810 1000 clarantur
838 940 1008 997 vetiti.
1066 946 1126 999 2.
1169 940 1325 998 Libri
1352 958 1555 998 omnes
1584 957 1802 1006 eorum,
1834 940 1932 1012 qui
1959 940 2144 1016 capita
2167 940 2254 997 vel
2285 939 2458 997 duces
2487 940 2722 997 fuerunt

526 1041 937 1105 haereticorum,
979 1040 1215 1098 omnino
1262 1049 1557 1105 vetantur3
1601 1048 1656 1095 et
1700 1038 1870 1096 etiam
1919 1057 2123 1096 omnes
2171 1039 2267 1095 alii
2315 1038 2718 1096 haereticorum

528 1139 657 1196 libri
698 1138 769 1195 de
814 1137 1121 1213 Religione
1166 1146 1503 1204 tractantes3
1546 1137 1734 1195 eaeteri
1780 1146 1967 1194 autem
2018 1137 2416 1195 haereticorum
2461 1135 2719 1212 permitti

526 1245 788 1314 possunt,
816 1236 989 1295 modo
1032 1237 1245 1295 fuerint
1285 1236 1596 1294 examinati
1623 1246 1680 1292 et
1721 1234 2008 1311 probati.”
2093 1240 2150 1292 3.
2194 1237 2614 1311 Scripturarum
2656 1234 2722 1290 in

522 1338 718 1411 lingua
737 1336 1041 1393 vernacula
1063 1335 1233 1393 lectio
1259 1335 1489 1393 nonnisi
1518 1334 1630 1411 piis
1653 1335 1752 1405 qui
1777 1335 2072 1391 utilitatem
2100 1334 2232 1393 inde
2259 1335 2552 1413 percipere
2573 1351 2711 1407 pos-

524 1444 675 1502 sunt,
718 1435 1077 1511 permittitur,
1124 1434 1387 1510 episcopi
1427 1434 1517 1491 vel
1558 1433 1932 1505 inquisiturus
1973 1433 2158 1500 venia,
2207 1433 2421 1509 praevio
2467 1430 2712 1507 parochi

526 1534 872 1592 testimonio.
932 1536 991 1590 4.
1038 1542 1076 1568 “
1099 1532 1339 1601 Lexica,
1370 1532 1832 1599 Concordantiae,
1857 1531 2107 1597 Indices,
2135 1540 2192 1589 et
2213 1533 2324 1589 alia
2351 1529 2712 1608 hujusmodi,

530 1634 589 1691 in
616 1633 825 1704 quibus
852 1650 1001 1708 pene
1029 1631 1173 1689 nihil
1198 1632 1441 1690 auctoris
1478 1630 1729 1688 haeretici
1757 1630 2016 1696 habetur,
2045 1632 2280 1704 probata
2307 1630 2555 1705 permitti
2581 1646 2722 1704 pos·

530 1741 681 1791 sunt.
767 1735 823 1787 5.
866 1720 1026 1789 Libri
1064 1730 1334 1787 obscoena
1367 1739 1666 1787 tractantes
1707 1730 1962 1787 absolute
1984 1729 2393 1804 prohibentur,
2445 1728 2716 1801 quamvis

528 1850 643 1888 non
671 1830 1033 1887 inveniantur
1058 1829 1117 1885 in
1146 1827 1341 1886 Indice
1368 1828 1655 1903 descripti.
1705 1832 1762 1885 6.
1806 1829 2026 1885 Pariter
2052 1836 2310 1886 vetantur
2334 1846 2536 1885 omnes
2561 1826 2716 1893 libri,

532 1938 589 1984 et
614 1928 826 2003 scripta
872 1927 1315 1993 Necromantioe,
1362 1927 1740 1992 Geomantiae‚
1785 1926 2245 2003 Hydromantiae,
2295 1925 2716 2001 Pyromantiae,

534 2025 961 2092 Honomantiae‚
992 2023 1422 2092 Chiromantiae,
1445 2025 1786 2099 Astrologiae
1828 2024 2166 2103 judiciariae,
2195 2035 2253 2082 et
2285 2026 2484 2082 omnia
2509 2024 2620 2082 alia
2663 2024 2728 2081 in

532 2125 739 2197 quibus
778 2124 1138 2181 continentur
1176 2124 1486 2200 sortilegia,
1529 2123 1826 2191 veneficia,
1870 2143 1936 2181 ac
1983 2123 2302 2199 auspicia.'’
2385 2130 2445 2182 7.
2495 2122 2720 2180 Omnes

535 2225 661 2281 libri
688 2224 947 2299 catalogo
988 2225 1282 2298 speciatim
1324 2222 1582 2299 inscripti
1608 2224 1764 2280 vetiti
1804 2231 1967 2289 sunt;
2011 2223 2270 2280 nonnulli
2297 2222 2528 2295 quidem
2556 2222 2723 2278 abso-

542 2324 693 2389 lute3
746 2323 842 2379 alii
888 2321 1069 2379 donee
1116 2328 1551 2398 expurgentur,
1595 2320 1746 2392 quod
1793 2312 2120 2397 intelligitur
2163 2320 2234 2378 de
2281 2340 2432 2379 nova
2472 2320 2724 2378 editione

536 2420 858 2487 emendata,
888 2438 1013 2491 quae
1043 2420 1212 2477 fuerit
1236 2419 1301 2476 S.
1333 2418 1785 2495 Congregationi
1811 2420 2024 2478 lndicis
2069 2420 2317 2495 probata.

616 2522 713 2576 54.
757 2518 879 2576 Sub
906 2519 1501 2577 excommunicatione
1544 2519 1605 2575 in
1631 2519 1798 2577 Bulla
1829 2518 2030 2576 Coenae
2059 2519 2305 2577 Summo
2336 2518 2607 2577 Pontifici
2633 2535 2722 2573 re-

536 2628 774 2685 servata,
806 2618 1135 2693 prohibetur
1158 2618 1423 2676 omnibus
1451 2618 1694 2675 retinere
1723 2618 1812 2675 vel
1851 2619 2040 2693 legere
2069 2619 2252 2675 alibros
2293 2634 2716 2689 quoscumque,

536 2717 604 2773 ab
631 2717 953 2775 auctoribus
981 2726 1260 2775 sectarum
1290 2718 1666 2793 conscriptoS‚
1697 2717 1789 2774 vel
1808 2707 1883 2774 ¹ab
1911 2716 2190 2774 haeretieis
2225 2717 2294 2773 de
2337 2717 2614 2791 religione
2641 2732 2722 2770 ex

535 2815 794 2890 professo
835 2818 1152 2873 tractantes.
1222 2823 1260 2849 ‘⁴
1285 2815 1401 2871 Alii
1430 2814 1560 2871 vero
1597 2817 1703 2871 sub
1731 2834 1898 2890 poena
1925 2815 2553 2881 excommunicationiS,
2583 2830 2714 2885 quae

538 2914 596 2969 in
626 2914 837 2989 regulis
878 2911 1091 2970 Indicis
1113 2912 1468 2987 exprimitur,
1514 2912 1782 2988 prohibiti
1809 2923 1957 2979 sunt,
1989 2932 2114 2985 quae
2154 2926 2344 2972 tamen
2385 2930 2723 2971 excommu-

538 3011 748 3069 nicatio
774 3011 916 3068 nulli
942 3021 1291 3069 reservatur:
1336 3012 1432 3069 alii
1472 3010 1718 3084 denique
1746 3012 1850 3069 sub
1889 3031 2059 3088 poena
2085 3022 2296 3071 tantu‘m
2323 3003 2541 3090 peccati
2569 3030 2722 3069 mor-

539 3110 687 3176 talis,
716 3110 955 3183 aliisque
983 3112 1169 3186 poenis
1198 3110 1423 3168 arbitrio
1446 3112 1708 3187 episcopi
1735 3112 2162 3169 contumacibus
2191 3105 2618 3188 infligendis.”²

620 3211 717 3263 55.
760 3208 797 3264 J
803 3228 892 3265 am
923 3226 1055 3265 vero
1082 3226 1185 3282 pro
1212 3226 1271 3262 re
1299 3208 1591 3283 explorata
1619 3227 1693 3266 cx
1734 3209 1797 3265 S.
1831 3210 2134 3285 Scripturae
2161 3212 2484 3268 auctoritate
2511 3220 2568 3267 et
2593 3227 2725 3285 per-

540 3312 713 3379 petuo
740 3304 1018 3361 Ecclesiae
1046 3323 1173 3372 usu,
1204 3304 1525 3363 habendum
1568 3316 1672 3375 est,
1713 3307 1888 3365 libros
1931 3309 2249 3376 haereticos,
2277 3310 2370 3366 vel
2407 3309 2608 3366 haeresi
2637 3308 2723 3364 in·

540 3402 741 3470 sectos,
760 3404 848 3461 vel
870 3403 1033 3461 bonis
1054 3403 1306 3461 moribus
1328 3404 1711 3474 adversanteS‚
1733 3424 1860 3464 esse
1877 3408 2112 3465 omnino
2132 3426 2163 3464 e
2183 3409 2442 3466 manibus
2463 3407 2721 3465 fidelium

539 3501 937 3560 eliminandos
1022 3501 1313 3575 Equidem
1366 3522 1545 3576 quum
1597 3506 1902 3577 unicuique
1946 3524 2018 3563 ex
2064 3506 2345 3565 Ecclesiae
2391 3507 2720 3564 auctoritate

540 3601 675 3660 fidei
717 3603 919 3660 veritas
962 3602 1291 3668 innotescat,
1334 3613 1543 3661 temere
1584 3605 1816 3661 omnino
1855 3613 1912 3662 et
1953 3614 2084 3661 cum
2125 3608 2327 3663 animae
2371 3605 2720 3671 discrimine,

478 3770 482 3779 1
544 3719 650 3758 suo
679 3702 921 3774 quisque
947 3700 1129 3759 fidens
1156 3700 1399 3779 judicio,
1428 3702 1638 3777 scripta
1664 3703 2056 3761 haereticorum
2101 3714 2160 3761 et
2196 3704 2513 3764 infidelium
2540 3704 2720 3780 legit:

539 3817 645 3855 nec
672 3802 825 3857 enim
852 3800 1107 3858 divinum
1136 3800 1433 3868 auxilium,
1464 3819 1580 3872 quo
1605 3819 1768 3858 mens
1795 3802 2136 3861 inconcussa
2161 3814 2403 3871 maneat,
2427 3803 2721 3879 mysteriis

541 3896 739 3957 credes
780 3916 907 3969 quae
952 3898 1096 3957 adeo
1138 3909 1407 3974 superant
1444 3900 1742 3957 hominum
1777 3909 2136 3977 conceptum,
2165 3904 2372 3977 poterit
2423 3903 2529 3959 sibi
2555 3902 2723 3978 polli-

547 3996 659 4051 ceri
685 4014 700 4050 ε
744 4012 851 4051 nee
886 3996 1220 4071 cupiditates
1248 4008 1461 4056 temere
1488 4000 1756 4055 excitatas
1776 4000 2082 4076 reprimere
2106 4000 2326 4067 valebit,
2355 4002 2719 4058 occasionem

542 4111 719 4164 quum
747 4102 915 4160 amet,
944 4094 1005 4152 in
1031 4114 1139 4166 qua
1168 4096 1445 4170 pereundi
1464 4106 1551 4153 est
1577 4097 1718 4155 adeo
1738 4098 2100 4156 manifestum
2125 4100 2451 4157 discrimen.
2493 4098 2720 4157 Idcirco

543 4190 902 4265 disciplinam
933 4209 1041 4262 qua
1070 4201 1327 4251 vetantur
1350 4196 1477 4251 libri
1519 4213 1722 4273 omnes
1763 4198 1921 4271 pravi
1961 4199 2432 4270 antiquissimam,
2462 4199 2720 4270 aequissi-

544 4308 716 4355 mam,
747 4289 1163 4347 sanctissimam
1193 4292 1566 4367 praedicamus
1593 4304 1648 4350 et
1673 4288 2091 4370 agnoscimuS.²

682 4449 735 4513 (l
744 4456 766 4512 )
805 4446 1183 4527 VideAntoine,
1208 4448 1285 4497 De
1308 4448 1431 4497 Virt.
1455 4450 1630 4500 Theol.
1654 4452 1880 4515 Append.
1903 4451 1962 4503 de
1986 4450 2226 4503 librorum
2245 4452 2439 4520 prohib.
2463 4469 2505 4501 c.
2527 4452 2594 4501 iii.

681 4534 761 4597 (2)
804 4532 923 4581 Vide
944 4532 1071 4581 Diss.
1094 4532 1146 4580 S.
1171 4532 1440 4597 Alphonsi‚
1465 4533 1524 4583 de
1549 4532 1791 4585 librorum
1807 4536 2162 4602 prohibitione,
2186 4540 2216 4587 l.
2240 4539 2272 4587 i.
2300 4538 2504 4601 append.
2526 4537 2595 4586 iii.
