3117 5217
483 571 603 625 232
1141 563 1253 622 DE
1299 561 2015 621 SUPERSTITIONE.

1375 1087 1659 1147 CAPUT
1702 1088 1809 1147 IV.

1283 1305 1362 1345 DE
1393 1305 1653 1345 SUPERs'r
1660 1304 1869 1345 ITIONE
1878 1327 1891 1343 .

572 1489 670 1543 35.
723 1481 1086 1561 Superstitio
1115 1493 1201 1568 est
1239 1484 1424 1541 cultus
1468 1486 1727 1553 vitiosus,
1770 1485 1893 1541 sive
1922 1483 2065 1549 veri,
2095 1464 2217 1539 sive
2244 1480 2372 1539 falsi
2399 1480 2670 1539 numinis.

497 1581 698 1641 Falsus
728 1586 775 1641 si
805 1584 878 1639 sit
902 1583 1107 1649 cultuS‚
1138 1584 1244 1640 erit
1268 1584 1518 1641 maxime
1547 1584 1995 1660 superstitiosuS,
2024 1589 2217 1658 utpote
2246 1580 2345 1653 qui
2375 1579 2673 1637 mendacio

491 1684 722 1749 nititur3
785 1692 1128 1759 quapropter
1172 1681 1360 1739 Judaei
1404 1678 2072 1760 superstitionisimerito
2120 1690 2453 1757 arguuntur,
2501 1696 2679 1751 quum

489 1783 628 1840 ritus
658 1784 906 1839 mosaica
929 1783 1057 1858 lege
1086 1783 1448 1857 praescriptos
1473 1792 1719 1850 servent,
1749 1802 1823 1839 ex
1844 1800 2055 1847 errore,
2081 1800 2194 1853 quo
2222 1778 2458 1837 credunt
2479 1777 2677 1835 Chris-

490 1891 610 1938 tum
651 1879 903 1939 nondum
947 1881 1192 1952 venisse.
1280 1880 1472 1957 Hujus
1515 1882 1775 1939 criminis
1813 1900 1946 1939 reus
1995 1899 2225 1953 quoque
2273 1887 2360 1936 est
2399 1879 2499 1951 qui
2542 1876 2682 1935 falsa

496 1977 766 2054 praedicat
804 1978 1093 2045 miracula,
1133 1979 1224 2035 vel
1263 1978 1431 2035 falsas
1473 1978 1741 2052 reliquias
1781 1982 1969 2039 sciens
2016 1988 2328 2045 veneratur,
2377 1976 2469 2034 vel
2509 1977 2681 2034 falsas

499 2077 752 2134 venditat
789 2077 1180 2135 revelationem
1267 2077 1556 2152 Caeterum
1596 2099 1713 2137 non
1753 2082 1941 2149 statim
1968 2078 2283 2143 damnandi,
2310 2086 2444 2133 sunt
2471 2078 2566 2149 qui
2595 2092 2681 2133 re-

496 2175 702 2248 liquias
731 2188 1091 2244 venerantur,
1122 2195 1262 2249 quas
1290 2185 1452 2235 vetus
1472 2178 1583 2236 loci
1612 2179 1851 2255 alicujus
1875 2179 2097 2236 traditio
2125 2177 2324 2243 sancit,
2353 2176 2463 2233 etsi
2489 2176 2681 2233 forsan

494 2286 731 2343 certum,
773 2276 864 2335 vel
905 2276 1228 2335 verosimile
1271 2296 1386 2335 non
1426 2278 1518 2344 sit,
1563 2296 1658 2335 eas
1698 2296 1825 2335 esse
1852 2278 2161 2354 genuinas:
2206 2295 2337 2333 nam
2379 2285 2540 2333 vetus
2569 2292 2683 2346 qua

492 2375 745 2432 nituntur
774 2374 994 2431 traditio
1021 2385 1077 2433 et
1115 2375 1468 2433 consuetudo
1510 2395 1629 2434 non
1670 2386 1757 2434 est
1784 2387 1994 2434 temere
2035 2375 2384 2451 seponenda.
2452 2373 2676 2458 ‚Cultus

493 2474 836 2553 superfluus
859 2474 1082 2541 dicitur,
1114 2476 1334 2546 quoties
1365 2494 1498 2532 vero
1525 2477 1702 2533 cultui
1742 2476 2021 2534 accedunt
2058 2494 2125 2532 ea
2153 2494 2278 2547 quae
2306 2472 2451 2532 nihil
2479 2473 2547 2530 ad
2576 2473 2677 2528 ho-

495 2591 695 2631 norem
724 2574 836 2632 Dei
879 2574 1193 2641 conferunt,
1236 2586 1294 2633 et
1333 2576 1401 2632 ab
1440 2574 1721 2633 Ecclesiae
1761 2576 2013 2633 moribus
2054 2584 2189 2632 sunt
2227 2573 2427 2631 aliena.
2514 2570 2677 2629 Talis

499 2682 586 2731 est
613 2674 934 2748 ceremonia
974 2673 1242 2731 audiendi
1269 2674 1513 2731 Missam
1542 2685 1671 2731 ante
1698 2685 1884 2732 ortum
1910 2675 2050 2732 solis
2078 2692 2210 2732 cum
2236 2683 2392 2730 certo
2420 2687 2677 2736 numero,

496 2775 628 2838 situ,
657 2772 854 2830 ordine
881 2790 1196 2839 cereorum,
1227 2782 1334 2830 etc.
1382 2773 1418 2829 J
1423 2774 1655 2849 ejunare
1684 2774 1851 2831 etiam
1879 2773 1939 2830 in
1959 2773 2050 2831 die
2080 2773 2391 2831 Dominico
2412 2789 2487 2827 ex
2513 2768 2683 2825 affec-

497 2881 608 2928 tata
636 2871 878 2942 quadam
907 2871 1234 2945 poenitentia
1271 2871 1338 2928 ad
1380 2871 1734 2948 superfluum
1779 2873 1991 2931 cultum
2035 2872 2291 2938 refertur,
2321 2888 2495 2945 quum
2525 2868 2584 2925 id
2604 2862 2687 2925 'in

499 2968 863 3036 ManichaeiS‚
894 2966 1114 3027 Christi
1141 2970 1482 3046 negantibus
1521 2972 2015 3039 resurrectionem,
2053 2970 2325 3029 Ecclesia
2361 2969 2499 3027 olim
2527 2966 2685 3025 dam·

497 3063 766 3126 naverit.¹
847 3066 1184 3126 Consultius
1230 3070 1401 3145 igitur
1437 3069 1682 3136 videtur,
1730 3082 1787 3127 et
1825 3070 2107 3128 Ecclesiae
2147 3071 2326 3129 menti
2364 3084 2683 3125 consonum

492 3166 633 3224 illud
669 3167 956 3242 jejunium
1007 3185 1123 3225 non
1170 3168 1465 3243 injungere
1511 3169 1956 3243 poenitentibus3
2014 3189 2123 3228 nec
2165 3169 2307 3227 illud
2352 3167 2515 3225 facile
2562 3184 2681 3222 am-

499 3259 725 3341 plecti.²
983 3248 985 3251 Α

527 3378 530 3384 ’
577 3367 674 3421 36.
719 3359 1042 3421 Divinatio
1083 3372 1170 3420 est
1210 3363 1563 3422 occultorum
1605 3366 1901 3437 inquisitio
1946 3386 2057 3443 ope
2104 3366 2403 3433 daemonis„
2449 3363 2540 3421 vel
2582 3380 2680 3419 ex-

497 3481 714 3538 presse,
761 3453 853 3518 vel
905 3464 1072 3521 tacite
1121 3464 1386 3521 invocati.
1472 3464 1774 3541 Expressa
1819 3466 1883 3522 fit
1928 3466 2229 3533 invocatio,
2277 3462 2505 3539 quando
2551 3462 2681 3533 quis

497 3562 684 3619 verbis
713 3561 990 3620 daemonis
1019 3581 1187 3639 opem
1231 3562 1517 3638 implorat,
1546 3566 1639 3621 vel
1680 3564 1893 3637 aliquid
1930 3564 2067 3635 facit
2106 3566 2297 3623 animo
2336 3581 2463 3621 eam
2504 3562 2682 3635 impe-

497 3661 698 3719 trandi.
783 3660 986 3719 Tacita
1013 3682 1146 3720 vero
1175 3662 1396 3735 quoties
1427 3662 1640 3735 aliquid
1668 3674 1975 3740 usurpatur
2000 3664 2070 3722 ad
2098 3663 2319 3722 occulta
2344 3658 2676 3737 detegenda,

497 3780 628 3819 cum
658 3761 864 3832 quibus
891 3762 1044 3819 nulla
1083 3780 1314 3837 prorsus
1355 3756 1572 3819 ratione
1614 3766 1988 3821 connectitur.
2026 3776 2031 3781 ·
2072 3764 2173 3821 Sic
2201 3764 2298 3836 qui
2324 3760 2551 3821 invertit
2575 3758 2682 3815 cri-

497 3861 663 3917 brum
693 3858 763 3915 ad
790 3857 1165 3934 detegendum
1194 3860 1398 3925 furem,
1429 3863 1595 3918 tacite
1623 3860 1941 3921 daemonem
1970 3863 2235 3921 invocare
2262 3869 2554 3919 censetur.·

576 3962 675 4016 37.
718 3958 869 4015 Tres
909 3970 1274 4015 numerantur
1312 3959 1679 4017 divinationis
1720 3963 1965 4036 species-⁵,
1996 3962 2217 4019 scilicet
2240 3955 2677 4022 necromantia,

499 4054 838 4133 astrologia
865 4054 1232 4133 judiciaria,
1275 4066 1331 4113 et
1356 4057 1760 4136 sortilegium.
1848 4060 2255 4121 Necromantia
2290 4060 2355 4115 fit
2386 4077 2489 4135 per
2514 4074 2686 4132 appa-

500 4163 715 4212 rentem
756 4160 1107 4213 mortuorum
1149 4156 1659 4216 resuscitationem.
1746 4158 2016 4217 Generali
2056 4158 2168 4217 hoc
2206 4157 2439 4218 nomine
2482 4154 2685 4215 intelli·

501 4254 650 4331 gitur
701 4252 978 4325 quidquid
1029 4252 1100 4311 ad
1151 4253 1468 4312 daemonem
1520 4257 1903 4316 invocandum
1948 4258 2228 4334 dirigitur,
2285 4256 2441 4332 quod
2493 4265 2683 4313 tamen

1035 4428 1118 4491 (1)
1160 4425 1220 4474 C.
1257 4426 1504 4477 Sacerdos.
1526 4444 1675 4478 causa
1695 4432 1776 4479 26.
1800 4446 1882 4494 qu.
1905 4424 2058 4480 vii.'n.
2082 4431 2145 4480 vi.

1035 4512 1118 4579 (2)
1159 4510 1211 4561 S.
1235 4512 1534 4576 Alphonsus.
1559 4514 1592 4563 1.
1614 4514 1685 4563 iii.
1706 4530 1757 4565 n.
1780 4516 1829 4563 4.
