3117 5217
1087 545 1202 606 DE
1219 543 1861 608 fSUSPENSIONE.
2456 547 2573 601 383

1288 1048 1575 1108 CAPUT
1616 1050 1692 1107 V.

1212 1269 1290 1309 DE
1333 1269 1737 1309 susPENSmNE
1746 1292 1761 1309 ο

474 1438 573 1494 79.
617 1434 940 1510 Suspensio
987 1444 1074 1492 est
1112 1454 1353 1493 censura
1391 1436 1796 1501 ecclesiastica,
1839 1453 1954 1506 qua
1994 1435 2203 1493 clerico
2247 1435 2577 1511 prohibetur

396 1552 536 1592 usus
577 1534 948 1591 ecclesiastici
990 1532 1186 1601 officii,
1217 1534 1308 1592 vel
1334 1534 1624 1601 beneficii,
1652 1531 1745 1590 vel
1773 1533 2087 1606 utriusque.
2156 1535 2475 1609 Suspensio
2504 1535 2574 1591 ab

398 1632 589 1690 officio
616 1634 802 1708 privat
826 1632 1095 1689 clericum
1113 1632 1383 1690 exercitio
1400 1633 1716 1709 potestatis,
1740 1650 1867 1703 quae
1894 1632 1950 1689 ei
1968 1632 2181 1690 ratione
2210 1632 2299 1689 sui
2328 1632 2581 1689 muneris

397 1732 703 1806 competit:
746 1749 820 1787 v:
852 1748 926 1806 g:
970 1730 1205 1806 parochi
1257 1734 1495 1791 muniis.
1578 1730 1907 1803 Aliquando
1962 1750 1995 1787 a
2024 1729 2437 1806 jurisdictionis
2480 1747 2578 1785 ex-

399 1829 593 1886 ercitio
621 1829 988 1904 suspenditur
1013 1830 1277 1895 eletione,
1308 1847 1379 1885 v:
1410 1849 1484 1906 g:
1527 1849 1560 1885 a
1587 1846 1823 1887 munere
1850 1828 2117 1886 audiendi
2143 1828 2533 1885 confessiones
2556 1846 2573 1895 3

396 1925 700 1999 aliquando
727 1928 794 1984 ab
823 1926 1040 1985 ordinis
1074 1926 1366 1994 exercitiO,
1411 1947 1478 1985 v:
1509 1947 1587 2003 g:
1632 1947 1705 1985 ne
1733 1927 1793 1984 in
1835 1926 2031 1985 ordine
2072 1936 2340 2003 suscepto
2380 1924 2577 1983 minis·

397 2032 520 2082 tret.
605 2024 924 2101 Suspensio
951 2044 984 2081 a
1007 2026 1292 2083 beneficio
1327 2025 1408 2092 fit,
1437 2024 1665 2099 quando
1692 2026 1971 2084 fructuum
2000 2025 2259 2083 beneficii
2287 2024 2577 2100 perceptio

397 2122 466 2179 ad
494 2131 720 2203 tempus
748 2122 802 2179 ei
827 2121 1174 2180 subducitur.
1231 2122 1555 2193 Aliquando
1582 2124 1757 2181 fertur
1780 2125 2083 2197 suspensio
2110 2124 2387 2190 absolute,
2416 2122 2575 2181 nullo

395 2220 574 2278 limite
604 2219 885 2296 apposito,
927 2229 986 2277 et
1010 2221 1194 2295 privat
1219 2216 1434 2279 ordinis
1461 2231 1518 2278 et
1546 2220 1963 2297 jurisdictionis
1992 2222 2285 2288 exercitiO,
2322 2231 2380 2279 et
2404 2222 2575 2279 bene-

396 2318 512 2376 ficii
556 2316 905 2375 redditibus:
963 2314 1066 2375 sed
1109 2338 1265 2395 saepe
1311 2336 1548 2377 munere
1596 2318 1789 2391 aliquo
1832 2318 2035 2393 privat.
2136 2321 2465 2394 Suspensus
2504 2320 2573 2376 ab

396 2416 609 2483 offici0,
636 2435 753 2474 non
779 2428 1040 2474 censetur
1079 2416 1207 2474 ideo
1247 2436 1563 2492 suspensus
1609 2438 1640 2475 a
1680 2417 1977 2483 beneficio,
2020 2436 2127 2475 nec
2155 2417 2430 2485 vicissim,
2460 2418 2572 2475 nisi

396 2515 674 2573 sententia
699 2512 757 2572 id
797 2507 1089 2572 declaret.¹
1170 2516 1498 2591 Suspensus
1539 2516 1608 2573 ab
1652 2516 1846 2573 officio
1885 2517 2084 2587 nequit
2122 2515 2353 2587 aliquod
2392 2515 2570 2574 officii

395 2632 604 2673 munus
629 2631 920 2680 exercere,
949 2614 1059 2671 nisi
1086 2623 1304 2671 constet
1329 2614 1580 2690 speciale
1608 2622 1821 2672 tantum
1849 2612 2102 2671 officium
2129 2613 2325 2671 vetari.
2393 2614 2570 2690 Epis·

392 2732 570 2789 copus
593 2730 906 2788 suspensus
933 2712 1002 2769 ab
1022 2710 1212 2781 officio
1233 2712 1548 2788 episcopali
1574 2723 1762 2788 potest
1780 2729 2005 2776 sacrum
2024 2712 2329 2778 celebrare,
2350 2712 2571 2784 aliaque

396 2812 588 2869 munia
613 2809 980 2867 sacerdotalia
1021 2810 1213 2868 obire:
1255 2810 1358 2867 sed
1399 2812 1448 2867 si
1490 2808 1927 2869 Pontificalibus
1972 2810 2202 2869 indutus
2244 2809 2575 2868 solemniter

396 2910 660 2974 celebret,
701 2918 920 2984 peccat,
967 2910 1230 2980 quamvis
1271 2926 1386 2966 non
1427 2909 1531 2977 fiat·
1561 2909 1907 2985 irregulariS,
1938 2925 2115 2979 quum
2159 2909 2433 2967 solemnis
2474 2908 2571 2967 illa

395 3007 535 3064 ratio
564 3005 883 3064 celebrandi
928 3024 1044 3064 non
1071 3006 1260 3075 faciat,
1301 3016 1364 3063 ut
1388 3008 1462 3064 sit
1485 3017 1643 3065 actus
1690 3005 1907 3065 ordinis
1935 3001 2333 3084 episcopalis.²
2371 3007 2569 3065 Sacer·

397 3104 501 3163 dos
527 3122 840 3181 suspensus
871 3104 938 3161 ab
963 3104 1154 3162 officio
1197 3106 1396 3176 nequit
1431 3106 1613 3164 ullum
1656 3124 1881 3163 sacrum
1919 3106 2075 3164 obire
2122 3122 2349 3163 munus·
2434 3106 2574 3161 Sus·

395 3220 610 3279 pensus
651 3204 720 3260 ab
759 3201 976 3269 ordine,
1019 3221 1137 3261 non
1180 3202 1310 3262 ideo
1357 3204 1679 3263 censendus
1726 3215 1814 3262 est
1843 3193 2239 3281 jurisdictione
2281 3204 2569 3280 privatus:

397 3320 528 3360 nam
575 3302 878 3377 episcopus
931 3301 1002 3359 ab
1051 3302 1268 3360 ordinis
1313 3304 1473 3361 omni
1517 3304 1790 3364 exercitio
1837 3308 2151 3379 suspensus
2204 3312 2395 3379 potest
2436 3302 2571 3361 dare

397 3400 673 3457 sacerdoti
712 3400 1034 3458 facultatem
1076 3400 1424 3459 absolvendi.
1507 3402 1839 3479 Suspensus
1880 3422 1913 3459 a
1943 3402 2342 3477 jurisdictione
2382 3410 2575 3475 potest

397 3496 652 3554 ordinem
680 3515 966 3563 exercere,
995 3514 1155 3554 sacro
1183 3496 1542 3555 celebrando.
1600 3499 1931 3574 Suspensus
1960 3500 2029 3555 ab
2055 3498 2252 3558 ordine
2278 3499 2569 3572 superiore

397 3612 512 3652 non
537 3592 666 3651 ideo
692 3594 929 3651 habetur
952 3612 1266 3669 suspensus
1294 3596 1363 3652 ab
1389 3594 1672 3654 inferiore.
1908 3584 1911 3591 ¹

475 3696 574 3749 80.
617 3692 948 3768 Suspensus
987 3692 1057 3749 ab
1093 3691 1305 3761 officio,
1345 3692 1480 3751 licet
1515 3712 1609 3751 res
1647 3694 1869 3753 occulta
1906 3695 1998 3761 sit,
2040 3705 2239 3770 peccat
2263 3694 2570 3752 mortaliter

396 3790 716 3849 exercendo
743 3809 999 3859 munere,
1029 3810 1061 3848 a
1091 3808 1206 3863 quo
1233 3782 1550 3868 suspensus
1596 3802 1699 3863 est,
1741 3810 1873 3865 nam
1916 3793 2089 3851 violat
2126 3791 2567 3870 prohibitionem

395 3890 653 3967 episcopi
681 3890 788 3958 sui,
815 3890 907 3948 vel
934 3889 1212 3949 Ecclesiae
1241 3892 1298 3950 in
1326 3909 1388 3949 re
1413 3890 1567 3968 gravi
1594 3911 1609 3948 ε
1638 3903 1793 3951 actus
1814 3900 2022 3961 tamen,
2044 3892 2140 3964 qui
2167 3909 2282 3949 non
2310 3890 2567 3971 indigent

389 3987 805 4066 jurisdictione,
833 3989 1057 4047 valent:
1089 3990 1208 4049 imo
1235 3990 1396 4059 ethi,
1424 3992 1522 4063 qui
1549 4008 1625 4049 ex
1643 3990 2041 4069 jurisdictione
2070 3990 2340 4067 pendent,
2368 3993 2419 4049 si
2447 4007 2564 4050 non

399 4088 472 4145 sit
509 4084 920 4147 denuntiatus.³
998 4088 1352 4147 Beneficium
1393 4108 1604 4149 novum
1646 4089 1841 4164 nequit
1888 4092 2141 4169 recipere
2167 4090 2341 4158 licite,
2369 4098 2424 4148 et
2449 4092 2563 4149 col·
2645 4147 2655 4156 ,

669 4276 754 4340 (1)
794 4272 916 4337 Gap.
937 4289 988 4323 x.
1010 4274 1486 4343 depurgat-canon.
1509 4282 1560 4324 et
1580 4291 1687 4340 cap.
1708 4276 1807 4327 xiv.
1828 4274 1888 4327 de
1908 4275 2013 4327 vita
2033 4280 2081 4329 et
2101 4274 2287 4327 honest.

665 4358 750 4422 (2)
790 4356 842 4405 S.
866 4358 1015 4422 Alph.
1037 4359 1070 4409 1.
1092 4358 1173 4418 vii,
1194 4374 1245 4407 n.
1268 4361 1383 4409 314.

664 4444 747 4508 (3)
788 4442 1028 4494 Martinus
1049 4461 1098 4495 v.
1121 4444 1294 4495 Bulla:
1331 4445 1417 4497 Ad
1435 4444 1741 4497 entiandum.
