3117 5217
494 534 607 589 168
771 574 783 588 .
886 530 1000 589 DE
1043 529 1498 591 ΕΜΡΊῚΟΝΕ
1540 532 1658 591 ΕΤ
1699 531 2267 592 VENDITIONE.

491 701 664 759 citum
692 698 1088 774 monopolium
1116 699 1182 757 fit
1211 705 1264 757 1.
1294 700 1524 771 quando
1550 700 1627 768 vi,
1655 710 1831 769 metu,
1856 710 1951 761 aut
1974 700 2169 759 fraude
2204 709 2546 761 mercatores
2573 704 2675 761 im·

490 797 726 873 pediunt
749 816 822 855 ne
851 816 1072 855 merces
1113 798 1480 867 advehantur,
1524 808 1588 857 ut
1626 817 1759 858 suas
1802 817 2013 875 magno
2054 800 2241 876 pretio
2267 799 2530 858 vendant.
2612 808 2669 860 2.

491 895 734 963 Quando
754 914 901 954 unus
923 904 1018 953 aut
1042 898 1212 971 pauci
1239 914 1457 955 merces
1485 896 1603 955 fere
1622 915 1825 955 omnes
1852 906 2068 966 emunt,
2089 908 2152 957 ut
2168 899 2395 956 caritate
2422 898 2668 967 inducta,

486 1014 582 1053 eas
609 1004 806 1069 postea
843 995 1066 1054 enormi
1093 1014 1223 1053 cum
1249 995 1408 1055 lucro
1448 995 1677 1055 venales
1718 992 2059 1071 exponant.²
2122 1002 2197 1055 -3.
2240 996 2485 1063 Quando
2526 998 2670 1055 inter

492 1112 554 1149 se
581 1103 925 1153 mercatores
953 1094 1302 1151 conveniunt
1323 1094 1394 1151 de
1421 1095 1703 1153 mercibus
1726 1094 1877 1151 haud
1903 1093 2239 1163 vendendiS,
2266 1095 2359 1151 vel
2384 1094 2663 1162 emendis,

493 1194 606 1249 nisi
633 1194 814 1267 pretio
835 1188 1100 1269 injusto.²

579 1295 676 1348 65.
719 1292 922 1349 Licere
949 1298 1171 1349 constat
1196 1307 1286 1347 res
1326 1290 1478 1349 haud
1521 1292 1871 1351 necessarias
1912 1290 1983 1348 ad
2022 1291 2217 1357 vitam,
2246 1300 2304 1347 et
2328 1290 2397 1347 ad
2422 1308 2675 1349 commu-

492 1407 624 1447 nem
651 1390 971 1465 reipublicae
1012 1399 1242 1454 statum,
1271 1407 1344 1446 v:
1376 1408 1450 1465 g:
1494 1409 1753 1466 gemmas
1794 1390 2090 1465 pretiosas,
2132 1408 2312 1461 equos
2340 1407 2669 1465 generosos,

489 1488 792 1545 mulierum
839 1496 1089 1556 ornatus,
1137 1486 1248 1544 sibi
1287 1506 1635 1565 comparare,
1676 1498 1740 1545 ut
1782 1490 2009 1547 raritate
2050 1488 2283 1545 inducta
2322 1506 2419 1545 eas
2461 1506 2669 1563 magno

489 1605 620 1643 cum
645 1587 805 1643 lucro
845 1587 974 1658 quis
1015 1584 1252 1645 vendat:
1295 1587 1468 1645 utitur
1511 1588 1730 1663 quippe
1759 1588 1891 1663 jure
1934 1606 2037 1645 suo
2078 1587 2291 1659 absque
2331 1586 2671 1647 detrimento

489 1685 800 1751 communi,
831 1704 1008 1757 quum
1035 1703 1208 1743 nemo
1236 1693 1491 1743 teneatur
1515 1704 1613 1741 eas
1653 1685 1925 1761 deinceps
1952 1703 2162 1742 emere.
2249 1684 2413 1741 Licet
2439 1704 2666 1759 quoque

488 1802 678 1839 emere
707 1782 1071 1850 frumentum,
1100 1783 1318 1850 vinum,
1349 1784 1567 1854 aliaque
1588 1783 1659 1841 ad
1679 1784 1851 1841 vitam
1872 1782 2295 1845 sustentandam
2324 1786 2663 1853 necessaria,

489 1900 666 1963 eaque
695 1899 940 1945 servare,
982 1891 1044 1937 ut
1083 1892 1284 1956 postea
1326 1881 1641 1939 vendantur
1681 1882 1863 1955 pretio
1906 1882 2217 1948 communi,
2262 1883 2369 1939 etsi
2413 1892 2669 1958 tempore

490 1979 832 2035 venditionis
858 1979 1030 2055 longe
1058 1978 1296 2037 excedat
1337 1980 1583 2055 pretium
1626 1989 1791 2037 antea
1830 1980 2098 2038 solutum.
2184 1980 2284 2037 Sic
2324 1981 2493 2037 etiam
2536 1982 2669 2039 licet

491 2097 559 2133 ea
585 2096 712 2148 quae
742 2076 870 2148 quis
893 2096 972 2135 ex
997 2080 1120 2136 suis
1147 2078 1298 2155 agris
1327 2077 1557 2153 collegit
1582 2079 1641 2135 in
1672 2087 1897 2153 tempus
1933 2077 2072 2136 illud
2112 2096 2359 2146 servare,
2387 2080 2529 2137 lucri
2558 2100 2671 2139 ma-

482 2178 630 2255 joris
659 2194 849 2237 causa,
934 2176 1052 2234 Sed
1080 2176 1345 2249 quaeritur
1371 2185 1557 2233 utrum
1588 2176 1803 2234 violent
1818 2178 2099 2253 justitiam
2130 2179 2229 2249 qui
2256 2179 2453 2235 omnia
2479 2178 2576 2236 illa
2600 2179 2670 2236 ad

490 2277 662 2333 vitam
690 2275 964 2345 requisita
989 2284 1205 2342 emunt,
1234 2284 1296 2331 ut
1321 2283 1539 2350 postea,
1570 2276 1789 2333 raritate
1818 2274 2065 2343 inducta,
2108 2276 2513 2352 quamplurimi
2540 2297 2673 2335 ven·

491 2372 644 2430 dant.
729 2374 1024 2433 Sententia
1069 2373 1389 2431 communis
1429 2384 1486 2429 et
1521 2392 1671 2441 vera,
1716 2375 1913 2451 judice
1954 2374 2021 2431 S.
2062 2374 2382 2450 Alphonso‚
2410 2374 2669 2443 affirmat,

493 2472 768 2543 docetque
797 2491 896 2531 eos
937 2472 1009 2529 ad
1048 2472 1460 2529 restitutionem
1500 2474 1702 2539 teneri,
1750 2474 1801 2531 si
1844 2474 2085 2548 pretium
2115 2473 2349 2548 exigant
2385 2470 2673 2532 summum

492 2570 798 2637 excedenS,
817 2571 968 2642 quod
998 2572 1337 2629 obtinuisset
1355 2573 1404 2629 si
1427 2571 1647 2629 nullum
1674 2572 2061 2647 praecessisset
2082 2568 2527 2647 monopolium.³
2566 2574 2673 2631 Eis

489 2670 762 2727 convenit
787 2652 939 2741 quod
957 2670 1017 2727 in
1040 2670 1366 2729 Proverbiis
1386 2670 1631 2746 legitur:
1663 2677 1701 2705 ‘⁶
1725 2671 1839 2736 Qui
1860 2669 2159 2727 abscondit
2178 2670 2478 2736 frumenta,
2501 2672 2673 2729 male·

494 2769 710 2826 dicetur
736 2770 794 2826 in
822 2764 1153 2843 populi8.'’⁴
1231 2768 1386 2825 Intra
1411 2768 1548 2826 illud
1576 2769 1625 2825 si
1666 2769 1937 2835 steterint,
1968 2784 2076 2825 nec
2113 2768 2399 2825 caritatem
2430 2772 2677 2844 graviter

492 2866 623 2924 laedi
652 2868 842 2941 plures
869 2865 1168 2932 affirmant,
1211 2884 1388 2937 quum
1421 2867 1552 2941 jure
1598 2875 1809 2923 tantum
1852 2884 1957 2923 suo
1984 2875 2169 2923 utatur
2196 2867 2295 2936 qui
2320 2866 2535 2926 divitiis
2574 2887 2673 2943 po-

495 2975 619 3021 tens
647 2983 744 3021 eas
773 2964 856 3020 sic
882 2963 1179 3039 impendit,
1211 2966 1396 3040 majus
1439 2964 1658 3021 lucrum
1698 2963 1987 3021 obtinendi
2026 2965 2250 3022 intuitu.
2333 2964 2443 3023 Jus
2486 2976 2673 3025 tamen

493 3081 798 3121 commune
827 3061 1204 3121 interrdelicta
1228 3064 1376 3120 hanc
1401 3062 1605 3137 agendi
1632 3063 1905 3123 rationem
1931 3075 2209 3130 recenset,
2236 3062 2447 3121 mulcta
2471 3074 2529 3121 et
2552 3084 2671 3122 car-

501 3180 630 3219 cere
657 3156 1057 3235 puniendam.⁵

573 3263 670 3316 66.
738 3258 982 3315 Constat
1023 3269 1400 3317 mercatorum
1447 3271 1675 3334 pactum
1723 3260 1794 3317 de
1830 3262 2133 3319 mercibus
2163 3261 2315 3320 haud
2360 3262 2671 3321 vendendis

491 3359 604 3417 nisi
647 3358 830 3434 pretio
877 3355 1030 3427 quod
1075 3376 1363 3416 summum
1409 3357 1667 3426 excedat,
1714 3360 1977 3430 iniquum
2020 3378 2184 3428 esse;
2228 3371 2285 3419 et
2326 3360 2673 3420 restituenda

492 3476 618 3515 esse
647 3476 772 3529 quae
813 3457 898 3514 sic
937 3456 1146 3534 injuste
1192 3467 1324 3518 sunt
1370 3467 1619 3533 accepta.
1705 3458 1976 3529 Iniquum
2018 3460 2227 3534 pariter
2266 3470 2355 3518 est
2392 3460 2671 3518 artificum

494 3568 718 3633 pactum
749 3554 830 3641 deq
859 3573 975 3613 non
1013 3555 1254 3613 locanda
1299 3575 1476 3633 opera
1519 3574 1625 3614 sua
1662 3558 1775 3614 nisi
1828 3559 2010 3635 pretio
2054 3556 2209 3629 quod
2236 3578 2527 3618 summum
2570 3576 2669 3614 ex-

493 3656 670 3713 cedat.
716 3654 1172 3712 Controvertitur
1190 3664 1377 3713 autem
1397 3664 1585 3711 utrum
1614 3655 1763 3713 idem
1786 3656 2089 3715 dicendum
2112 3656 2203 3723 sit,
2228 3658 2279 3714 si
2298 3660 2442 3715 intra
2461 3658 2669 3715 limites

493 3756 704 3813 summi
731 3756 898 3829 pretii
925 3774 988 3812 se
1017 3754 1417 3821 continuerint.
1475 3753 1782 3813 Affirmant
1804 3774 2006 3831 graves
2032 3764 2291 3813 auctores
2332 3764 2511 3814 “tum
2538 3756 2672 3827 quia

465 3870 564 3911 ἐκ
589 3850 630 3909 l.
660 3870 766 3909 un.
789 3871 838 3911 c.
863 3854 932 3911 de
958 3853 1209 3929 Monop.
1240 3854 1350 3911 hoc
1376 3854 1621 3928 graviter
1646 3853 1975 3928 prohibetur
2002 3854 2108 3909 sub
2135 3855 2447 3928 privatione
2484 3855 2670 3914 omni·

492 3968 587 4007 um
631 3951 925 4018 bonorum,
955 3961 1012 4009 et
1050 3960 1328 4027 perpetuo
1367 3952 1579 4019 exilio;
1622 3961 1741 4009 tum
1776 3953 1919 4023 -quia
1956 3952 2287 4027 hujusmodi
2329 3962 2669 4011 mercatores

566 4130 649 4192 (l)
689 4135 718 4158 ‘⁴
737 4127 1250 4188 Engrossing”-t]zat
1271 4128 1330 4186 is,
1356 4136 1384 4160 ‘⁴
1402 4128 1484 4176 the
1507 4129 1692 4189 getting
1712 4129 1816 4177 into
1838 4127 1973 4176 one’s
2004 4128 2296 4191 possession,
2316 4143 2370 4175 or
2391 4128 2578 4190 buying
2600 4142 2669 4189 up

494 4214 623 4273 large
641 4212 898 4273 quantities
920 4212 977 4259 of
1001 4228 1132 4271 corn,
1154 4228 1208 4260 or
1249 4213 1386 4261 other
1423 4212 1546 4261 dead
1580 4214 1797 4271 victuals,
1820 4212 1941 4262 with
1961 4212 2118 4260 intent
2138 4220 2189 4261 to
2210 4214 2299 4261 sell
2320 4212 2452 4261 them
2474 4211 2668 4273 again.”

494 4296 786 4344 Blackstone
809 4294 1002 4343 Comm.
1027 4297 1058 4343 l.
1081 4297 1143 4345 iv.
1165 4312 1216 4344 n.
1245 4298 1358 4347 159.
2186 4278 2198 4287 Ι

564 4381 648 4445 (2)
686 4377 884 4437 Ibidem,
905 4393 955 4426 n.
982 4380 1092 4426 160.
1624 4382 1733 4444 ·(3)
1770 4378 1831 4426 L.
1852 4378 1919 4427 iii.
1940 4395 1991 4427 n.
2014 4382 2129 4429 815.

571 4466 655 4530 (4)
696 4463 838 4511 Prov.
862 4462 929 4511 xi.
954 4464 1036 4509 26.
1652 4466 1737 4528 (5)
1776 4463 1901 4512 Vide
1924 4463 2203 4513 Blackston.
2220 4463 2313 4515 ubi
2330 4474 2541 4529 supra-j
