3117 5217
1117 590 1229 650 DE
1273 590 1751 651 CAUTIONIB
1768 590 1893 651 US.
2477 598 2595 651 205

409 764 617 819 manet.
702 754 916 813 Cessat
957 755 1350 833 fidejussionis
1397 758 1506 825 vis,
1553 759 1606 815 si
1650 758 1787 830 quid
1839 760 1901 815 in
1946 758 2285 833 obligatione
2336 768 2594 826 novetur,

409 854 622 926 absque
649 854 775 931 ejus
804 850 1143 914 consensu.²
1223 857 1288 913 Si
1318 856 1512 933 plures
1539 858 1710 915 simul
1736 856 2099 932 fidejubeant,
2120 857 2330 933 singuli
2352 876 2455 933 pro
2483 867 2619 922 rata,

407 964 566 1027 parte
595 962 809 1012 tantum
840 964 1120 1023 tenentur,
1149 957 1262 1013 nisi
1289 974 1420 1013 sese
1455 957 1516 1015 in
1543 956 1795 1015 solidum
1832 956 2017 1013 verbis
2043 956 2362 1031 perspicuis
2388 955 2600 1031 obliga-

412 1052 624 1108 verint:
653 1052 809 1125 quod
835 1052 1172 1128 plerumque
1197 1054 1348 1129 apud
1371 1074 1478 1113 nos
1507 1050 1623 1112 fit,2
1680 1055 2097 1130 Fide-jussionis
2118 1054 2384 1131 obligatio
2402 1055 2601 1112 transit

411 1148 480 1205 ad
531 1145 840 1209 h-aeredes.³
922 1151 1144 1224 Nequit
1192 1153 1496 1229 fidejussor
1547 1153 1860 1220 conveniri,
1908 1153 2017 1210 nisi
2062 1156 2219 1229 prius
2267 1172 2299 1209 a
2342 1152 2596 1211 debitore

409 1250 711 1325 principali
737 1250 994 1307 debitum
1021 1251 1190 1309 fuerit
1213 1253 1474 1327 petitum,
1503 1261 1560 1309 et
1580 1260 1800 1310 constet
1818 1269 1950 1309 eum
1968 1270 2085 1308 non
2110 1270 2239 1309 esse
2267 1244 2597 1309 solvendo.‘¹

407 1346 472 1402 Si
505 1358 694 1405 tamen
719 1347 940 1405 debitor
963 1350 1167 1407 absens
1194 1350 1288 1417 sit,
1315 1368 1422 1408 nec
1450 1352 1653 1409 habeat
1676 1351 1825 1407 bona
1848 1349 2066 1422 liquida
2093 1352 2294 1423 quibus
2328 1350 2595 1408 creditori

407 1446 662 1513 satisfiat,
693 1447 996 1523 fidejussor
1024 1449 1323 1524 obligatur.
1409 1449 1826 1526 Fidejussionis
1869 1451 2044 1506 instar
2072 1459 2168 1508 'est
2208 1450 2433 1521 quando
2463 1451 2592 1521 quis

408 1543 608 1602 litteris
637 1547 860 1611 cambii,
889 1546 982 1603 vel
1007 1547 1388 1623 chirographo
1415 1550 1602 1607 alieno
1628 1566 1796 1605 suum
1833 1548 2089 1605 inscribit
2125 1544 2388 1615 nomen,⁵
2415 1557 2475 1605 ut
2498 1566 2594 1623 pe-

409 1644 659 1710 cuniam,
689 1644 930 1702 deducta
953 1664 1126 1703 usura
1150 1640 1421 1723 legitima,
1449 1648 1703 1722 recipiat,
1732 1655 1900 1723 prout
1924 1646 1988 1702 fit
2012 1646 2161 1722 apud
2201 1666 2427 1704 mensas
2454 1648 2595 1722 pub-

405 1742 565 1798 licas.
654 1743 719 1799 Si
760 1752 1014 1820 tempore
1055 1754 1260 1803 statuto
1299 1746 1451 1803 haud
1491 1746 1759 1813 solvatur,
1796 1746 2156 1822 protestatio
2202 1746 2266 1801 fit
2304 1765 2336 1803 a
2376 1747 2593 1803 notario

410 1835 694 1916 publico‚⁶
709 1851 775 1900 ut
800 1852 1021 1900 constet
1038 1843 1114 1900 de
1135 1845 1417 1903 solutione
1445 1846 1619 1920 petita
1638 1854 1695 1901 et
1714 1844 1969 1919 neglecta
1989 1864 2004 1911 ;
2035 1864 2147 1917 qua
2168 1854 2392 1920 peracta
2418 1844 2595 1901 credi·

413 1949 498 1995 tor
524 1941 580 1997 in
600 1941 699 2017 jus
727 1952 891 1999 vocat
915 1944 1007 2001 vel
1034 1924 1350 2002 debitorem
1375 1943 1771 2021 principalem,
1800 1942 1893 2000 vel
1920 1944 2229 2015 quemlibet
2252 1960 2327 1999 ex
2363 1942 2432 1998 iis
2461 1961 2598 2014 quo-

414 2056 536 2096 rum
559 2042 795 2098 nomina
819 2042 1090 2119 inscripta
1117 2053 1266 2101 sunt.
1353 2043 1468 2109 Qui
1495 2045 1717 2120 cogitur
1742 2042 1983 2110 solvere,
2014 2051 2201 2118 potest
2220 2042 2521 2117 pecuniam
2545 2050 2601 2097 et

412 2138 702 2213 impensas
729 2159 930 2197 omnes
958 2161 989 2198 a
1015 2142 1316 2217 principali
1336 2142 1612 2209 debitore,
1642 2142 1732 2198 vel
1760 2142 1827 2198 ab
1854 2141 1965 2198 alio
1994 2142 2088 2212 qui
2119 2142 2274 2217 prius
2302 2158 2468 2197 suum
2496 2158 2595 2198 no-

411 2254 543 2293 men
563 2239 947 2315 inscripserat,
977 2233 1362 2316 recuperare.⁷
1415 2241 1656 2298 Nemini
1683 2240 1816 2297 licet
1834 2258 1897 2297 se
1925 2250 2038 2297 arte
2057 2239 2320 2297 fraudeve
2341 2241 2408 2296 ab
2425 2256 2597 2296 onere

415 2334 568 2406 quod
593 2337 964 2413 fidejussione
993 2340 1243 2414 suscepit
1268 2340 1548 2407 eximere,
1572 2340 1833 2412 quamvis
1873 2338 2027 2395 enim
2068 2339 2191 2413 ipse
2231 2333 2374 2395 n'ihil
2408 2337 2597 2395 forsan

414 2420 722 2511 acceperit,
757 2448 815 2494 et
854 2446 1063 2494 temere
1103 2439 1162 2495 in
1205 2448 1419 2495 tantum
1460 2439 1771 2496 discrimen
1810 2456 1875 2493 se
1918 2437 2244 2513 conjecerit,
2273 2455 2345 2493 ex
2378 2436 2600 2512 justitia

413 2542 629 2591 tenetur
655 2535 1056 2611 obligationem
1086 2545 1434 2611 assumptam
1464 2536 1725 2612 implere.
1810 2536 1925 2600 Qui
1954 2536 2122 2609 igitur
2148 2535 2381 2609 opifices
2410 2534 2593 2591 chiro·

414 2633 645 2707 graphis
674 2635 744 2690 ab
769 2634 841 2692 iis
870 2634 1072 2706 quibus
1101 2653 1190 2691 res
1218 2653 1349 2690 suas
1379 2634 1750 2693 vendiderunt
1775 2633 2022 2709 acceptis
2050 2652 2152 2690 sua
2192 2634 2601 2708 inscripserunt

415 2733 666 2799 nomina,
696 2742 760 2789 ut
786 2733 1085 2810 pecuniam
1114 2753 1147 2789 a
1174 2750 1373 2791 mensa
1398 2734 1715 2791 nummaria
1742 2731 2078 2806 acciperent,
2107 2743 2396 2803 nequeunt
2436 2741 2599 2806 pacto

411 2828 600 2900 aliquo
629 2831 982 2889 fraudulento
999 2840 1112 2889 'sua
1138 2851 1360 2890 servare
1387 2833 1556 2900 bona,
1588 2834 1636 2889 si
1664 2830 1960 2907 contigerit
1986 2829 2289 2887 creditores
2330 2829 2593 2886 deficere.

412 2926 528 2991 Qui
569 2947 632 2985 se
671 2928 1035 3005 fidejussores
1077 2931 1453 3005 praestiterunt
1501 2930 1836 2989 officialibus
1879 2929 2143 3005 publiciS,
2198 2936 2487 3001 nequeunt
2529 2946 2592 2984 se

412 3026 695 3082 immunes
748 3036 1031 3103 praestare,
1062 3029 1166 3085 etsi
1207 3028 1411 3087 horum
1441 3028 1635 3087 fraude
1675 3048 1945 3103 magnum
1976 3030 2059 3085 eis
2089 3039 2493 3104 proventurum
2522 3028 2598 3084 sit

411 3123 702 3182 damnum.
788 3124 1076 3183 Caeterum
1106 3126 1156 3182 si
1182 3126 1407 3184 familiae
1435 3146 1552 3184 suae
1580 3128 1867 3186 calamitas
1896 3126 2240 3202 impendeat,
2271 3127 2405 3199 quin
2434 3144 2593 3201 repa-

411 3224 518 3280 rari
545 3224 727 3281 valeat
763 3224 1055 3291 damnum,
1097 3225 1260 3301 cujus
1300 3244 1362 3283 se
1404 3226 1770 3304 fidejussores
1812 3226 2211 3293 exhibuerunt,
2253 3244 2369 3284 non
2409 3224 2590 3284 audeo

484 3386 569 3450 (l)
607 3383 667 3434 L.
693 3372 964 3437 Novatione
973 3383 1138 3452 facta,
1174 3384 1298 3435 Cod.
1321 3384 1380 3436 de
1390 3384 1683 3454 fidejussor.
1752 3394 1781 3417 ‘⁸
1794 3385 1846 3433 If
1872 3385 1955 3433 the
1974 3384 2144 3434 holder
2165 3384 2221 3432 of
2247 3400 2277 3432 a
2296 3383 2589 3447 promissory

413 3476 525 3518 note
546 3470 682 3519 takes
702 3485 838 3534 upon
857 3471 1059 3519 himself
1083 3477 1134 3517 to
1173 3470 1284 3533 give
1321 3470 1505 3519 further
1541 3470 1662 3519 time
1700 3470 1773 3517 for
1792 3475 2037 3532 payment,
2059 3484 2112 3516 or
2132 3468 2339 3517 receives
2361 3483 2391 3514 a
2411 3474 2519 3530 part
2538 3467 2596 3515 of

414 3553 496 3602 the
517 3570 710 3617 money,
733 3556 829 3603 and
852 3555 986 3616 gives
1007 3555 1123 3603 time
1143 3554 1217 3603 for
1237 3553 1319 3602 the
1341 3562 1451 3613 rest,
1468 3555 1551 3602 the
1570 3560 1741 3603 nature
1762 3553 1819 3600 of
1831 3553 1914 3600 the
1935 3552 2225 3600 transaction
2246 3551 2287 3598 is
2309 3550 2584 3611 essentially

413 3640 646 3702 changed,
669 3641 767 3688 and
787 3640 868 3689 the
890 3640 1116 3689 endorser
1135 3640 1179 3688 is
1200 3655 1266 3687 no
1288 3641 1454 3699 longer
1474 3636 1814 3703 responsible.”
1885 3636 2126 3685 Purdon’s
2148 3636 2334 3695 Digest,
2357 3640 2443 3681 art.
2460 3634 2583 3682 Pm-

416 3714 628 3793 missory
654 3725 817 3774 Note-9.
885 3725 936 3773 N
941 3731 1058 3772 otes.

492 3813 578 3875 (2)
617 3819 646 3842 ‘⁶
663 3810 750 3858 An
771 3809 1032 3869 obligation
1054 3808 1110 3857 of
1135 3816 1232 3857 two
1250 3807 1567 3857 .individuals
1603 3805 1820 3867 running
1857 3807 2003 3854 thus:
2040 3812 2053 3836 ‘
2073 3802 2174 3851 We
2194 3797 2311 3850 bina
2333 3803 2592 3862 ourselves,

419 3907 507 3939 our
525 3892 666 3950 heirs,
689 3898 939 3940 executors
962 3890 1060 3939 and
1081 3891 1471 3950 administrators,
1505 3890 1603 3939 and
1636 3904 1779 3951 every
1801 3889 1858 3937 of
1882 3888 2015 3936 them
2053 3886 2211 3949 firmly
2233 3887 2298 3947 by
2320 3884 2453 3933 these
2485 3902 2588 3949 pre-

411 3975 572 4033 sents‚’
594 3976 637 4024 is
651 3976 780 4040 joint
800 3976 897 4023 and
919 3976 1114 4035 several,
1135 3976 1169 4023 4
1193 3974 1360 4023 Watts
1382 3973 1496 4023 50.’'
1564 3973 1764 4032 Ibidem,
1786 3978 1871 4021 art.
1893 3970 2079 4022 Bonde-
2157 3970 2317 4021 Notes-

485 4058 571 4124 (3)
610 4063 656 4117 §-
677 4059 728 4106 ii.
750 4058 1165 4127 Instfidejussor.
1674 4058 1760 4124 (4)
1796 4057 1927 4106 Nov.
1948 4058 2013 4105 iv.
2035 4071 2139 4119 cap.
2160 4055 2193 4103 i.

489 4144 574 4208 (5)
612 4141 882 4192 Endorser.

489 4226 574 4294 (6)
611 4224 668 4273 Id
691 4225 750 4273 de
772 4226 939 4275 litteris
975 4226 1168 4287 cambii,
1187 4227 1335 4289 vulgo
1370 4226 1482 4279 Bm
1496 4224 1563 4293 of
1585 4224 1879 4295 Exchange,
1912 4224 2291 4287 intelligendum.
2359 4231 2388 4254 “
2407 4222 2601 4271 Protest.

412 4313 469 4361 of
499 4328 601 4361 non
623 4317 855 4375 payment
884 4312 927 4360 is
948 4318 1035 4361 not
1055 4327 1306 4377 necessary
1329 4329 1394 4361 on
1417 4329 1446 4361 a
1465 4311 1754 4376 promissory
1772 4311 1931 4359 note.”
1998 4314 2019 4359 l
2042 4310 2209 4360 Dallas
2230 4311 2345 4357 235.
2373 4310 2395 4353 l
2418 4306 2597 4375 {entes

421 4399 532 4457 145,
556 4399 670 4445 533.
694 4396 773 4444 cit.
843 4396 999 4445 Notes
1020 4402 1070 4445 to
1091 4396 1304 4456 Pindon,
1328 4404 1414 4447 art.
1439 4396 1757 4463 Promissory
1783 4396 1943 4446 Notes.

483 4484 576 4549 (7)
616 4480 824 4532 Lucms
844 4482 932 4530 111.
955 4498 1061 4546 cap.
1085 4482 1326 4543 Pervenit,
1350 4481 1410 4533 de
1419 4481 1711 4551 fidejussor.

579 4582 734 4641 Vor„
764 4581 1008 4642 11.—19
