3117 5217
1043 522 1158 589 DE
1203 528 1528 589 CAMBIO
1571 528 1688 585 ΕΤ
1730 525 2041 585 CENSU.
2525 532 2639 587 199

462 702 618 759 vium
645 718 770 772 quae
798 699 920 756 vias
965 698 1172 756 ferreas
1199 699 1496 757 canalesve
1537 697 1804 773 dirigunt.
1889 696 2037 753 Haec
2078 714 2181 773 per
2206 716 2269 755 se
2310 698 2482 755 licere
2514 700 2637 776 jam

461 799 744 866 diximus;
788 796 892 857 sed
919 807 1141 855 constat
1169 815 1496 873 campsores
1538 798 1685 853 inter
1724 814 1788 853 se
1814 795 1961 853 fictis
1988 795 2375 872 emptionibus
2403 797 2643 869 aliisque

463 898 674 954 artibus
701 897 943 973 pretium
973 897 1262 954 actionum
1301 896 1581 963 minuere,
1610 912 1765 971 saepe
1794 894 1883 951 vel
1910 911 2138 970 augere,
2170 891 2319 950 unde
2346 894 2409 951 fit
2434 905 2495 952 ut
2521 896 2644 971 plu·

462 996 591 1053 rimi
611 994 882 1053 damnum
911 996 1209 1071 patiantur.
1251 993 1288 1052 J
1293 994 1542 1053 ustitiam
1565 992 1695 1051 laedi
1722 1002 1985 1069 putamus
2012 992 2235 1065 quoties
2256 1002 2372 1049 arte
2400 994 2643 1065 quadam

461 1094 619 1152 valor
645 1094 908 1161 variatur,
937 1094 1138 1151 saltem
1177 1094 1238 1151 ni
1265 1091 1432 1151 dolus
1473 1091 1757 1171 ejusmodi
1799 1092 1873 1149 sit
1897 1092 1997 1164 qui
2026 1110 2059 1147 a
2099 1091 2509 1165 campanaribus,
2540 1110 2645 1168 pro

459 1200 732 1251 consueta
756 1188 962 1269 agendi
988 1192 1226 1258 ratione,
1254 1189 1439 1267 detegi
1467 1191 1669 1264 possit.
1730 1188 2021 1247 Caeterum
2048 1188 2191 1246 adeo
2218 1199 2643 1249 consueverunt

460 1291 696 1367 fingere,
725 1300 783 1347 et
808 1291 953 1347 inter
977 1307 1040 1347 se
1066 1290 1243 1347 veluti
1268 1287 1484 1362 ludere,
1523 1297 1586 1345 ut
1624 1287 1859 1359 quilibet
1894 1289 2007 1345 sibi
2046 1287 2385 1363 plerumque
2424 1298 2643 1356 caveat,

467 1398 525 1445 et
551 1389 647 1445 vix
674 1407 736 1445 se
764 1387 1064 1463 deceptum
1093 1387 1374 1460 queratur.
1457 1387 1709 1443 Peccant
1733 1384 2119 1460 proculdubio
2144 1403 2346 1443 omnes
2374 1388 2491 1459 qui,
2522 1388 2649 1445 arti·

469 1488 576 1544 bus
603 1486 814 1558 iniquis
835 1495 893 1543 et
916 1486 1240 1543 rumoribus
1267 1484 1444 1552 salsis,
1473 1484 1762 1543 actionum
1788 1484 2039 1541 valorem
2080 1483 2139 1539 in
2166 1485 2257 1541 sui
2284 1483 2649 1543 commodum

469 1593 696 1660 augent,
725 1583 817 1641 vel
843 1584 1140 1651 minuunt;
1183 1582 1336 1655 quod
1361 1583 1488 1641 fieri
1514 1583 1721 1641 dicitur
1738 1581 1807 1639 ab
1834 1582 1977 1657 ipsis
2004 1581 2260 1659 collegiis
2288 1582 2521 1650 civium,
2551 1584 2651 1655 qui

469 1683 720 1739 actiones
763 1683 838 1739 ita
877 1682 985 1739 sibi
1025 1691 1354 1757 comparant
1391 1683 1633 1739 minimo
1673 1682 1875 1757 pretio,
1904 1680 2177 1756 deinceps
2221 1681 2476 1739 maximo
2518 1700 2653 1739 ven-

469 1779 705 1838 dendas.

552 1882 685 1937 130.
734 1876 966 1937 Census
1012 1896 1234 1935 annuus
1279 1886 1369 1935 est
1411 1886 1733 1936 contractus
1773 1896 1895 1950 quo
1914 1877 2121 1935 emitur
2158 1886 2217 1934 et
2254 1875 2517 1935 venditur
2550 1878 2651 1954 jus

468 1975 820 2054 percipiendi
860 1977 1199 2052 pensionem
1240 1994 1487 2034 annuam
1516 1994 1592 2033 ex
1630 1994 1711 2043 re,
1742 1975 1833 2033 vel
1874 1993 2119 2051 persona
2157 1975 2359 2033 aliena.
2443 1974 2653 2033 Realis

466 2073 670 2133 dicitur
693 2075 792 2147 qui
819 2075 878 2131 in
904 2093 964 2131 re
996 2072 1281 2141 fundatur,
1310 2092 1378 2131 v:
1409 2093 1483 2151 g:
1530 2075 1700 2151 agris,
1730 2073 1979 2131 aedibus:
2014 2072 2363 2151 personalis
2392 2074 2489 2145 qui
2529 2092 2654 2150 per-

465 2192 668 2231 sonam
703 2181 916 2242 tantum
943 2172 1172 2249 obligat,
1202 2172 1358 2231 nulla
1383 2191 1444 2229 re
1473 2173 1532 2230 in
1559 2173 1921 2230 securitatem
1962 2173 2211 2248 praestita
2236 2193 2250 2229 :
2294 2172 2531 2230 miaetus
2551 2174 2652 2245 qui

473 2271 780 2331 solvendus
808 2280 897 2329 est
933 2291 966 2327 a
992 2270 1240 2343 quodam
1279 2290 1355 2329 ex
1395 2289 1498 2328 sua
1536 2270 1832 2337 industria,
1878 2270 1971 2328 vel
2012 2271 2275 2345 pecunia,
2322 2269 2536 2327 aedibus
2562 2270 2655 2327 vel

473 2369 599 2427 aliis
628 2370 796 2427 rebus
822 2368 1205 2427 immobilibus
1232 2370 1482 2441 alioquin
1507 2360 1825 2427 obnoxiis.¹
1885 2369 2119 2426 Census
2141 2367 2445 2441 aliquando
2472 2388 2657 2426 serva-

473 2477 563 2525 tur
587 2467 894 2525 solvendus
921 2468 974 2523 ei
1002 2467 1102 2538 qui
1127 2485 1247 2525 rem
1276 2468 1558 2525 transtulit
1584 2468 1655 2524 ad
1682 2467 1878 2533 alium,
1907 2486 1975 2525 ea
2002 2467 2327 2525 conditione
2356 2468 2653 2542 apposita;

475 2565 776 2638 aliquando
804 2573 1025 2622 creatur
1051 2564 1120 2620 ab
1161 2564 1352 2637 aliquo
1379 2566 1478 2635 qui
1517 2584 1580 2622 se
1622 2565 1715 2622 vel
1739 2582 1831 2620 res
1872 2583 2005 2621 suas
2034 2565 2249 2640 obligat
2274 2564 2344 2621 ad
2387 2584 2519 2623 eum
2548 2565 2660 2623 sol-

476 2663 744 2722 vendum.
827 2662 918 2721 Ad
945 2664 1118 2719 vitam
1145 2658 1441 2740 cujusdam
1483 2680 1896 2734 nonnunquam
1923 2662 2299 2729 constituitur,
2327 2664 2453 2738 ejus
2480 2672 2659 2719 morte

471 2756 960 2838 extinguendus?
984 2760 1289 2833 aliquando
1315 2761 1386 2818 ad
1426 2780 1609 2820 annos
1638 2760 1951 2834 quosdam:
1998 2760 2304 2832 aliquando
2346 2768 2654 2840 perpetuus

469 2870 576 2917 est.
661 2861 817 2917 Eum
843 2857 1157 2916 redimendi
1185 2860 1346 2917 datur
1370 2878 1781 2932 nonnunquam
1807 2858 2063 2927 facultas,
2112 2858 2339 2931 quando
2366 2858 2500 2916 licet
2524 2877 2659 2917 ven-

474 2956 644 3015 ditori
688 2974 928 3013 censum
976 2958 1306 3032 extinguere
1353 2956 1569 3015 reddita
1614 2958 1894 3034 pecunia:
1940 2958 2094 3030 quod
2118 2958 2207 3045 ‘si'
2232 2966 2456 3034 emptor
2491 2958 2661 3019 etiam

477 3055 660 3131 possit
684 3064 942 3130 repetere
966 3055 1288 3130 pecuniam,
1318 3054 1519 3114 dicitur
1546 3057 1809 3129 utrinque
1838 3054 2218 3115 redimibilis.

559 3157 693 3211 131.
738 3152 940 3211 Licere
965 3171 1254 3211 reservare
1275 3154 1384 3211 sibi
1409 3155 1749 3230 pensionem
1774 3172 2039 3223 annuam,
2061 3174 2135 3213 ex
2156 3173 2217 3213 re
2244 3172 2415 3227 quam
2436 3154 2565 3227 quis
2592 3154 2662 3211 ad

477 3252 652 3311 alium
696 3246 975 3320 transfert,
990 3252 1171 3325 liquet
1211 3252 1524 3312 dummodo
1577 3254 1835 3329 alioquin
1888 3253 2241 3312 conditiones
2283 3252 2661 3311 translationis

474 3368 648 3423 aequae
669 3351 806 3408 sint.
864 3351 1065 3409 Licere
1082 3352 1252 3409 etiam
1270 3354 1615 3410 constituere
1636 3371 1900 3420 censum,
1922 3353 2121 3410 sivein
2138 3352 2410 3411 fructibus
2426 3351 2663 3428 praedio·

475 3466 622 3517 rum,
651 3450 856 3507 sivein
899 3450 1139 3526 pecunia
1181 3468 1253 3507 ex
1284 3450 1529 3525 praediis,
1575 3450 1667 3507 vel
1707 3450 1923 3508 aedibus
1950 3449 2276 3517 derivanda,
2306 3468 2507 3507 omnes
2546 3449 2661 3506 sere

481 3667 685 3730 varying
705 3667 965 3728 according
987 3674 1039 3715 to
1063 3666 1146 3715 the
1168 3666 1444 3727 exigencies
1466 3668 1524 3715 of
1547 3666 1632 3715 the
1669 3664 1842 3716 state-’⁹
1910 3664 1970 3713 L.
1991 3665 2025 3715 i.
2049 3664 2243 3713 Comm.
2265 3680 2316 3713 n.
2343 3667 2459 3712 327.
2530 3663 2665 3714 citat

481 3751 772 3800 Aretinum:
813 3759 842 3783 “
861 3751 958 3799 Pro
978 3757 1206 3813 tempore,
1227 3765 1314 3813 pro
1336 3764 1436 3813 spe,
1453 3765 1542 3813 pro
1561 3749 1816 3798 commodo
1837 3748 2074 3799 minuitur
2095 3734 2263 3797 eorum
2286 3748 2492 3810 pretium
2516 3754 2660 3821 atque

484 3835 748 3897 augescit?

559 3920 644 3985 (1)
683 3928 712 3951 “
730 3920 955 3982 Annuity
977 3919 1021 3967 is
1059 3934 1092 3967 a
1131 3917 1272 3979 thing
1311 3933 1426 3981 very
1448 3916 1647 3965 distinct
1682 3916 1806 3965 from
1840 3932 1869 3965 a
1890 3922 1998 3965 rent
2019 3917 2209 3978 charge,
2231 3916 2351 3966 with
2375 3918 2539 3968 which
2562 3920 2601 3967 it
2621 3920 2663 3969 is

489 4001 618 4050 osten
640 4002 971 4061 confounded;
1003 4004 1207 4051 because
1242 4018 1271 4050 a
1292 3990 1400 4050 rent
1420 4002 1595 4061 charge
1616 4001 1660 4049 is
1682 4017 1712 4049 a
1730 4001 1915 4050 bui-den
1937 4001 2154 4065 imposed
2187 4017 2336 4066 upon,
2359 4002 2455 4051 end
2476 4004 2665 4065 issuing

494 4090 580 4131 out
601 4086 658 4133 of
683 4086 853 4144 lands;
886 4086 1116 4143 whereas,
1139 4100 1204 4132 an
1243 4084 1448 4147 annuity
1470 4085 1514 4133 is
1552 4100 1583 4132 a
1619 4085 1783 4148 yearly
1806 4101 1930 4143 sum,
1965 4086 2243 4147 chargeable
2276 4087 2391 4149 only
2414 4079 2548 4153 upon
2580 4088 2665 4137 the

491 4182 664 4230 person
686 4169 743 4216 of
756 4169 839 4217 the
862 4167 1103 4228 grantorss’
1136 4167 1277 4216 Rees’
1302 4168 1430 4215 New
1453 4168 1841 4231 Encyclopoedia,
1859 4170 1952 4218 vol.
1974 4170 2041 4218 iii.
2064 4176 2150 4217 art.
2173 4170 2419 4241 Annm‘ty·
2436 4172 2495 4221 in
2521 4172 2666 4222 Law.

564 4253 651 4317 (2)
688 4260 719 4284 ‘⁴
737 4252 847 4300 The
869 4258 995 4301 most
1015 4253 1206 4313 general
1226 4250 1432 4301 division
1453 4252 1510 4300 of
1535 4252 1778 4301 annuitics
1799 4253 1841 4301 is
1874 4253 1979 4305 into
2016 4253 2276 4304 annuitiea
2309 4255 2498 4305 certain
2508 4278 2531 4313 ,·
2567 4256 2665 4304 and

493 4336 749 4396 annuities,
771 4336 852 4385 the
872 4343 1104 4400 payment
1126 4336 1182 4383 of
1205 4335 1368 4385 which
1388 4335 1603 4399 depende
1624 4352 1691 4386 on
1712 4352 1743 4385 a
1762 4337 2089 4407 oentt'ngency
2100 4364 2123 4399 ,·
2161 4339 2299 4400 such,
2320 4339 2373 4389 in
2394 4338 2664 4404 particular,

493 4434 546 4467 as
567 4418 650 4469 the
671 4419 992 4470 continuance
1009 4420 1066 4468 of
1091 4436 1121 4468 a
1140 4418 1269 4468 lifess’
1336 4419 1535 4479 Ibidem,
1556 4426 1644 4468 art.
1666 4420 1957 4471 Annuitiea.
