3117 5217
837 566 952 627 ΠΕ
995 563 1440 635 DEPOSITO,
1485 567 1930 636 MANDATO,
1972 567 2168 626 ETC.
2474 571 2585 626 157

412 733 730 809 precarium
757 732 944 800 fuerit,
971 734 1257 811 recipiens
1297 733 1528 790 nonnisi
1566 732 1637 791 de
1676 731 1811 791 dolo
1850 741 1906 789 et
1946 733 2117 808 culpa
2155 733 2265 790 lata
2300 734 2593 791 restituere

415 840 652 888 tenetur.

488 933 586 987 43.
617 928 982 988 Mandatum
1011 929 1218 989 dicitur
1243 928 1510 1005 obligatio
1539 929 1753 1003 aliquid
1782 928 1987 1006 agendi
2007 929 2066 987 in
2087 928 2314 987 alterius
2338 946 2589 988 commo-

414 1025 548 1085 dum
593 1028 763 1103 gratis
809 1038 1073 1104 suscepta
1091 1021 1138 1085 :¹
1183 1046 1310 1099 quae
1357 1029 1430 1085 ob
1475 1029 1717 1103 pretium
1766 1026 2091 1101 suscipitur,
2140 1026 2361 1085 locatio
2408 1046 2599 1104 operae

409 1134 654 1183 vocatur.
741 1134 779 1161 ‘⁶
804 1126 1141 1185 Mandatum
1181 1126 1292 1183 nisi
1318 1126 1623 1201 gratuitum
1651 1126 1867 1183 nullum
1910 1134 2015 1193 est,
2044 1144 2175 1183 nam
2203 1126 2483 1201 originem
2512 1146 2587 1183 ex

409 1222 600 1281 officio
629 1223 721 1280 vel
748 1224 995 1281 amicitia
1022 1224 1222 1290 trahit;
1263 1223 1672 1283 interveniente
1698 1224 1853 1281 enim
1882 1226 2125 1297 pecunia
2149 1224 2220 1281 ad
2246 1225 2589 1282 locationem

410 1329 466 1377 et
489 1321 925 1379 conductionem
951 1324 1140 1397 potius
1168 1314 1500 1396 respicit.”²
1565 1322 1849 1380 Mandans
1877 1331 2093 1379 tenetur
2118 1322 2369 1397 praebere
2396 1342 2591 1381 neces-

416 1420 564 1475 saria
589 1420 662 1477 ad
689 1417 938 1479 mandati
963 1420 1380 1485 executionem,
1405 1429 1461 1476 et
1487 1420 1707 1478 solvere
1734 1411 2046 1495 sumptuS.³
2128 1420 2337 1477 Ratum
2368 1439 2595 1493 quoque

410 1515 616 1573 habere
643 1515 812 1573 debet
835 1517 990 1587 quod
1017 1518 1380 1577 suonomine
1421 1517 1729 1593 prudenter
1768 1526 1990 1594 gestum
2031 1527 2134 1574 est.
2220 1518 2335 1583 Qui
2362 1520 2592 1577 manda-

415 1621 532 1671 tum
577 1615 813 1690 accepit,
855 1633 954 1672 seu
999 1618 1356 1683 Procurator,
1399 1616 1567 1675 debet
1606 1625 1936 1693 susceptum
1979 1615 2269 1691 negotium
2298 1615 2597 1693 diligenter

414 1712 652 1787 implere
677 1732 692 1769 τ
737 1714 891 1785 quod
935 1715 984 1771 si
1031 1716 1090 1774 id
1135 1712 1470 1789 neglexerit,
1521 1717 1611 1773 vel
1658 1716 1805 1773 male
1854 1714 2156 1790 peregerit,
2207 1714 2485 1773 tenebitur
2530 1717 2603 1774 ad

413 1809 621 1869 damna
645 1811 954 1885 reparanda
977 1833 1106 1887 quae
1135 1812 1426 1871 mandanti
1445 1807 1827 1871 obvenerint.⁴
1908 1812 2131 1884 Nequit
2154 1810 2403 1869 mandati
2430 1815 2595 1882 fines,

417 1916 454 1943 ‘⁶
478 1910 576 1980 qui
604 1908 906 1986 diligenter
931 1909 1287 1973 custodiendi
1313 1909 1519 1969 sunt”⁵
1545 1914 1801 1969 transire.
1887 1911 2003 1975 Qui
2044 1911 2167 1967 sine
2206 1908 2471 1970 mandato
2510 1931 2599 1969 res

415 2008 658 2065 absentis
700 2008 909 2065 utiliter
949 2012 1112 2087 gerit,
1159 2008 1506 2069 mandatario
1553 1999 1995 2085 aequiparaturz⁶
2034 2009 2237 2067 absens
2278 2009 2411 2067 vero
2446 2011 2599 2069 labo-

417 2124 559 2175 rem,
588 2108 898 2181 impensas,
927 2119 985 2167 et
1009 2109 1216 2167 damna
1240 2108 1391 2165 illius
1419 2108 1587 2167 debet
1610 2101 2035 2183 compensare.⁷
2093 2107 2191 2164 Ex
2216 2106 2386 2183 culpa
2410 2108 2521 2166 lata
2546 2118 2603 2167 et

413 2202 544 2263 dolo
573 2215 791 2263 tenetur
817 2207 1214 2274 mandatarius⁹
1246 2214 1346 2263 seu
1376 2208 1735 2284 negotiorum
1763 2213 1972 2282 gestor,
1995 2206 2045 2262 si
2074 2206 2245 2282 gratis
2274 2208 2491 2281 egerit;
2520 2227 2597 2265 ex

415 2302 548 2369 levi,
575 2304 626 2361 si
653 2288 880 2380 accepta
909 2306 1192 2365 mercede.
1263 2304 1550 2363 Caeterum
1579 2318 1712 2363 sunt
1736 2307 1881 2363 inter
1915 2304 2215 2379 theologos
2244 2304 2342 2376 qui
2371 2307 2601 2363 nonnisi

413 2420 488 2457 ex
513 2402 680 2476 culpa
705 2404 925 2462 mortali
953 2404 1273 2479 theologica
1306 2404 1708 2479 obligationem
1751 2401 2085 2460 restituendi
2125 2403 2185 2458 in
2226 2403 2601 2469 mandatariO,

417 2500 562 2556 sicut
585 2510 642 2556 et
667 2501 726 2557 in
754 2499 1119 2577 depositario‚
1148 2502 1482 2573 caeterisque
1511 2500 1845 2578 hujusmodi
1870 2491 2239 2575 agnoscunt.⁸

493 2602 592 2654 44.
635 2597 886 2657 Locatio
915 2610 1004 2657 est
1041 2608 1361 2659 contractus
1391 2617 1508 2670 quo
1549 2617 1813 2674 persona,
1842 2598 1932 2653 vel
1971 2616 2063 2654 res
2092 2599 2283 2670 aliqua
2308 2597 2378 2655 ad
2406 2618 2595 2665 usum,

418 2697 506 2753 vel
552 2696 798 2755 fructum
844 2716 946 2773 pro
993 2701 1174 2774 pretio
1219 2696 1586 2755 conceditur:
1632 2696 1948 2756 conductio
1994 2703 2083 2751 est
2124 2705 2443 2754 contractus
2491 2714 2604 2767 quo

416 2813 680 2869 persona,
711 2795 801 2853 vel
827 2816 916 2855 res
951 2798 1140 2871 aliqua
1165 2795 1238 2855 ad
1263 2815 1452 2863 usum,
1485 2797 1576 2854 vel
1605 2796 1845 2853 fructum
1878 2813 1981 2869 pro
2010 2796 2191 2868 pretio
2218 2812 2345 2851 com
2354 2803 2596 2870 paratur:

416 2892 566 2949 idem
596 2895 812 2969 quippe
839 2906 1156 2954 contractus
1183 2906 1421 2967 utroque
1462 2896 1696 2953 nomine
1736 2912 1840 2969 pro
1880 2892 2331 2951 contrahentium
2368 2892 2599 2949 diversi·

414 3001 526 3047 tate
553 3001 800 3047 vocatur.
885 2992 1127 3052 Locator
1152 3011 1268 3051 non
1293 2992 1460 3050 debet
1494 2993 1739 3069 pretium
1770 2994 1929 3069 justo
1958 2993 2143 3068 majus
2170 2992 2401 3067 exigere
2424 3011 2439 3047 ε
2474 2992 2596 3068 jus·

419 3099 535 3145 tum
564 3097 749 3146 autem
792 3089 1026 3148 habetur
1069 3092 1331 3167 pretium,
1377 3092 1553 3163 quod,
1598 3092 1785 3150 habita
1823 3093 2041 3148 ratione
2081 3090 2499 3167 adjunctorum,
2540 3101 2601 3147 et

490 3286 573 3349 (1)
615 3293 644 3317 ‘⁴
663 3284 968 3334 Mandatum
993 3284 1035 3332 is
1056 3284 1216 3333 where
1237 3284 1318 3333 the
1340 3284 1492 3337 bailee
1515 3285 1802 3333 undertakes
1823 3292 1873 3332 to
1891 3284 1952 3332 do
1975 3283 2249 3345 something
2265 3289 2329 3342 to,
2346 3299 2400 3331 or
2422 3282 2597 3347 simply

421 3382 555 3431 carry
577 3369 659 3417 the
680 3368 924 3427 bailmem,
945 3368 1152 3417 without
1172 3367 1526 3432 recompense.”
1597 3368 1716 3417 Not.
1738 3369 1799 3416 ad
1822 3367 2101 3417 Blackston.
2129 3368 2161 3426 l,
2183 3368 2233 3415 ii.
2256 3383 2305 3415 n.
2328 3368 2445 3413 451.

491 3457 577 3519 (2)
617 3453 676 3501 L.
699 3454 730 3503 i.
755 3453 806 3502 ff.
825 3454 1072 3505 mandati.
1118 3463 1147 3486 ‘⁴
1166 3454 1291 3503 This
1313 3454 1495 3518 species
1517 3455 1575 3502 of
1599 3454 1831 3503 bailment
1850 3453 2199 3515 comprehends
2221 3453 2285 3500 all
2308 3451 2445 3499 those
2467 3466 2603 3499 cases

421 3538 474 3587 in
496 3538 657 3587 which
678 3538 760 3587 the
782 3538 932 3587 bailee
953 3538 1242 3589 undertakes
1264 3545 1314 3587 to
1335 3545 1536 3589 execute
1558 3539 1693 3587 work
1714 3538 1789 3586 for
1810 3554 1840 3585 a
1862 3553 1973 3585 sum
2006 3536 2061 3584 of
2087 3533 2311 3596 money.”
2382 3533 2501 3582 Not.
2537 3533 2597 3581 ad

419 3622 630 3671 Blackst.
653 3621 743 3673 ubi
761 3638 939 3689 cupra.

490 3709 574 3771 (3)
614 3705 674 3754 C.
698 3706 760 3755 vi.
783 3706 840 3757 de
853 3723 1055 3773 procur.
1533 3708 1617 3771 (4)
1657 3705 1717 3754 L.
1739 3705 1841 3755 xxi.
1868 3704 1959 3755 cod
1982 3702 2152 3753 mand.
2234 3762 2239 3765 ἢ

491 3794 577 3857 (5)
617 3790 676 3839 L.
699 3807 744 3839 v.
766 3790 818 3839 ff.
836 3790 1086 3844 mandaeai.
1539 3793 1625 3856 (6)
1664 3789 1724 3837 L.
1747 3805 1832 3837 xx.
1854 3788 1960 3837 cod.
1980 3787 2039 3839 de
2062 3790 2222 3852 negot·
2244 3790 2371 3852 gest.

491 3878 574 3941 (7)
614 3875 674 3924 L.
697 3876 746 3925 ii.
768 3875 820 3925 ff.
841 3876 900 3927 de
921 3883 1089 3944 negot.
1100 3882 1228 3945 gest.

494 3965 579 4027 (8)
619 3961 821 4010 “What
853 3962 897 4010 is
928 3960 1111 4011 trusted
1144 3968 1194 4010 to
1227 3978 1292 4010 an
1325 3968 1471 4023 agent
1503 3976 1617 4022 may
1639 3960 1699 4007 be
1730 3960 1823 4007 lost
1855 3956 2235 4017 ordamagedin
2258 3955 2514 4005 hishands
2535 3957 2598 4017 by

423 4046 718 4095 missoriano.
789 4047 872 4095 An
895 4054 1041 4108 agent
1060 4048 1176 4096 who
1198 4053 1300 4095 acts
1334 4046 1543 4096 without
1564 4061 1660 4108 pay
1682 4044 1724 4092 is
1746 4050 1834 4092 not
1854 4043 2145 4092 answerable
2166 4042 2239 4089 for
2259 4041 2343 4089 the
2363 4041 2459 4089 loss
2482 4058 2496 4099 ;
2530 4041 2603 4088 for

425 4130 469 4181 if
493 4130 556 4181 he
577 4148 698 4193 gave
718 4132 797 4182 his
819 4132 950 4181 labor
970 4132 1043 4181 for
1064 4131 1285 4192 nothing,
1305 4132 1346 4179 it
1365 4138 1544 4181 cannot
1566 4132 1626 4179 be
1646 4129 1915 4194 presumess
1933 4129 2037 4177 that
2052 4127 2115 4177 he
2134 4142 2253 4188 gave
2270 4127 2373 4175 also
2388 4124 2597 4186 security

421 4216 494 4265 sor
515 4217 596 4265 the
619 4233 810 4267 success
832 4216 888 4264 of
913 4217 964 4265 it.
1031 4216 1082 4265 If
1107 4215 1189 4264 the
1222 4223 1368 4277 agent
1398 4218 1464 4264 be
1492 4215 1629 4265 hired
1662 4222 1712 4263 to
1745 4214 1828 4263 the
1860 4213 2096 4271 business,
2129 4212 2211 4261 the
2245 4209 2469 4275 question
2501 4207 2601 4257 will

425 4301 613 4365 depend
635 4316 770 4365 upon
790 4302 875 4349 the
897 4300 1247 4364 apprehension
1269 4301 1326 4349 of
1349 4302 1432 4350 the
1453 4300 1630 4363 parties
1652 4307 1702 4349 at
1722 4300 1803 4348 the
1827 4299 1942 4347 time
1964 4298 2020 4347 of
2034 4296 2235 4357 making
2252 4296 2338 4343 the
2360 4299 2600 4349 contruct3

422 4385 585 4435 which
607 4384 958 4448 apprehension
979 4384 1037 4432 of
1059 4384 1206 4434 theirs
1240 4391 1370 4433 must
1402 4386 1461 4433 be
1494 4384 1724 4432 collected
1757 4383 1931 4445 chiefly
1953 4382 2077 4431 from
2111 4387 2314 4437 custom,
2348 4380 2413 4439 by
2436 4374 2600 4425 which

423 4470 657 4533 probably
679 4470 719 4517 it
738 4485 840 4518 was
862 4467 1085 4530 guided.”
1156 4470 1306 4533 Paley
1344 4466 1513 4520 Mora!
1533 4465 1672 4518 Phil.
1696 4469 1728 4518 l.
1750 4468 1799 4517 ii.
1822 4483 1864 4516 c.
1892 4469 1968 4513 12.

578 4566 732 4625 Vox..
781 4564 1028 4623 11.—15
