3117 5217
487 544 612 601 236
1147 540 1262 601 DE
1307 538 2016 601 SUPERSTITIONE.

490 718 548 765 et
573 705 644 765 de
671 706 798 763 aliis
823 704 992 763 rebus
1017 707 1276 775 occultis,
1293 726 1410 766 non
1435 716 1679 782 possunt
1703 707 1813 765 sibi
1838 706 2119 783 polliceri,
2136 706 2248 765 nisi
2275 704 2467 762 illicita
2486 699 2679 773 aliqua

491 806 796 865 ariolorum
839 814 973 861 arte.
1057 805 1332 871 Quamvis
1373 816 1560 863 autem
1602 804 1803 863 demus
1848 804 1956 863 hos
1996 806 2331 881 plerumque
2373 803 2675 861 verborum

489 905 854 979 ambiguitate
881 902 1094 971 ludere,
1126 904 1218 961 vel
1246 922 1369 975 quoe
1415 899 1949 980 interrogationibus
1992 904 2165 962 veluti
2204 902 2481 977 expiscati
2518 908 2673 965 sunt,

488 1002 855 1079 respondere,
885 1001 976 1059 vel
1005 1021 1176 1061 vanas
1205 1002 1488 1075 falsasque
1509 1002 1797 1059 venditare
1818 1004 2193 1079 conjecturas,
2212 1019 2329 1059 non
2356 999 2485 1057 ideo
2504 998 2676 1074 culpa

487 1109 622 1159 sunt
647 1102 932 1158 immunes
961 1102 1060 1173 qui
1085 1120 1188 1159 eos
1215 1101 1324 1157 sibi
1351 1100 1587 1158 illudere
1633 1102 1939 1175 patiuntur.
2021 1102 2246 1158 Acriter
2285 1099 2457 1175 igitur
2502 1098 2676 1157 corri-

487 1198 680 1276 piendi
709 1207 842 1257 sunt
860 1200 960 1271 qui
987 1200 1120 1258 huic
1147 1199 1542 1275 superstitioni
1570 1198 1897 1275 indulgent:
1943 1208 1981 1236 “
2006 1200 2135 1257 Nee
2162 1198 2485 1257 inveniatur
2529 1197 2588 1253 in
2616 1206 2671 1253 te

490 1340 505 1355 .
537 1338 552 1355 .
585 1339 600 1353 .
631 1299 728 1369 qui
756 1297 964 1356 ariolos
991 1293 1405 1356 sciscitetur.”¹
1447 1298 1691 1355 Silentio
1718 1298 2200 1373 praetermittimus
2220 1295 2369 1353 foeda
2388 1292 2668 1367 quaedam,

488 1396 692 1468 quibus
718 1414 1126 1469 nonnunquam
1151 1406 1401 1465 utuntur,
1431 1395 1522 1453 vel
1549 1414 1675 1467 quae
1715 1395 1919 1453 docent
1942 1395 2218 1463 facienda,
2248 1394 2317 1451 ad
2354 1394 2670 1451 absentium

489 1513 742 1553 amorem
767 1513 902 1571 erga
927 1514 990 1552 se
1017 1496 1382 1553 consulentes
1408 1493 1825 1551 attrahendum.
1870 1560 1873 1565 ¹

467 1636 475 1645 .
567 1597 666 1651 44.
711 1592 1170 1670 Magnetismus
1217 1592 1506 1652 animalis
1552 1592 1758 1650 dicitur
1809 1592 2069 1664 quaedam
2122 1593 2268 1649 mira
2316 1592 2459 1648 ratio
2511 1590 2671 1647 alteri

487 1710 756 1769 soporem
783 1691 1112 1763 inducendi,
1143 1712 1256 1765 quo
1306 1700 1480 1748 totum
1500 1710 1733 1767 -corpus
1778 1692 2004 1767 penitus
2046 1690 2305 1763 quiescit,
2344 1699 2531 1747 mente
2560 1687 2667 1745 alio

487 1792 659 1850 veluti
687 1792 972 1859 translata,
999 1802 1058 1850 et
1083 1810 1286 1850 arcana
1309 1788 1627 1865 detegente.
1672 1790 1819 1848 Sunt
1846 1790 1945 1863 qui
1970 1790 2169 1847 dicunt
2186 1787 2243 1846 id
2266 1790 2593 1863 contingere
2615 1788 2672 1844 vi

487 1888 730 1962 quadam
757 1890 1016 1957 naturali,
1058 1890 1236 1948 fluido
1279 1888 1500 1945 scilicet
1543 1890 1888 1964 magnetico‚
1931 1888 2023 1945 vel
2064 1888 2271 1945 mentis
2314 1888 2549 1952 viribus,
2578 1885 2670 1942 vel

487 1987 709 2045 occulta
735 1987 880 2043 inter
903 1996 1227 2061 utrumque,
1255 2004 1388 2043 eum
1431 1986 1649 2046 scilicet
1689 1988 1787 2059 qui
1814 1987 2031 2045 inducit
2056 2005 2321 2062 soporem
2348 2000 2405 2043 et
2432 1985 2670 2041 alterum

485 2103 691 2161 sopore
719 2086 1110 2156 constrictum,
1139 2085 1687 2151 communicatione;
1730 2085 1833 2143 sed
1872 2085 2101 2143 difficile
2141 2103 2373 2161 prorsus
2412 2092 2501 2141 est
2526 2076 2671 2143 mira

486 2202 613 2256 quae
659 2194 951 2243 narrantur
991 2205 1176 2245 causae
1223 2184 1461 2241 tribuere
1509 2184 1768 2251 naturali,
1810 2203 1988 2257 quum
2026 2184 2356 2259 longinqua,
2400 2192 2457 2239 et
2480 2181 2668 2240 cordis

484 2301 688 2340 arcana
714 2284 926 2360 saepius
953 2284 1208 2342 dicantur
1233 2283 1534 2349 enuntiari,
1554 2284 1791 2358 jubente
1816 2284 1917 2340 illo
1944 2284 2044 2355 qui
2073 2283 2189 2339 vim
2217 2282 2372 2339 illam
2388 2281 2663 2361 magneti-

482 2398 608 2437 cam
635 2390 882 2439 exercet.
967 2383 1250 2441 Praeterea
1273 2398 1590 2438 consensus
1618 2382 1846 2439 alterius
1875 2382 2197 2454 requiritur,
2224 2382 2408 2456 prima
2434 2382 2581 2447 vice,
2602 2382 2667 2436 u't

484 2478 776 2538 inducatur
803 2499 996 2556 sopor,
1027 2482 1124 2554 qui
1151 2478 1388 2556 proinde
1427 2498 1500 2537 ex
1529 2499 1701 2537 causa
1726 2489 1960 2541 externa
1986 2490 2043 2537 et
2073 2498 2225 2537 mere
2252 2478 2487 2537 naturali
2514 2487 2663 2535 totus

484 2597 598 2635 non
626 2578 870 2655 pendet:
901 2581 1004 2638 sed
1031 2564 1215 2652 neque
1233 2598 1307 2635 ex
1334 2598 1502 2637 causa
1521 2598 1676 2637 mere
1700 2578 1942 2646 interna,
1971 2579 2180 2635 viribus
2200 2579 2421 2635 scilicet
2440 2578 2666 2644 mentis,

485 2698 662 2751 quum
690 2698 866 2755 sopor
891 2680 1122 2739 nonnisi
1151 2680 1220 2736 ab
1248 2677 1356 2737 alio
1383 2678 1699 2736 inducatur.
1754 2678 1909 2735 Inter
1934 2686 2237 2749 utrumque
2265 2675 2419 2734 nulla
2447 2675 2669 2733 videtur

483 2777 606 2834 fieri
633 2779 1071 2835 communicatio
1099 2778 1326 2843 virium,
1357 2795 1486 2833 nam
1517 2775 1819 2848 aliquando
1860 2786 2192 2853 separantur
2218 2776 2545 2851 parietibuS,
2574 2774 2667 2831 vel

479 2875 724 2950 longiori
770 2876 1084 2933 intervallo·
1171 2875 1382 2931 Gravis
1427 2882 1514 2931 est
1553 2875 1725 2949 igitur
1764 2875 1905 2933 ratio
1947 2874 2277 2949 suspicandi
2304 2873 2662 2931 occultorum.-

483 2973 740 3034 notitiam
779 2991 952 3047 quam
978 2973 1226 3049 produnt
1268 2972 1668 3049 magne-tisati
1710 2972 2059 3031 daemoniaca
2098 2992 2271 3049 opera
2310 2972 2669 3047 contingere,

483 3090 654 3144 quam
683 3052 892 3149 magno
919 3091 1202 3130 consensu
1231 3072 1506 3130 tradidere
1532 3080 1749 3129 veteres
1778 3073 1836 3129 in
1875 3074 2043 3131 rebus
2068 3072 2335 3130 humanis
2362 3070 2665 3141 aliquando

482 3170 842 3228 intervenire.
905 3170 972 3227 Id
989 3171 1158 3227 etiam
1185 3169 1336 3227 haud
1364 3170 1902 3244 praetermittendum
1926 3189 2192 3247 soporem
2219 3180 2433 3227 tantum
2450 3167 2663 3236 induci,

481 3278 544 3325 ut
571 3268 866 3339 quiescant
891 3252 1123 3343 prorsus
1151 3268 1404 3342 corporis
1432 3268 1703 3337 membra,
1732 3288 1839 3350 nec
1865 3268 2045 3326 va'leat
2070 3270 2187 3327 vim
2212 3268 2474 3325 inferenti
2500 3268 2673 3324 resis-

482 3378 600 3425 tere
629 3385 755 3438 quae
783 3384 991 3443 sopore
1018 3376 1106 3423 est
1139 3366 1460 3434 constricta,
1501 3365 1646 3425 adeo
1688 3378 1750 3425 ut
1798 3368 2144 3425 facinoribus
2189 3376 2375 3443 pateat
2414 3366 2658 3423 occasio,

483 3467 797 3539 Postquam
827 3476 1019 3524 autem
1063 3466 1234 3523 desiit
1273 3483 1474 3540 sopor,
1511 3466 1655 3524 nihil
1700 3482 1931 3543 prorsus
1972 3484 2187 3543 eorum·
2212 3483 2335 3537 quae
2364 3464 2663 3522 dormienti

480 3567 856 3643 contigerunt,
884 3566 1174 3623 memoriae
1201 3566 1468 3623 occurrit.
1548 3564 1708 3623 Hinc
1732 3565 1922 3641 puella
1948 3565 2145 3635 nequit
2168 3582 2231 3619 se
2260 3571 2411 3619 tanto
2440 3580 2661 3621 morum

481 3665 798 3724 discrimini
836 3666 1105 3743 objicere.
1189 3664 1276 3721 Re
1323 3664 1534 3740 saepius
1576 3665 1827 3722 examini
1866 3664 2137 3739 subjecta,
2180 3662 2246 3719 S.
2276 3660 2663 3737 Congregatio
2749 3720 2759 3727 ,

477 3764 899 3836 Inquisitionis,
925 3764 1022 3821 die
1045 3768 1118 3821 21
1151 3764 1386 3839 Aprilis,
1436 3766 1611 3829 1841,
1656 3761 1957 3821 declaravit
1997 3769 2036 3795 ‘⁴
2055 3780 2223 3819 usum
2266 3759 2651 3836 magnetismi‚

483 3871 652 3937 prout
677 3864 1002 3938 exponitur,
1031 3881 1146 3919 non
1180 3861 1420 3920 licere.”
1502 3862 1663 3919 Idem
1712 3860 2006 3937 respondit
2048 3860 2111 3916 S.
2144 3859 2595 3925 Poenitentiaria,
2630 3860 2655 3912 1

480 3958 622 4017 Julii
655 3963 830 4026 1841,
859 3961 1170 4032 quaerenti:
1215 3969 1254 3996 ⁴‘
1275 3968 1347 4019 an
1389 3960 1767 4017 confessarius
1808 3958 2164 4034 parochusve-
2190 3966 2307 4015 tuto
2336 3957 2662 4033 possitpoe·

479 4058 785 4115 nitentibus
813 4068 908 4114 aut
932 4058 1288 4133 parochianis
1317 4060 1441 4116 suis
1466 4060 1789 4133 permittere
1816 4077 1837 4114 ι
1881 4061 1933 4115 1.
1963 4066 2027 4113 ut
2065 4056 2503 4132 magnetismum
2544 4054 2661 4111 ani-

479 4154 710 4222 malem,
758 4155 870 4213 illis
915 4156 1328 4217 characteribus
1373 4158 1618 4229 aliisque
1664 4157 1943 4219 similibus
1971 4155 2292 4231 praeditum,
2334 4162 2657 4220 exerceant,

482 4264 769 4326 tamquam
797 4263 972 4312 artem
1005 4254 1300 4314 medicinae
1345 4256 1757 4313 auxiliatricem
1802 4264 1967 4328 atque
1996 4254 2447 4331 suppletoriam3
2490 4256 2548 4309 2.
2581 4250 2662 4309 Ut

480 4371 608 4412 sese
637 4352 799 4412 illum
823 4354 882 4410 in
909 4362 1114 4412 statum
1143 4355 1637 4412 somnambulismi
1680 4354 1981 4431 magnetici
2018 4351 2393 4411 demittendos
2420 4368 2659 4410 consen-

1285 4492 1368 4558 (1)
1408 4491 1561 4541 Dent„
1578 4490 1715 4540 xviii.
1743 4494 1828 4540 10ι
