3117 5217
1168 1162 1879 1236 APPENDIX.

1074 1513 1985 1574 PROPOSITIONES

627 1685 692 1726 IN
735 1685 1008 1725 MATERIA
1049 1657 1258 1726 Momm
1299 1688 1338 1726 A
1378 1687 1597 1727 SUMMIS
1638 1687 2059 1728 PONTIFICIBUS
2099 1685 2431 1726 DAMNATAE·

429 1863 688 1941 Propos.
712 1867 810 1922 45.
841 1883 992 1941 quas
1021 1864 1322 1924 Alexand.
1359 1864 1496 1924 VII.
1527 1885 1672 1925 ann.
1708 1871 1882 1925 1663.
1916 1870 1967 1938 ἃ
1995 1870 2169 1924 1666.
2193 1865 2275 1923 ad
2290 1863 2619 1933 minimum

511 1969 802 2040 tanquam
831 1963 1218 2023 scandalosas
1248 1965 1603 2037 damnavit3
1650 1984 1916 2044 quasque
1945 1965 2149 2024 docere
2168 1962 2485 2042 prohibuit
2507 1962 2617 2020 sub

496 2081 680 2139 poena
726 2064 1366 2122 eaecommunicationis
1411 2065 1542 2142 ipso
1576 2061 1754 2144 facto
1804 2065 2203 2132 incurrendae‚
2248 2083 2317 2122 ac
2365 2061 2615 2120 Summo

507 2159 823 2242 Pontffici,
854 2169 1025 2221 extra
1052 2151 1280 2221 mortis⁸
1297 2162 1628 2222 articulum
1665 2172 1997 2222 reservatae.

514 2317 566 2370 1.
611 2312 810 2371 Homo
855 2314 1014 2372 nullo
1057 2333 1308 2388 unquam
1350 2317 1478 2374 vitae
1518 2334 1635 2373 suae
1664 2325 1920 2393 tempore
1948 2325 2169 2374 tenetur
2196 2315 2400 2374 elicere
2428 2322 2613 2370 actum

432 2411 617 2478 Fidei,
648 2411 815 2488 Spei,
841 2413 900 2470 ὅτ.
929 2412 1255 2482 Charitatis‚
1287 2434 1361 2472 ex
1399 2417 1456 2472 vi
1499 2425 1910 2492 praeceptorum
1938 2416 2259 2474 divinorum
2287 2413 2357 2471 ad
2384 2431 2479 2470 eas
2507 2413 2615 2470 vir-

431 2520 576 2568 tutes
612 2509 1039 2587 pertinentium.'

505 2615 565 2666 2.
609 2611 717 2667 Vir
743 2612 1022 2684 equestris
1051 2611 1121 2668 ad
1148 2611 1399 2670 duellum
1429 2623 1769 2690 provocatus
1796 2623 1989 2690 potest
2010 2612 2149 2671 illud
2186 2620 2497 2686 acceptare,
2540 2628 2612 2668 ne
2703 2684 2705 2686 v

433 2709 741 2766 timiditatis
770 2720 958 2768 notam
989 2710 1139 2786 apud
1167 2712 1308 2768 alios
1336 2713 1601 2770 incurrat.

511 2813 566 2865 3.
609 2808 904 2867 Sententia
927 2827 1207 2877 asserens,
1237 2811 1464 2868 Bullam
1495 2810 1693 2869 Coenae
1720 2811 1905 2869 solum
1933 2811 2254 2898 prohibere„
2272 2809 2613 2868 absolution-

429 2925 522 2963 em
552 2907 806 2976 haeresis,
849 2909 908 2966 <Sc
948 2909 1188 2983 aliorum
1235 2910 1559 2979 criminum,
1596 2911 1826 2983 quando
1868 2911 2093 2986 publica
2132 2919 2282 2976 sunt,
2326 2909 2385 2966 <tc
2413 2907 2470 2966 id
2497 2927 2613 2965 non

433 3003 700 3082 derogare
729 3007 978 3064 facultati
1005 3007 1347 3075 Tridentini,
1370 3009 1571 3081 inqua
1596 3009 1666 3066 de
1688 3010 1921 3066 occultis
1942 3001 2271 3067 criminifius
2295 3026 2483 3065 sermo
2506 3017 2611 3072 est,

427 3123 578 3163 anno
614 3110 786 3164 1629.
822 3110 916 3164 18.
944 3107 1087 3164 Julii
1115 3107 1173 3164 in
1203 3106 1565 3165 Consistorio
1592 3127 1767 3165 sacrae
1810 3107 2289 3186 Congregationis
2331 3107 2611 3165 Eminen-

427 3204 779 3263 tissimorum
803 3204 1192 3264 Cardinalium
1221 3207 1344 3264 visa
1372 3206 1431 3264 &2
1456 3208 1820 3265 tolerata-est.

509 3306 564 3361 4.
613 3304 836 3362 Praelati
859 3306 1148 3382 regulares
1173 3316 1416 3381 possunt
1441 3307 1499 3364 in
1541 3307 1665 3364 foro
1704 3307 2067 3364 conscientiae
2110 3306 2403 3366 absolvere
2444 3323 2612 3376 quos-

425 3420 673 3475 cumque
701 3404 997 3461 saeculares
1019 3405 1086 3460 ab
1107 3405 1313 3462 haeresi
1331 3406 1571 3472 occulta,
1595 3405 1654 3461 ὅτ,
1674 3405 1743 3462 ab
1764 3406 2357 3462 excommunicatione
2383 3413 2613 3479 propter

431 3519 552 3558 eam
581 3503 824 3560 incursa.

511 3605 566 3657 5.
611 3602 886 3668 Quamvis
916 3602 1206 3659 evidenter
1249 3602 1348 3658 tibi
1392 3609 1613 3658 constet
1648 3600 1885 3659 Petrum
1925 3619 2053 3658 esse
2094 3589 2443 3667 haereticum,
2493 3619 2610 3658 non

429 3701 636 3757 teneris
664 3700 1012 3768 denuntiare,
1042 3702 1092 3758 si
1119 3701 1354 3777 probare
1385 3718 1498 3757 non
1526 3699 1737 3775 possis.

509 3803 566 3856 6.
611 3798 1034 3867 confessarius,
1064 3801 1161 3873 qui
1189 3799 1246 3857 in
1274 3799 1668 3856 sacramentali
1696 3797 2077 3855 Confessione
2098 3798 2289 3855 tribuit
2314 3799 2611 3873 poenitenti
2705 3828 2707 3830 v

429 3898 680 3956 chartam
709 3908 908 3975 postea
933 3898 1250 3975 legendam,
1279 3899 1340 3956 in
1370 3917 1482 3970 qua
1525 3896 1598 3954 ad
1638 3915 1906 3955 venerem
1950 3897 2165 3965 incitat,
2194 3915 2309 3956 non
2351 3907 2611 3954 censetur

427 3997 742 4054 solicitasse
769 3999 827 4055 in
859 3996 1266 4065 Confessioue‚
1296 4017 1360 4054 ac
1388 3995 1625 4073 proinde
1654 4015 1769 4054 non
1796 4005 1883 4052 est
1908 3995 2359 4054 denuntiandus(

507 4102 564 4154 7.
610 4095 824 4154 Modus
853 4095 1129 4155 evadendi
1173 4097 1577 4173 obligationem
1622 4094 2017 4153 denuntiandae
2054 4095 2469 4154 sollicitationis
2498 4105 2605 4162 est,

427 4196 476 4252 si
503 4195 838 4253 sollicitatus
867 4198 1198 4255 confiteatur
1224 4215 1352 4254 cum
1381 4195 1745 4263 sollicitante,
1773 4195 1867 4252 hic
1884 4205 2071 4271 potest
2096 4197 2281 4272 ipsum
2314 4195 2605 4252 absolvere

425 4313 596 4352 onere
625 4294 1013 4354 denuntiandi.

505 4399 562 4451 8.
607 4392 976 4470 Duplicatum
1005 4394 1349 4472 stipendium
1381 4403 1567 4471 potest
1594 4393 1875 4454 Sacerdos
1894 4415 2001 4473 pro
2018 4395 2216 4453 eadem
2242 4394 2427 4451 Missa
2451 4392 2603 4449 licite

427 4493 704 4570 accipere,
751 4495 1090 4571 applicando
1137 4495 1350 4570 petenti
1390 4504 1611 4570 partem
1652 4496 1821 4554 ctiam
1861 4494 2334 4572 specialissimam
2385 4492 2601 4550 fructus

1465 4597 1581 4652 35*
2280 4611 2287 4615 ·
