3117 5217
891 557 1006 618 DE
1048 560 1579 626 wmmoRUM
1623 563 1970 642 ORDINE.
2408 571 2525 626 349

329 723 598 792 traxisse,
631 726 742 800 ipsi
771 734 962 784 tamen
987 727 1140 795 licet,
1163 728 1332 786 certis
1361 728 1619 786 adductis
1648 731 2103 804 probationibus,
2131 734 2524 808 praesumptio·

327 841 466 882 nem
489 824 647 882 illam
669 824 1014 884 excludere:
1045 835 1392 902 quapropter
1417 828 1945 907 haecpraesumptio
1968 831 2121 889 cedit
2118 829 2318 910 facto.
2358 829 2525 890 Proe·

331 922 602 1000 sumptio
629 922 898 984 hominis
925 933 1016 982 cst
1039 925 1366 1000 conjectura
1388 925 1546 984 nullo
1576 927 1707 1002 jure
1748 928 2000 996 definita,
2040 929 2143 986 sed
2182 947 2257 988 ex
2296 931 2523 988 arbitrio

327 1021 546 1097 judicis
591 1021 888 1097 pendens3
931 1032 990 1080 et
1029 1032 1120 1080 est
1155 1022 1328 1090 levis,
1368 1024 1460 1083 vel
1485 1024 1819 1094 vehemens,
1868 1037 2035 1102 prout
2076 1029 2190 1086 levi
2235 1028 2325 1085 vel
2368 1031 2526 1104 gravi

335 1120 534 1178 nititur
558 1119 950 1180 fundamento.
1033 1121 1302 1182 Violenta
1340 1124 1711 1200 praesumptio
1750 1127 1971 1202 copulae
2004 1127 2245 1184 carnalis
2272 1127 2525 1194 habetur,

335 1219 388 1276 si
413 1237 590 1290 quem
624 1217 833 1278 videris
861 1220 1052 1278 solum
1077 1238 1208 1280 cum
1237 1221 1379 1288 sola,
1423 1221 1641 1282 nudum
1678 1241 1811 1282 cum
1852 1223 2005 1283 nuda
2030 1227 2093 1283 in
2134 1225 2337 1283 eodem
2380 1225 2527 1283 lecto

329 1310 676 1392 jacentem.¹
755 1319 932 1376 Levis
959 1338 992 1377 e
1015 1327 1212 1378 contra
1249 1321 1302 1378 si
1339 1338 1442 1378 cos
1483 1322 1544 1378 in
1571 1321 1704 1380 loco
1726 1322 1973 1395 quodam
2001 1323 2333 1384 familiarius
2360 1324 2532 1382 collo-

339 1425 580 1486 quentes
623 1418 1012 1492 conspexeris.
1096 1417 1164 1476 In
1203 1418 1595 1477 criminalibus
1636 1423 1823 1480 causis
1862 1423 1960 1480 vix
1998 1421 2357 1480 admittenda
2398 1432 2533 1480 sunt

341 1514 716 1574 vehementes
741 1517 914 1574 etiam
943 1509 1472 1592 praesumptiones?

429 1617 523 1670 15.
565 1611 974 1691 Exceptiones
995 1615 1282 1674 -dicuntur
1323 1625 1482 1674 actus
1527 1618 1634 1684 rei,
1672 1617 1879 1690 quibus
1924 1619 2205 1676 actionem
2250 1616 2525 1675 excludit.

343 1709 774 1789 Percmptorioe
801 1712 934 1772 litis
941 1712 1150 1791 finitae
1177 1713 1430 1782 audiunt,
1449 1732 1579 1786 quae
1603 1695 1759 1774 litem
1790 1717 1913 1791 jam
1940 1717 2316 1792 compositam
2346 1725 2533 1774 osten·

343 1808 518 1866 dunt:
581 1820 796 1870 caeterae
841 1810 1202 1888 simpliciter
1245 1813 1661 1890 peremptoria·
1705 1824 2121 1890 nuncupantur.
2206 1811 2528 1875 Dilatorioe

343 1909 514 1966 etiam
557 1911 931 1986 exceptiones
959 1909 1264 1982 aliquando
1299 1909 1682 1986 proferuntur,
1712 1913 1919 1985 quibus
1946 1913 2167 1970 scilicet
2190 1929 2321 1970 reus
2348 1913 2533 1983 queri-

347 2014 438 2064 tur
485 2007 742 2065 libellum
788 2027 918 2066 esse
964 2009 1244 2084 ineptum,
1291 2007 1386 2066 vel
1431 2019 1657 2086 tempus
1704 2010 2005 2069 solutionis
2050 2029 2167 2068 non
2210 2011 2530 2068 advenisse.

345 2107 544 2164 Actori
596 2105 1012 2184 replicationes
1051 2099 1507 2182 permittuntur.³
1588 2109 1687 2166 Ex
1740 2109 2177 2185 exceptionibus
2228 2120 2535 2166 nascuntur

345 2223 502 2280 saepe
533 2213 720 2262 causoe
735 2204 1210 2284 praejudiciales,
1251 2204 1607 2273 incidentes,
1636 2215 1733 2263 aut
1759 2206 2235 2283 praeparatoriae,
2264 2223 2391 2277 quae
2419 2207 2535 2281 ple-

345 2321 590 2374 rumque
619 2303 956 2378 definiendae
973 2313 1126 2370 sunt,
1143 2311 1444 2374 antequam
1469 2302 1538 2360 ed
1557 2322 1785 2362 causam
1808 2307 2149 2380 praecipuam
2180 2303 2533 2380 procedatur.

349 2402 416 2460 In
445 2401 710 2460 civilibus
753 2421 884 2460 reus
925 2411 1114 2478 potest
1151 2409 1432 2461 mutuam
1466 2402 1825 2478 petitionem
1853 2405 2167 2476 instituere,
2214 2404 2437 2460 scilicet
2472 2403 2537 2460 li·

348 2499 500 2558 helio
530 2510 726 2576 petere
751 2500 969 2573 aliquid
1005 2501 1116 2560 sibi
1159 2502 1230 2559 ab
1271 2512 1460 2560 actore
1499 2499 1775 2558 debitum.
1861 2502 1928 2558 In
1968 2501 2355 2559 criminalibus
2382 2500 2539 2560 nulla

349 2598 516 2656 datur
551 2601 930 2658 reconventio
971 2599 1326 2676 hujusmodi,
1355 2599 1628 2672 quoniam
1672 2609 1711 2636 ‘⁶
1732 2601 2075 2672 innocentia,
2118 2617 2235 2656 non
2268 2599 2539 2657 relatione

351 2699 660 2756 criminum
687 2717 818 2756 reus
844 2691 1216 2776 purgatur.”⁴
1295 2697 1641 2757 Dilationes
1668 2699 1839 2756 etiam
1882 2698 2002 2756 dari
2028 2703 2271 2773 possunt
2282 2698 2439 2773 justa
2462 2715 2537 2754 ex

345 2815 522 2854 causa
542 2797 774 2856 arbitrio
802 2795 1220 2874 aequo.judicis,
1249 2797 1318 2854 ad
1347 2796 1709 2856 adducendos
1737 2805 1930 2863 testes,
1972 2795 2311 2873 proferenda
2338 2797 2538 2853 instru-

351 2906 567 2963 menta,
589 2896 812 2968 aliaque
841 2896 914 2954 ad
947 2896 1232 2972 judicium
1259 2891 1633 2954 neccssaria.⁵
1714 2895 1939 2953 Dantur
1958 2907 2167 2962 autem,
2200 2894 2395 2971 judice
2436 2912 2539 2969 pro

349 2994 618 3054 tribunali
643 2995 918 3062 sedente;
961 2996 1032 3052 iis
1057 2995 1338 3070 exceptis,
1365 3013 1508 3066 quas
1527 2996 1629 3070 jus
1652 2997 1843 3070 ipsum
1872 2985 2150 3071 praestat.⁶

442 3097 537 3152 16.
586 3091 922 3162 Sententia,
963 3113 1076 3165 qua
1115 3093 1504 3166 controversia
1543 3092 1845 3160 dirimitur,
1888 3113 1923 3149 a
1957 3093 2177 3169 judice,
2220 3109 2391 3148 causa
2414 3109 2544 3166 cog·

355 3194 494 3258 nita,
525 3190 760 3250 ferenda
795 3203 902 3250 est.
987 3190 1504 3268 Interloquutoria
1543 3201 1652 3260 est,
1693 3193 1743 3249 si
1784 3191 2133 3250 incidentem
2174 3191 2545 3261 quaestionem

353 3290 656 3366 respiciat:
703 3291 1064 3370 Definitiva,
1103 3291 1158 3348 si
1195 3289 1572 3367 principalem
1614 3309 1846 3348 causam
1893 3290 2247 3348 determinet.
2332 3288 2421 3346 Ab
2460 3289 2543 3345 in-

355 3389 770 3460 terloquutoria
813 3390 1094 3448 sententia
1133 3389 1422 3466 appellare
1467 3407 1587 3447 non
1627 3390 1779 3454 licet,
1806 3390 1919 3446 nisi
1958 3409 1991 3446 a
2033 3398 2071 3425 ‘⁶
2094 3387 2401 3445 definitivae
2426 3387 2543 3444 vim

358 3487 628 3556 habente,
655 3501 712 3546 et
735 3490 902 3565 cujus
941 3507 1248 3564 gravamen
1287 3505 1392 3563 per
1431 3487 1873 3562 appellationem
1914 3505 1947 3542 a
1972 3486 2263 3543 definitiva
2304 3485 2547 3560 reparari

361 3580 708 3659 nequeat.”⁷
787 3588 1082 3646 Sententia
1107 3607 1144 3646 a
1159 3586 1356 3664 judice
1396 3603 1501 3662 pro
1536 3583 1801 3644 tribunali
1838 3584 2070 3642 sedente
2096 3585 2313 3658 scripto
2340 3591 2429 3640 est
2452 3599 2549 3657 pa-

361 3686 475 3744 lam
504 3679 786 3744 serenda.⁸
869 3687 938 3746 In
973 3687 1300 3745 summariis
1331 3685 1595 3762 judiciis,
1635 3683 1791 3742 nulla
1830 3689 1917 3740 est
1942 3681 2179 3740 sedendi
2216 3681 2544 3739 necessitas.

364 3784 432 3843 In
477 3787 772 3844 sententiis
819 3786 1323 3858 interloquutoriis,
1371 3793 1427 3842 ct
1467 3785 1528 3842 in
1561 3784 1765 3840 causis
1810 3781 2160 3840 brevioribus
2204 3780 2480 3856 scriptura
2520 3799 2553 3835 a

441 3997 528 4060 (1)
569 3993 694 4058 Cap.
714 3993 799 4044 xii.
821 3993 882 4046 de
894 3999 1196 4061 praesuoenpt.
1433 4029 1440 4034 .
1469 3994 1554 4058 (2)
1593 3991 1717 4056 Osp.
1740 3992 1841 4040 xiv.
1862 3990 1968 4040 cod.
1988 3991 2062 4040 tit.

443 4083 530 4145 (3)
571 4078 632 4128 L.
654 4087 704 4128 et
726 4079 849 4129 eod.
865 4079 924 4130 de
946 4085 1132 4147 except.
1470 4079 1558 4144 (4)
1596 4077 1657 4126 L.
1678 4093 1726 4126 v.
1746 4076 1797 4125 ff.
1819 4075 1879 4126 de
1890 4062 2168 4144 publijaud.

434 4166 529 4230 (5)
572 4162 696 4228 Gap.
720 4165 854 4213 xxiv.
877 4164 936 4215 de
957 4165 1084 4231 offic.
1108 4167 1155 4213 et
1166 4166 1348 4229 potest.
1370 4159 1525 4228 delcg.

452 4250 539 4314 (6)
582 4246 706 4310 Cap.
728 4248 760 4295 i.
783 4255 834 4296 et
853 4249 918 4298 iv.
941 4249 1000 4298 de
1023 4246 1164 4299 ditat.
1188 4263 1298 4296 can.
1321 4247 1410 4294 ult.
1431 4261 1537 4310 cap.
1558 4245 1626 4293 iii.
1650 4259 1730 4306 qu.
1752 4243 1819 4292 iii.
1924 4253 1931 4261 ·

446 4335 533 4398 (7)
575 4333 705 4382 Sese.
729 4333 864 4382 xxiv.
887 4349 992 4397 cap.
1013 4349 1101 4382 xx.
1121 4332 1180 4382 de
1203 4331 1318 4400 Res.
1492 4332 1577 4396 (8)
1618 4329 1742 4392 Cap.
1764 4345 1810 4377 v.
1835 4328 1893 4378 de
1915 4331 2039 4378 sent.
2062 4331 2109 4378 et
2130 4341 2182 4376 re
2183 4320 2349 4393 judic.
2366 4324 2418 4371 in
2442 4325 2489 4370 6.

528 4446 684 4504 Vol..
714 4447 956 4504 11.-31
