3117 5217
507 558 550 615 θ
1258 548 1373 611 DE
1417 553 1939 613 PRUDENTIA.

591 726 650 779 9.
695 720 1010 783 solicitudo
1049 720 1120 777 ad
1159 719 1513 797 prudentiam
1557 732 1795 798 spectat,
1840 720 2247 798 invigilandum
2291 722 2447 779 enim
2492 730 2597 789 est,
2636 734 2696 780 et

513 819 820 879 curandum
847 830 910 877 ut
935 820 1184 879 subsidia
1211 820 1282 877 ad
1307 820 1481 878 finem
1509 820 1929 892 assequendum
1956 822 2276 879 necessaria
2302 819 2691 879 adhibeantur.

515 918 672 979 Hinc
701 918 765 977 S.
796 918 1002 977 Petrus
1028 918 1400 994 vigilantiam,
1429 930 1486 977 et
1519 920 1789 978 orationis
1830 919 2081 978 studium
2108 938 2242 978 cum
2267 918 2571 995 prudentia
2596 938 2695 976 vo·

511 1018 617 1076 luit
641 1019 1042 1094 conjunctum:
1087 1025 1127 1052 ‘⁴
1150 1016 1352 1075 Estote
1393 1018 1585 1091 itaque
1629 1018 1955 1095 prudentes,
1996 1028 2053 1075 et
2089 1018 2319 1095 vigilate
2345 1019 2406 1077 in
2432 1018 2697 1077 orationi-

515 1111 720 1174 Μεθ’ι

599 1218 692 1273 10.
737 1216 1025 1291 Memoria
1051 1232 1238 1273 rerum
1265 1224 1549 1292 gestarum
1575 1215 1809 1275 inservit
1846 1214 2181 1291 prudentiis,
2226 1234 2359 1273 nam
2386 1234 2461 1273 ex
2506 1233 2694 1273 rerum

513 1324 718 1373 eventu
741 1314 984 1391 judicari
1025 1323 1212 1390 potest
1249 1313 1388 1386 quid
1427 1324 1683 1390 oporteat
1723 1314 1942 1373 faeere:
1987 1324 2333 1392 quapropter
2370 1332 2539 1372 senes
2566 1332 2695 1389 pru-

515 1413 704 1471 dentia
727 1413 1062 1489 plerumque
1088 1422 1374 1489 praestant.
1459 1414 1789 1471 Intellectus
1828 1415 1998 1471 etiam
2038 1431 2211 1470 sanus
2252 1414 2326 1469 sit
2362 1420 2603 1489 oportet,
2634 1420 2697 1468 ut

515 1513 646 1586 quis
675 1522 824 1569 recte
853 1513 1094 1569 aestimet
1131 1530 1256 1583 quae
1298 1512 1403 1570 fini
1443 1512 1805 1585 assequendo
1844 1513 2207 1571 inserviant.'
2258 1510 2524 1569 Docilem
2566 1528 2695 1567 esse

514 1612 806 1670 seniorum
835 1611 1105 1667 institutis
1132 1613 1429 1678 convenit;
1459 1612 1556 1683 qui
1576 1614 1732 1670 enim
1752 1612 1865 1669 sibi
1884 1611 2055 1669 nimis
2082 1610 2226 1678 fidit,
2248 1609 2413 1667 facile
2438 1611 2695 1667 abertate

518 1720 556 1748 “
581 1710 676 1767 Ne
719 1710 976 1767 innitaris
1022 1708 1332 1785 prudentiae
1375 1703 1583 1769 tuae.’'²
1664 1710 1793 1769 “In
1838 1709 2195 1769 multitudine
2234 1710 2693 1786 presbyterorum

513 1809 876 1888 prudentium
899 1817 1002 1875 sta,
1027 1819 1085 1865 et
1103 1809 1396 1884 sapientiae
1423 1809 1649 1867 illorum
1668 1828 1740 1867 ex
1765 1808 1935 1867 corde
1962 1804 2411 1887 conjungere.”³
2450 1805 2694 1865 Solertia

513 1912 575 1967 in
613 1907 974 1966 adminiculis
1015 1907 1406 1985 excogitandis
1453 1907 1523 1965 ad
1566 1908 1924 1983 prudentiam
1968 1909 2229 1985 pertinet.
2313 1906 2696 1965 Ratiociniurn

513 2026 714 2065 sanum
743 2017 801 2064 et
825 2015 1142 2064 accuratum
1171 2008 1494 2078 requiritur.
1550 2006 1920 2065 Providentia
1945 2007 2255 2083 praesertim
2282 2006 2341 2063 in
2370 2023 2442 2064 eo
2468 2006 2695 2062 elucere

511 2106 695 2175 debet,
727 2104 882 2180 quod
909 2122 978 2161 ea
1003 2106 1509 2182 impraesentiarum
1539 2106 1911 2165 adhibeantur
1936 2104 2209 2172 subsidia,
2238 2122 2365 2176 quae
2390 2105 2491 2162 fini
2518 2106 2694 2161 inser-

513 2208 708 2273 viant;
749 2215 806 2262 et
843 2202 1202 2262 difficultates
1245 2204 1686 2281 perpendantur,
1728 2216 1791 2262 ut
1830 2206 2083 2281 superari
2123 2216 2355 2277 queant.
2439 2204 2539 2260 Sic
2564 2220 2697 2278 pru-

512 2305 654 2365 dens
681 2306 768 2362 vir
807 2306 984 2362 instar
1009 2314 1098 2361 est
1123 2303 1274 2361 illius
1315 2305 1414 2376 qui
1455 2306 1746 2381 impensas
1786 2304 1953 2361 turris
2000 2302 2343 2361 aedificandae
2383 2309 2692 2376 computat,
2730 2353 2737 2360 .

513 2414 814 2475 antequam
842 2410 1018 2479 ponat
1041 2402 1492 2470 fundamentum,
1520 2412 1577 2460 et
1614 2404 1711 2475 qui
1751 2404 1901 2460 vires
1930 2404 2241 2479 copiasque
2270 2418 2401 2457 suas
2430 2400 2691 2463 aestimat,

511 2502 678 2561 hoste
707 2502 892 2560 adhuc
938 2502 1138 2577 procul
1179 2494 1492 2561 versante.·⁴
1572 2501 2029 2578 circumspectio
2077 2502 2137 2558 in
2178 2518 2367 2557 rerum
2412 2498 2691 2576 adjunctis

512 2612 786 2668 versatur,
829 2618 901 2658 ne
945 2600 1090 2658 forte
1133 2601 1289 2672 quid,
1335 2603 1591 2673 alioquin
1635 2604 1867 2669 bonum,
1909 2599 2063 2659 haud
2104 2599 2439 2657 conveniat:
2486 2606 2527 2633 ‘⁸
2549 2598 2697 2654 sieut

511 2702 812 2760 ostendere
858 2701 1025 2777 signa
1064 2702 1272 2759 amoris
1314 2702 1503 2767 alicui,
1547 2700 1861 2756 secundum
1906 2716 1967 2754 se
2010 2697 2447 2764 consideratum,
2475 2695 2697 2755 videtur

509 2820 638 2859 esse
677 2800 1027 2857 conveniens
1068 2797 1138 2854 ad
1184 2797 1544 2855 alliciendum
1592 2798 1715 2873 ejus
1754 2798 2009 2855 animum
2056 2795 2126 2852 ad
2172 2814 2457 2853 amorem:
2502 2794 2603 2853 sed
2642 2795 2693 2851 si

509 2899 801 2973 contingat
823 2898 881 2953 in
910 2897 1102 2953 animo
1135 2895 1289 2953 illius
1329 2896 1612 2971 superbia,
1641 2895 1731 2952 vel
1774 2896 2029 2971 suspicio
2056 2893 2413 2961 adulationis,
2440 2913 2558 2952 non
2586 2892 2693 2951 erit

511 2998 625 3056 hoc
652 2997 1000 3054 conveniens
1027 2993 1096 3051 ad
1123 2993 1318 3052 finem.
1405 2995 1485 3051 Et
1518 2992 1649 3052 ideo
1689 2996 2011 3052 necessaria
2036 3002 2122 3051 est
2162 2995 2599 3069 circumspectio
2626 2991 2696 3048 ad

512 3095 890 3173 prudentiam,
918 3103 982 3151 ut
1007 3092 1226 3150 scilicet
1262 3093 1437 3152 homo
1474 3093 1533 3151 id
1574 3092 1726 3165 quod
1764 3093 2051 3153 ordinatur
2078 3093 2136 3149 in
2176 3093 2372 3160 finem,
2402 3100 2695 3169 comparet

511 3196 679 3253 etiam
707 3212 840 3251 cum
865 3192 958 3249 his
986 3210 1112 3263 quae
1139 3184 1597 3251 circumstant.”⁵
1678 3191 1884 3250 Cautio
1912 3194 2079 3250 etiam
2108 3192 2449 3263 requiritur:
2495 3189 2691 3250 “ideo

511 3293 830 3352 necessaria
855 3301 944 3348 est
981 3291 1166 3371 cautio
1205 3291 1276 3349 ad
1314 3292 1691 3367 prudentiam,
1721 3301 1784 3348 ut
1822 3292 1905 3349 sic
1944 3292 2293 3367 accipiantur
2328 3291 2495 3358 bona,
2534 3287 2689 3364 quod

516 3393 762 3450 vitentur
788 3383 1032 3448 mala.'’⁶

596 3495 623 3547 1
639 3495 690 3548 l.
720 3490 1130 3565 Imprudentia,
1153 3498 1433 3562 quatenus
1453 3508 1524 3546 eo
1544 3490 1776 3547 nomine
1798 3489 2128 3565 intelligitur
2143 3487 2449 3546 voluntatis
2469 3488 2691 3553 vitium,

513 3600 808 3667 peccatum
834 3599 955 3647 est:
1001 3596 1041 3623 ‘⁴
1067 3588 1262 3647 Nolite
1301 3588 1426 3645 fieri
1466 3588 1875 3664 imprudentes}
1918 3588 2019 3645 sed
2061 3586 2437 3663 intelligentes
2466 3606 2591 3659 quoe
2620 3588 2697 3643 sit

513 3692 774 3749 voluntas
802 3682 1011 3748 Dei.”⁷
1091 3687 1384 3761 Equidem
1410 3687 1727 3745 intellectus
1770 3706 1926 3745 error
1959 3688 2387 3745 excusationem
2416 3685 2690 3752 admittit;

513 3787 616 3845 sed
643 3790 742 3859 qui
768 3786 1028 3845 consulto
1058 3788 1298 3865 negligit
1321 3786 1570 3844 studium
1598 3788 1985 3843 necessarium
2026 3786 2096 3844 ad
2134 3786 2239 3842 rite
2266 3783 2570 3860 agendum,
2599 3784 2691 3841 vel

515 3887 613 3959 qui
641 3906 674 3942 a
696 3886 907 3963 regulis
935 3884 1181 3952 divertit,
1209 3894 1440 3963 peceatt
1486 3895 1524 3922 ‘⁶
1549 3886 1616 3943 Si
1658 3885 1769 3943 hoc
1808 3886 2094 3961 contingat
2132 3902 2235 3959 per
2273 3884 2627 3941 aversionem
2660 3902 2693 3939 a

513 3984 724 4061 regulis
765 3984 993 4051 divinia,
1023 3992 1110 4041 est
1135 3994 1428 4059 peccatum
1468 3986 1705 4043 mortale
1729 4004 1744 4042 ε
1788 3994 1923 4059 puta
1948 4001 2076 4040 eum
2098 3984 2226 4055 quis
2254 3983 2417 4054 quasi
2444 3990 2694 4040 contem-

513 4101 657 4142 nens
685 4094 743 4142 et
781 4082 1088 4160 repudians
1131 4082 1325 4140 divina
1365 4081 1723 4150 documenta,
1772 4084 2188 4160 praecipitant-er
2230 4082 2361 4157 agit.
2444 4081 2512 4137 Si
2558 4078 2692 4137 vero

586 4226 669 4291 (1)
714 4226 736 4271 1
765 4223 869 4271 Pet.
892 4222 955 4271 iv.
986 4225 1032 4271 7.
1394 4223 1477 4287 (2)
1520 4221 1662 4269 Prov.
1685 4220 1753 4269 iii.
1779 4224 1827 4270 5.
2168 4222 2252 4286 (3)
2291 4219 2428 4268 Eccl.
2450 4218 2513 4267 vi.
2543 4220 2626 4266 35.

587 4310 672 4376 (4)
711 4308 832 4357 Luc.
854 4307 953 4355 xiv.
977 4308 1192 4355 28—32.
1399 4306 1482 4371 (5)
1523 4304 1576 4352 S.
1599 4304 1779 4353 Thom.
1802 4307 1849 4352 2.
1874 4307 1921 4352 2.
1948 4319 2029 4367 qu.
2052 4303 2171 4352 xlix.
2195 4309 2280 4352 art.
2301 4302 2381 4353 vii.
2451 4301 2600 4369 Resp.

590 4393 673 4458 (6)
713 4390 910 4449 Ibidem,
934 4398 1019 4440 art.
1041 4390 1139 4439 viii.
1186 4388 1336 4457 Κεφ.
1408 4390 1492 4455 (7)
1531 4388 1661 4452 Eph.
1684 4404 1729 4436 v.
1753 4391 1829 4436 17.
