3117 5217
1311 554 1425 613 DE
1470 555 1776 615 USURA.
2518 559 2630 613 1⁷7

445 722 591 781 ditor
615 722 828 797 aliquid
853 724 1000 783 ultra
1025 736 1238 783 sortem
1267 744 1300 781 a
1325 725 1663 781 mutuatario
1688 727 1941 802 exigere,
1972 732 2029 780 et
2066 740 2139 780 eo
2164 723 2327 782 titulo
2366 725 2436 780 ab
2462 742 2635 781 usura

447 821 772 881 excusari.”
784 815 804 849 ¹

893 1039 944 1113 §.
974 1037 1055 1096 ΙΙ.
1141 1038 1261 1104 Qm
1289 1057 1429 1096 sm'r
1456 1057 1670 1097 'rrrum
1697 1057 1776 1095 An
1804 1056 2179 1096 xuc'rARmm.

523 1237 622 1290 84.
665 1234 1136 1309 Sapientissimus
1164 1236 1422 1312 pontifex
1451 1237 1509 1293 in
1553 1233 1893 1311 praelaudata
1932 1233 2358 1291 Constitutione
2398 1235 2631 1311 subjun-
2692 1210 2699 1217 ι

443 1332 558 1407 git:
604 1333 781 1390 “Per
827 1334 950 1391 haec
997 1342 1181 1391 autem
1231 1353 1595 1407 nequaquam
1637 1341 1890 1409 negatur,
1920 1351 2091 1408 posse
2133 1332 2473 1405 quandoque
2516 1353 2631 1392 una

445 1450 578 1487 cum
627 1433 806 1489 mutui
853 1441 1141 1489 contractu
1189 1434 1467 1505 quosdam
1513 1433 1676 1498 alios,
1726 1440 1787 1488 ut
1829 1432 2007 1498 aiunt,
2036 1432 2249 1498 titulos,
2279 1431 2629 1505 eosdemque

446 1530 678 1603 ipsimet
717 1540 928 1587 naturae
970 1533 1151 1589 mutui
1197 1533 1433 1590 minime
1480 1532 1723 1598 innatos,
1755 1539 1811 1586 et
1850 1532 2186 1587 intrinsecos
2228 1530 2370 1587 sorte
2398 1548 2631 1588 concur·

443 1646 585 1694 rere,
615 1646 690 1685 ex
717 1630 920 1701 quibus
946 1632 1103 1706 justa
1128 1635 1364 1689 omnino
1401 1631 1771 1707 legitimaque
1810 1648 1984 1686 causa
2026 1639 2331 1704 consurgat
2359 1627 2627 1701 quiddam

445 1727 688 1802 amplius
718 1746 890 1804 supra
915 1738 1126 1786 sortem
1154 1748 1228 1787 ex
1258 1739 1452 1788 mutuo
1480 1730 1729 1786 debitam
1756 1730 1862 1785 rite
1884 1727 2171 1803 exigendi.
2258 1728 2465 1799 Neque
2494 1730 2630 1785 item

446 1836 702 1899 negatur,
745 1845 916 1901 posse
957 1828 1243 1886 multoties
1290 1830 1590 1905 pecuniam
1638 1828 1707 1883 ab
1750 1845 2099 1899 unoquoque
2145 1826 2328 1894 suam,
2358 1846 2463 1903 per
2488 1827 2629 1883 alios

446 1920 682 1980 diversae
709 1943 945 1998 prorsus
972 1936 1182 1984 naturae
1210 1948 1242 1983 a
1267 1928 1449 1984 mutui
1477 1936 1677 1984 natura
1718 1936 2037 1983 contractus
2082 1935 2233 1984 recte
2272 1926 2535 1983 collocari
2576 1933 2633 1981 et

447 2020 723 2097 impendi,
753 2024 875 2080 sive
901 2022 970 2080 ad
998 2034 1305 2101 proventus
1333 2026 1440 2082 sibi
1471 2043 1691 2082 annuos
1720 2015 2162 2097 conquirendos,
2192 2026 2314 2082 sive
2354 2027 2523 2081 etiam
2560 2023 2630 2108 ad

447 2120 655 2177 licitam
684 2132 1074 2190 mercaturam,
1103 2134 1160 2181 et
1185 2126 1628 2201 negotiationem
1658 2124 2059 2190 exercendam,
2104 2126 2457 2195 honestaque
2484 2122 2628 2180 indi·

449 2218 578 2277 dem
609 2220 769 2282 lucra
796 2222 1225 2297 percipienda.”

527 2322 625 2375 85.
667 2319 954 2397 Praeeipui
979 2321 1124 2378 tituli
1150 2313 1548 2397 theologorum
1576 2322 1832 2379 omnium
1854 2322 2097 2398 judicio,
2127 2322 2201 2378 ob
2238 2339 2383 2392 quos
2412 2319 2630 2391 aliquid

444 2416 586 2474 ultra
611 2429 823 2476 sortem
851 2421 1008 2496 exigi
1035 2429 1222 2495 potest
1246 2430 1378 2478 sunt
1419 2419 1658 2478 lucrum
1706 2438 1967 2488 cessam,
1997 2440 2096 2477 seu
2127 2418 2419 2477 damnum
2448 2436 2630 2477 emer-

447 2534 618 2592 gens.
705 2518 770 2575 Si
799 2538 874 2576 ex
900 2528 1096 2577 mutua
1122 2518 1306 2575 danda
1333 2519 1594 2593 pecunia,
1624 2520 1845 2576 lucrum
1874 2522 2005 2591 quis
2028 2520 2343 2576 amissurus
2362 2520 2454 2585 sit,
2478 2517 2633 2589 quod

447 2632 522 2671 ex
549 2617 932 2691 negotiatione
977 2617 1132 2674 licita
1175 2617 1478 2682 derivetur,
1526 2617 1620 2673 vel
1665 2614 2061 2674 detrimentum
2106 2634 2400 2691 passuruS,
2444 2624 2631 2691 potest

397 2695 406 2705 ⁸
444 2731 678 2772 monere
697 2716 956 2783 alterum,
977 2724 1036 2772 et
1059 2734 1177 2774 rem
1205 2717 1265 2773 in
1292 2724 1520 2791 pactum
1548 2712 1849 2780 deducere,
1872 2724 1929 2771 et
1945 2734 2051 2791 pro
2078 2712 2466 2790 magnitudine
2485 2714 2631 2771 lucri

449 2813 664 2880 amissi,
694 2814 784 2872 vel
823 2814 1014 2872 damni
1055 2814 1208 2887 quod
1253 2815 1513 2890 emergit,
1543 2814 1777 2889 exigere
1816 2833 2038 2886 aequam
2080 2812 2629 2889 compensationem,

450 2921 620 2985 prout
644 2912 814 2970 fuerit
839 2926 1075 2980 certum,
1104 2914 1194 2970 vel
1237 2913 1581 2971 verosimile.
1666 2911 1874 2971 Utrum
1914 2920 2101 2970 autem
2140 2911 2380 2970 monitio
2408 2910 2505 2969 illa
2532 2929 2630 2968 ne-

446 3011 694 3067 cessaria
720 3012 812 3078 sit,
842 3020 904 3068 ut
927 3012 1092 3068 liceat
1117 3030 1186 3070 eo
1225 3012 1385 3070 titulo
1425 3012 1737 3069 auctarium
1764 3014 2016 3088 exigere,
2048 3020 2309 3083 quaerunt
2332 3011 2583 3087 theologi
2608 3030 2623 3077 ;

453 3107 740 3183 plerisque
767 3130 898 3168 cum
926 3109 992 3166 S.
1022 3110 1323 3186 Alphonso
1367 3110 1795 3178 affirmantibuS,
1825 3130 2001 3184 quum
2048 3109 2185 3167 alias
2226 3118 2490 3169 mutuans
2516 3128 2633 3167 non

449 3217 747 3267 censeatur
771 3228 835 3268 se
863 3211 1110 3287 obligare
1151 3210 1219 3268 ad
1248 3210 1516 3269 damnum
1546 3210 1991 3269 resarciendum.
2077 3209 2145 3267 Id
2173 3208 2478 3267 dicendum
2500 3227 2633 3266 cen-

451 3324 644 3364 semus
671 3307 742 3365 de
771 3311 1019 3368 auctario
1045 3310 1188 3367 ultra
1216 3320 1400 3369 taxam
1431 3330 1464 3367 a
1488 3310 1618 3386 lege
1647 3320 1910 3368 statutam
1938 3330 1952 3378 ;
1995 3327 2166 3367 nemo
2201 3310 2415 3385 quippe
2442 3309 2636 3366 existi-

453 3406 695 3464 mandus
717 3418 812 3471 ,est
835 3409 981 3467 velle
1002 3408 1072 3466 ad
1095 3410 1337 3468 nimium
1367 3411 1679 3467 auctarium
1708 3426 1771 3464 se
1798 3410 2068 3485 obligare,
2092 3409 2201 3465 nisi
2219 3409 2439 3465 noverit
2462 3407 2635 3464 alium

453 3523 567 3562 non
611 3525 782 3583 posse
837 3510 1050 3580 absque
1091 3527 1198 3566 suo
1243 3508 1454 3566 damno
1494 3508 1550 3564 ei
1602 3508 1943 3564 subvenire:
2004 3523 2121 3562 non
2162 3506 2237 3561 ita
2276 3505 2347 3561 de
2388 3505 2637 3561 auctario

448 3604 722 3679 legitim0‚
751 3625 929 3678 quum
961 3625 1162 3663 omnes
1201 3616 1540 3664 censeantur
1580 3623 1753 3663 nosse
1794 3622 2128 3662 communes
2168 3602 2436 3659 utilitates
2465 3619 2635 3675 pecu-

451 3704 580 3770 ssiae2
610 3713 668 3760 et
693 3723 820 3775 quae
849 3706 1184 3781 plerumque
1227 3706 1563 3779 contingunt
1606 3703 1813 3760 damna
1852 3720 1927 3758 ex
1966 3702 2095 3777 ejus
2122 3699 2386 3764 defectu3
2429 3698 2635 3771 quibus

453 3802 578 3876 ipsa
601 3803 700 3859 lex
727 3804 865 3861 nixa
891 3801 1127 3865 videtur.
1173 3803 1298 3860 Imo
1318 3820 1391 3859 ex
1418 3802 1714 3859 communi
1734 3800 1938 3876 agendi
1960 3799 2175 3856 ratione
2196 3798 2255 3855 in
2278 3797 2383 3855 hac
2404 3798 2637 3875 regione

452 3901 549 3956 vix
578 3901 773 3959 haberi
803 3909 992 3979 potest
1017 3902 1336 3959 necessaria
1361 3901 1486 3956 haec
1513 3899 1775 3956 monitio.

532 4001 630 4055 86.
675 4000 742 4056 In
771 3998 1104 4057 aestimando
1131 4001 1388 4073 pecuniae
1415 4015 1545 4063 usu,
1568 4014 1701 4072 spes
1728 3996 1870 4054 lucri
1898 4015 2010 4053 non
2039 4004 2129 4053 est
2146 3996 2285 4053 tanti
2304 3995 2637 4053 aestimanda

453 4098 650 4165 quanti
677 4097 802 4171 ipsa
827 4098 970 4154 lucri
989 4096 1299 4154 certitudo:
1331 4108 1388 4152 et
1412 4092 1795 4163 incommoda,
1822 4096 2067 4163 labores,
2096 4096 2371 4171 impensae
2400 4096 2458 4153 in
2475 4096 2636 4153 lucro

454 4194 838 4268 comparando
865 4214 980 4271 prae
1007 4194 1186 4252 oculis
1227 4193 1484 4251 habenda
1511 4202 1663 4263 sunt,
1692 4202 1755 4250 ut
1780 4194 1851 4253 de
1879 4212 2013 4251 vero
2058 4196 2217 4253 lucro
2246 4213 2471 4266 aequum
2500 4194 2641 4251 fera·

452 4300 539 4349 tur
556 4290 859 4369 judicium.
947 4294 1104 4351 Hinc
1130 4312 1362 4351 usuram
1391 4292 1631 4351 admittit
1677 4294 1775 4365 qui
1813 4293 2018 4371 viginti
2059 4313 2162 4371 pro
2202 4304 2431 4352 centum
2458 4292 2642 4367 exigit

934 4518 1016 4582 (1)
1057 4514 1198 4578 Prop.
1223 4515 1313 4565 xli.
1326 4515 1462 4567 inter
1482 4514 1755 4567 damnatam
1776 4513 1857 4566 ab.
1876 4515 2045 4565 lnnoe.
2069 4513 2166 4562 XI.
