3117 5217
471 484 590 539 ³44
709 477 824 537 DE
867 476 1320 537 EchESIAE
1363 476 1877 537 POTESTA'I'E
1918 476 2421 537 JUDICIARIA.

471 646 639 705 tianis
680 645 908 724 plenam
947 645 1062 703 vim
1109 645 1170 703 in
1214 644 1340 703 foro
1379 642 1532 702 civili
1576 644 1945 703 tribuentibus
1988 644 2389 720 episcoporum
2422 642 2671 721 judicio.

471 744 762 805 Caeterum
781 744 1084 802 auctoritas
1099 744 1488 801 ecclesiastiea
1505 743 1567 799 in
1586 742 1873 819 plerisque
1894 743 2239 825 regionibus,
2260 745 2429 801 etiam
2451 741 2669 799 Catho-

468 846 618 911 licis,
643 846 766 922 jam
795 844 944 902 intra
970 843 1324 901 arctissimos
1349 842 1565 901 limites
1590 852 1799 899 arctata
1820 852 1948 911 est;
1976 853 2035 927 et
2058 841 2252 900 elerici
2272 844 2384 918 ipsi
2410 843 2471 899 in
2494 841 2671 917 pluri-

467 946 576 1003 bus
603 942 966 1003 tribunalium
991 942 1246 1000 civilium
1266 941 1488 1019 judicio
1515 935 1964 1018 permittunmr.¹
2016 942 2153 1019 Ipsa
2178 942 2245 999 S.
2277 939 2663 1017 congregatio

469 1044 540 1103 de
569 1040 944 1119 Propaganda
969 1040 1112 1099 Fide
1142 1040 1430 1099 decretum
1455 1041 1689 1099 concilii
1718 1040 2077 1116 provincialis
2108 1040 2560 1106 Baltimorensis,
2590 1038 2661 1097 de

470 1143 745 1209 censuris,
775 1158 919 1213 quas
945 1141 1290 1199 contrahunt
1313 1139 1631 1199 deferentes
1658 1138 1729 1197 ad
1750 1140 1943 1199 civilia
1967 1139 2267 1199 tribunalia
2292 1158 2511 1207 causas,
2540 1157 2665 1211 quae

471 1241 888 1301 ecclesiasticos
906 1240 1136 1317 judiees
1161 1248 1440 1317 spectant,
1467 1239 1765 1315 mitigavit,
1789 1248 1847 1295 et
1864 1237 2039 1297 hosce
2066 1241 2211 1297 intra
2236 1239 2505 1297 terminos
2530 1256 2665 1295 eon·

469 1340 623 1401 cludi
641 1340 853 1417 jussit:
940 1348 980 1374 ‘⁶
1001 1337 1155 1398 Cum
1183 1356 1352 1415 grave
1378 1337 1641 1395 fidelibus
1668 1339 1879 1395 oriatur
1902 1338 2266 1404 scandalum*
2284 1348 2341 1395 et
2368 1337 2663 1395 ecelesias—

471 1442 584 1499 tieo
617 1439 804 1497 ordini
838 1437 1107 1507 dedecus,
1135 1438 1272 1497 dum
1313 1455 1499 1495 eausae
1539 1436 1941 1495 ecclesiasticae
1980 1436 2053 1495 ad
2090 1436 2279 1495 civilia
2312 1436 2669 1495 deducuntur

471 1540 786 1605 tribunalia,
814 1537 1106 1596 hortamur
1141 1555 1364 1605 omnes,
1395 1554 1639 1609 quorum
1680 1538 1930 1604 interest,
1962 1550 2025 1595 ut
2066 1538 2477 1595 controversias
2520 1538 2667 1595 inter

473 1656 576 1699 eos
601 1640 742 1697 sorte
769 1639 1012 1695 oriturae
1038 1636 1108 1695 de
1136 1636 1326 1704 rebus,
1355 1636 1444 1693 vel
1473 1636 1737 1713 personis
1774 1636 2197 1703 ecclesiasticis,
2226 1636 2405 1693 amice
2432 1654 2667 1712 compo·

471 1749 626 1805 nant,
655 1737 746 1795 vel
771 1738 972 1795 saltem
1003 1736 1226 1812 judicio
1265 1736 1524 1811 episcopi
1561 1734 1913 1793 submittant.
1998 1734 2171 1801 Quod
2194 1736 2245 1792 si
2282 1734 2669 1793 ecclesiastiea
2720 1806 2725 1809 Ι

473 1838 564 1896 vel
589 1838 854 1913 religiosa
879 1836 1171 1909 utriusque
1197 1852 1374 1893 sexus
1402 1853 1665 1910 persona,
1694 1834 1863 1893 aliam
1892 1852 2195 1911 personam
2222 1834 2665 1893 eeclesiasticam

471 1937 562 1993 vel
587 1935 911 2011 religiosam
939 1936 1230 2006 utriusque
1251 1950 1448 2000 sexus,
1471 1952 1661 1991 eoram
1691 1934 1845 1991 civili
1871 1933 2133 1991 tribunali
2154 1945 2364 1991 temere
2390 1934 2665 2001 citaverit,

471 2035 542 2092 de
568 2052 630 2091 re
649 2034 797 2109 juris
823 2033 1014 2091 stricte
1043 2031 1435 2099 ecelesiastici,
1463 2032 1685 2090 noverit
1710 2051 1773 2089 se
1800 2034 1861 2091 in
1896 2051 2165 2091 censuras
2192 2053 2226 2090 a
2254 2034 2385 2110 jure
2410 2033 2553 2089 latas
2580 2034 2664 2091 in·

471 2127 762 2193 cideressffl

551 2232 855 2291 Vindicate
881 2240 1159 2307 potestate
1181 2218 1463 2289 Eeelesiae
1475 2229 1783 2307 judiciaria
1809 2230 2181 2306 explicandus
2208 2242 2297 2288 est
2311 2230 2473 2298 onio,
2490 2248 2665 2304 quem

471 2332 532 2391 in
548 2331 784 2409 judiciis
811 2330 1026 2387 servari
1060 2330 1198 2396 vult,
1227 2340 1290 2387 ut
1305 2330 1526 2405 justitia
1551 2339 1823 2387 teneatur.

543 2508 621 2569 (1)
672 2504 797 2554 Vide
834 2503 1194 2553 Concordatum
1227 2503 1403 2553 initum
1437 2505 1560 2553 inter
1595 2504 1882 2566 Gregorium
1916 2504 2057 2553 XVI.
2092 2512 2142 2553 et
2176 2504 2360 2567 Regem
2400 2500 2661 2562 Sardiniae3

473 2599 523 2640 et
543 2590 844 2653 interipsum
867 2597 916 2638 et
939 2589 1129 2639 Ducem
1153 2588 1393 2652 Magnum
1417 2589 1638 2641 Etruriae.
1918 2654 1923 2661 .

545 2680 630 2746 (2)
671 2674 796 2727 can.
819 2677 884 2728 vi.
1823 2710 1824 2713 κ
1979 2675 2007 2698 “
