3117 5217
499 552 613 607 180
1357 548 1472 608 DE
1517 542 1819 607 USURA.

491 718 774 797 adjunctis
798 719 1214 779 et'commercii
1241 719 1440 777 ordine
1467 719 1755 795 spectatis,
1796 718 2009 777 damno
2046 719 2367 797 emergenti
2394 718 2487 777 vel
2524 717 2690 777 lucro

493 819 742 877 cessanti
767 816 1092 894 respondet,
1123 819 1265 890 quin
1291 818 1360 877 de
1389 819 1753 876 conscientiae
1775 817 2019 895 judicio,
2047 828 2239 876 utrum
2266 836 2367 875 res
2392 819 2469 877 ita
2496 836 2563 875 se
2592 818 2689 875 ha·

497 918 643 984 beat,
673 918 788 974 sint
813 914 1206 975 solicitiores.¹

573 1020 672 1073 93.
717 1014 1005 1075 Caeterum
1034 1016 1263 1073 diffiteri
1291 1034 1406 1074 non
1433 1032 1901 1093 possumus-eam
1928 1032 2057 1073 esse
2080 1032 2270 1073 rerum
2296 1014 2687 1074 conditionem

497 1114 662 1173 hisce
683 1107 1088 1192 temporibus,²
1105 1124 1164 1171 et
1187 1116 1440 1181 maxime
1467 1115 1580 1173 hac
1598 1117 1657 1173 in
1671 1116 1928 1191 regione,
1957 1123 2021 1172 ut
2046 1114 2193 1171 tituli
2220 1114 2443 1173 externi
2468 1114 2537 1171 ad
2560 1132 2687 1171 auc-

497 1216 700 1273 tarium
747 1232 1002 1291 persaepe
1042 1213 1257 1273 adsint:
1314 1216 1413 1272 vix
1465 1216 1621 1272 enim
1658 1214 1808 1271 ullus
1850 1214 2149 1289 pecuniam
2196 1213 2347 1289 apud
2390 1232 2453 1271 se
2498 1224 2693 1271 servat

493 1314 770 1381 otiosam3
800 1314 904 1371 sed
930 1314 1021 1371 vel
1049 1314 1188 1371 emit
1213 1315 1486 1380 actiones,
1515 1332 1757 1387 quarum
1782 1313 1999 1370 fructus
2021 1312 2309 1388 legitimus
2338 1312 2683 1389 agnoscitur,

497 1414 589 1471 vel
627 1413 766 1475 alias
806 1431 933 1471 eam
971 1431 1104 1471 cum
1145 1412 1236 1470 sui
1274 1412 1432 1471 lucre
1473 1411 1793 1489 impendit3
1834 1422 1893 1470 et
1929 1411 2247 1488 periculum
2286 1414 2385 1470 vix
2430 1428 2685 1483 unquam

499 1513 672 1579 abest,
715 1520 868 1569 tanta
905 1521 994 1570 est
1030 1530 1222 1570 rerum
1261 1520 1583 1571 nostrarum
1628 1510 1990 1571 incertitudo.
2073 1510 2256 1587 Igitur
2291 1510 2689 1583 inquietandos

497 1630 614 1670 non
642 1630 944 1669 censemus
971 1609 1168 1669 fideles
1209 1612 1308 1683 qui
1349 1613 1497 1669 intra
1533 1605 1683 1687 legis
1721 1610 1933 1668 limites
1960 1630 2023 1668 se
2050 1610 2372 1668 continent:
2404 1628 2475 1668 eo
2508 1610 2689 1687 magis

495 1710 649 1783 quod
676 1711 740 1767 S.
773 1709 1268 1787 Congregationes
1294 1711 1571 1768 Romanae
1600 1710 1861 1787 plurimis
1890 1708 2131 1767 decretis
2170 1727 2373 1767 recens
2406 1699 2686 1779 emissiS‚³

495 1811 792 1868 statuerint
815 1798 916 1868 eos
944 1811 1040 1881 qui
1067 1812 1216 1867 bona
1234 1810 1350 1867 fide
1365 1810 1510 1887 legis
1526 1810 1781 1867 nituntur
1802 1809 1963 1867 titulo
1984 1828 2098 1867 non
2116 1826 2246 1865 esse
2267 1806 2685 1883 inquietandos,

497 1908 811 1967 dummodo
837 1910 1030 1985 ‚parati
1071 1911 1188 1967 sint
1226 1908 1291 1967 S.
1322 1909 1461 1967 Sedi
1487 1927 1707 1985 parere,
1744 1926 1871 1982 quae
1910 1909 2123 1967 nullam
2164 1907 2439 1966 hactenus
2469 1906 2541 1965 de
2582 1907 2687 1964 hac

493 2008 878 2067 controversia
901 2008 1134 2084 protulit
1163 2008 1576 2067 definitionem.

573 2111 673 2166 94.
717 2096 956 2173 Quoties
982 2108 1288 2166 auctarium
1335 2109 1496 2166 titulo
1535 2108 1729 2180 aliquo
1756 2106 2176 2174 cohonestatur,
2208 2109 2257 2165 si
2296 2107 2465 2182 culpa
2502 2115 2685 2163 mutu-

501 2208 646 2264 antis
673 2226 790 2264 non
817 2206 1084 2274 solvatur,
1117 2207 1336 2266 videtur
1361 2226 1464 2283 per
1488 2226 1550 2263 se
1570 2208 1743 2265 licere
1778 2208 2091 2264 auctarium
2118 2206 2177 2263 in
2206 2215 2412 2265 sortem
2442 2204 2683 2262 referre:

497 2325 629 2363 nam
657 2306 852 2363 haberi
879 2306 1084 2381 poterit
1109 2307 1282 2364 veluti
1307 2307 1551 2383 pecunia
1578 2304 1771 2363 mutuo
1800 2304 1948 2363 data.
2005 2304 2294 2377 Equidem
2324 2304 2381 2361 id
2408 2322 2523 2361 non
2546 2304 2691 2361 solet

475 2426 530 2475 ‚a
555 2404 814 2462 fidelibus
835 2404 985 2472 fieri,
1029 2424 1203 2477 quum
1241 2408 1394 2463 enim
1435 2406 1504 2461 ab
1541 2424 1713 2463 usura
1752 2404 1939 2476 aliqua
1970 2404 2275 2462 sancienda
2310 2404 2453 2461 adeo
2486 2403 2686 2461 abhor·
2770 2410 2776 2413 “

496 2504 712 2562 ruerint
738 2512 978 2570 veteres,
1009 2504 1078 2561 ab
1105 2524 1274 2563 usura
1298 2523 1617 2571 usurarum,
1648 2504 1819 2561 veluti
1846 2524 1879 2561 a
1902 2524 1963 2562 re
1992 2503 2254 2570 nefanda,
2284 2504 2397 2580 ipsi
2424 2504 2523 2575 qui
2555 2520 2688 2560 usu-

495 2621 685 2666 rarum
746 2604 1122 2679 legitimarum
1180 2613 1448 2681 patronos
1501 2622 1565 2660 se
1617 2604 2017 2669 exhibuerunt,
2074 2602 2301 2661 suerunt
2349 2603 2686 2679 plerumque

499 2702 693 2761 alieni.
779 2701 1068 2761 Caeterum
1111 2702 1292 2761 semel
1329 2693 1595 2760 admissis
1634 2702 1809 2763 titulis
1838 2703 2043 2775 quibus
2072 2721 2243 2759 usura
2268 2700 2687 2767 cohonestatur,

499 2820 726 2874 aequum
755 2801 976 2860 videtur
1000 2811 1063 2857 ut
1089 2804 1187 2875 qui
1215 2803 1272 2859 in
1301 2820 1462 2859 mora
1485 2810 1576 2859 est
1606 2802 1871 2877 culpabili
1910 2801 2194 2868 solvendi,
2226 2800 2523 2858 utilitatem
2550 2799 2687 2858 inde

495 2898 856 2957 derivandam
889 2911 1244 2975 compenset.
1327 2900 1516 2976 Leges
1547 2901 1747 2958 civiles
1775 2900 1833 2957 id
1855 2920 1975 2958 non
2002 2900 2334 2977 permittunt
2358 2919 2433 2957 ex
2477 2900 2690 2976 praevio

497 3010 666 3075 pacto
705 2999 863 3065 fieri3
905 2997 1009 3055 sed
1051 3008 1349 3075 postquam
1391 3018 1563 3057 usura
1602 3000 1879 3057 solvenda
1916 3000 2105 3067 fuerit,
2145 3000 2226 3057 nil
2264 3008 2415 3057 vetat
2454 3018 2581 3057 eam
2614 3016 2691 3055 ex

494 3116 775 3156 consensu
805 3097 1000 3155 referri
1026 3091 1377 3156 in-sortem.⁴
1520 3084 1525 3088 ’

566 3302 652 3367 (1)
691 3308 720 3333 “
739 3300 820 3363 By
843 3317 872 3349 a
895 3301 1086 3349 Statute
1109 3302 1166 3350 of
1179 3302 1346 3351 James
1366 3302 1448 3351 the
1479 3305 1569 3362 lst,
1590 3302 1787 3356 interest
1804 3305 1954 3352 above
1972 3304 2113 3365 eight
2134 3303 2327 3367 pounds
2348 3318 2434 3367 per
2456 3308 2569 3351 cent
2583 3316 2685 3350 was

501 3385 784 3450 prohibited,
813 3387 936 3451 (and
959 3388 1306 3450 consequently
1331 3387 1486 3436 under
1518 3388 1623 3437 that
1656 3395 1757 3437 rate
1791 3389 2018 3456 allowed)
2046 3389 2167 3438 with
2188 3388 2285 3437 this
2306 3404 2421 3451 sage
2442 3386 2687 3451 provision

499 3473 608 3521 that
629 3471 726 3542 this
747 3478 926 3521 statute
948 3472 1072 3523 shall
1093 3481 1182 3522 not
1213 3476 1275 3523 be
1311 3474 1566 3523 construed
1602 3490 1655 3523 or
1694 3475 1985 3539 expounded
2019 3482 2069 3523 to
2108 3476 2251 3524 allow
2286 3474 2371 3523 the
2403 3474 2611 3538 practice
2643 3472 2701 3521 of

496 3572 647 3621 usury
671 3557 724 3606 in
746 3558 887 3621 point
907 3558 964 3607 of
997 3559 1200 3621 religion
1224 3575 1278 3607 or
1299 3559 1627 3609 conscience.”
1705 3558 1881 3629 Paky,
1904 3560 2030 3609 Mor.
2056 3560 2193 3611 Phil.
2217 3561 2249 3609 1.
2271 3560 2321 3609 ii.
2346 3560 2421 3609 ch.
2452 3562 2528 3609 10.
2578 3603 2584 3609 .

573 3642 658 3707 (2)
698 3641 899 3704 Bergier
933 3642 1078 3691 dicit:
1115 3651 1144 3675 “
1163 3643 1351 3707 Depuis
1391 3660 1486 3706 que
1520 3643 1567 3691 le
1600 3659 1866 3692 commerce
1901 3644 2137 3693 maritime
2174 3650 2223 3693 et
2262 3644 2311 3693 la
2348 3646 2545 3707 banque’
2580 3649 2691 3691 sont

431 3767 442 3773 ,
499 3726 672 3775 etablis
693 3726 815 3775 dans
837 3733 970 3775 toute
992 3726 1024 3776 1’
1049 3728 1260 3791 Europe,
1279 3734 1327 3776 et
1351 3728 1591 3793 assujettis
1612 3726 1647 3776 a
1665 3728 1749 3776 des
1765 3730 2033 3791 reglemens
2052 3726 2149 3777 tres
2167 3728 2449 3792 multiplice,
2469 3728 2501 3777 l’
2522 3734 2691 3789 argent

501 3825 531 3858 a
551 3825 650 3858 une
673 3811 837 3859 valeur
858 3810 940 3874 qu'
964 3812 1000 3859 il
1019 3812 1071 3860 n’
1091 3813 1218 3861 avait
1238 3828 1328 3876 pas
1349 3812 1577 3861 autrefois
1594 3829 1608 3871 3
1642 3812 1677 3861 il
1701 3818 1774 3860 est
1808 3813 1999 3861 devenu
2015 3829 2114 3862 une
2150 3812 2497 3873 marchandise,
2519 3820 2568 3862 et
2584 3826 2689 3863 non

497 3909 570 3943 un
591 3894 764 3957 simple
785 3895 924 3956 signe
947 3894 1033 3944 des
1054 3896 1289 3946 valeurs.”
1361 3898 1492 3946 Dict.
1515 3897 1577 3945 de
1600 3896 1889 3959 Theologie,
1914 3904 1999 3947 art.
2034 3898 2201 3949 Usure.

572 3979 656 4043 (3)
695 3979 840 4042 Resp.
866 3980 918 4027 S.
943 3980 1106 4029 Officii
1129 3984 1159 4032 3
1185 3981 1307 4031 Julii
1333 3984 1496 4041 18:323
1531 3988 1582 4031 et
1620 3982 1673 4030 S.
1696 3983 1874 4031 Poenit.
1901 3986 1963 4031 16
1988 3983 2123 4047 Sept.
2157 3986 2305 4042 1830,
2340 3989 2389 4033 et
2410 3983 2506 4031 alia
2526 3983 2687 4047 relata.

493 4062 586 4111 vol.
609 4062 707 4111 xvi.
733 4062 922 4113 Cursus
943 4065 1210 4128 completus
1233 4066 1526 4128 Theologias.

571 4148 656 4212 (4)
695 4144 990 4209 “Although
1024 4148 1220 4197 interest
1253 4166 1387 4213 upon
1421 4151 1621 4199 interest
1655 4152 1697 4199 is
1732 4151 1785 4199 in
1820 4153 2019 4213 general
2054 4152 2308 4212 unlawfiil,
2330 4159 2416 4217 yet
2446 4152 2579 4203 there
2613 4168 2691 4201 are

499 4248 636 4283 cases
658 4224 714 4280 in
735 4232 898 4280 which
923 4233 1120 4281 interest
1141 4234 1184 4281 is
1206 4234 1486 4283 considered
1508 4252 1563 4284 as
1584 4236 1805 4297 changed
1827 4236 1931 4285 into
1964 4238 2216 4301 principal,
2236 4238 2333 4286 and
2366 4236 2619 4301 permitted
2640 4244 2690 4285 to

503 4333 639 4381 carry
662 4317 876 4376 interest,
900 4316 1181 4366 as—w'here
1205 4335 1234 4366 a
1255 4320 1528 4368 settlement
1549 4320 1607 4369 of
1632 4326 1863 4381 accounts
1886 4322 2022 4373 takes
2048 4323 2185 4385 place
2218 4322 2339 4371 aster
2370 4324 2569 4371 interest
2600 4320 2691 4369 has

499 4402 698 4451 become
715 4400 946 4459 due‚-or
969 4417 1033 4449 an
1051 4409 1326 4461 agreement
1347 4402 1389 4451 is
1421 4404 1563 4453 made
1596 4403 1730 4472 aster
1750 4406 1948 4453 interest
1981 4408 2203 4455 becomes
2234 4406 2347 4463 due,
2368 4404 2476 4453 that
2496 4405 2535 4453 it
2567 4404 2693 4453 shall

499 4501 634 4548 carry
658 4484 868 4533 interest·
935 4485 1055 4547 Any
1081 4492 1357 4546 agreement
1377 4486 1451 4535 for
1473 4488 1672 4537 interest
1692 4504 1827 4551 upon
1860 4489 2074 4550 interest,
2096 4496 2149 4539 to
2169 4492 2229 4539 be
2252 4490 2435 4548 lawful,
2468 4494 2601 4537 must
2632 4490 2694 4537 be
