3117 5217
432 571 557 630 DE
592 569 1119 630 SPECIALIUM
1146 570 1676 630 INJURIARUM
1705 571 2332 634 REPARATIONE.
2419 578 2532 636 127

327 763 398 802 ea
438 744 853 819 suspicionum
897 744 1126 801 occasio
1150 744 1399 802 oriatur:
1441 744 1624 802 multo
1653 744 1836 821 magis
1875 745 1925 802 si
1965 743 2022 802 id
2062 755 2247 821 optes,
2277 745 2530 805 animum

328 862 545 920 gerens
602 843 688 900 illi
750 843 1069 900 inimicum.
1154 842 1393 908 Quoties
1444 843 1682 901 violatur
1737 843 1974 919 justitia,
2027 843 2338 920 reparanda
2401 855 2536 904 eunt

331 942 583 1000 damna:
616 942 721 1000 sed
750 942 1021 999 charitate
1048 950 1259 999 tantum
1284 941 1439 1009 laesa,
1468 941 1682 1000 sufficit
1705 941 1896 1000 delicti
1925 943 2278 1018 poenitentia.

408 1046 561 1098 210.
610 1040 1018 1099 Homicidium
1060 1040 1119 1096 in
1157 1040 1426 1097 ebrietate
1464 1041 1676 1100 factum
1715 1059 1834 1099 non
1873 1039 2094 1100 inducit
2129 1042 2534 1120 obligationem

330 1139 705 1208 restituendi,
752 1143 803 1198 si
846 1139 1165 1197 nullatenus
1201 1139 1505 1214 praevisum
1542 1139 1746 1207 fuerit;
1792 1141 2052 1213 quamvis
2093 1142 2250 1199 enim
2295 1141 2535 1200 ebrietas

332 1238 457 1312 ipsa
485 1249 801 1314 peccatum
830 1239 921 1305 sit,
950 1236 1249 1296 homicidii
1276 1238 1337 1295 in
1362 1256 1430 1295 ea
1455 1240 1658 1314 patrati
1683 1238 1900 1298 malitia
1925 1258 2042 1298 non
2071 1241 2398 1316 imputatur,
2427 1241 2537 1298 nisi

333 1339 607 1412 praevisa.

411 1442 561 1494 211.
612 1437 685 1493 Si
706 1436 877 1494 loesus
905 1443 1031 1493 ante
1060 1443 1299 1492 mortem
1326 1437 1523 1493 omnia
1547 1437 1848 1504 remiserit,
1875 1436 2096 1495 occisor
2121 1452 2236 1496 non
2263 1437 2540 1496 tenebitur

340 1536 425 1592 ad·
446 1534 714 1608 aliquid:
758 1533 1098 1594 condonatio
1138 1543 1327 1592 autem
1366 1535 1588 1611 injuriae
1629 1553 1746 1594 non
1771 1536 1878 1594 fert
1901 1553 2098 1594 secum
2138 1536 2536 1594 remissionem

338 1634 716 1694 damnorum.

414 1739 563 1792 212.
613 1734 737 1792 Pro
757 1733 1029 1808 expensis
1050 1730 1265 1788 funeris
1296 1732 1441 1790 nihil
1464 1732 1876 1793 restituendum
1895 1742 2004 1800 est,
2021 1733 2224 1792 nisiex
2249 1734 2538 1795 occisione

338 1835 593 1911 majores
638 1832 865 1899 fuerint,
907 1850 1076 1904 quam
1122 1830 1259 1888 alias
1311 1831 1572 1890 fuissent.
1657 1831 2042 1892 Restituendae
2085 1843 2220 1892 sunt
2263 1833 2538 1910 impensae

343 1930 499 1990 factae
548 1934 617 1990 in
662 1933 1031 2000 curationem,
1072 1942 1129 1990 et
1183 1929 1600 1988 medicamenta
1648 1932 1944 2000 vulnerati,
1989 1931 2078 1990 vel
2127 1933 2304 1992 occisi
2332 1953 2349 1990 ι
2403 1935 2540 1992 item

345 2030 599 2098 lucrum,
634 2031 791 2102 quod
818 2048 892 2087 ex
918 2031 1269 2089 mutilatione
1297 2030 1390 2086 vel
1440 2041 1622 2088 morte
1673 2033 1936 2100 cessavit,
1981 2033 2150 2109 juxta
2198 2031 2540 2108 prudentum

350 2130 817 2198 aestimationem,
846 2149 951 2206 pro
978 2132 1195 2208 majore
1235 2138 1331 2185 aut
1352 2129 1573 2187 minore
1613 2149 1716 2207 spe
1743 2149 1910 2202 quam
1951 2132 2144 2198 laesus,
2172 2133 2264 2192 vel
2289 2134 2536 2202 occisus,

346 2227 565 2299 habuit,
606 2239 669 2286 et
706 2228 939 2306 dempto
977 2230 1163 2306 pretio
1205 2227 1357 2300 quod
1410 2228 1711 2288 defunctus
1749 2229 1819 2286 ad
1857 2230 2110 2288 laborem
2147 2229 2544 2288 redimendum

348 2329 723 2403 probabiliter
747 2329 976 2387 daturus
1004 2339 1141 2388 erat.
1204 2327 1511 2386 Restitutio
1534 2327 1660 2386 haec
1685 2328 1882 2386 deberi
1907 2327 2146 2395 videtur,
2173 2330 2282 2388 etsi
2309 2330 2543 2405 respub-

350 2427 459 2486 lica
484 2431 713 2487 crimen
744 2429 939 2505 puniat
961 2447 1205 2494 carcere,
1233 2425 1325 2484 vel
1354 2437 1555 2495 morte,
1577 2426 1644 2484 ad
1667 2428 1952 2505 publicam
1975 2428 2238 2505 injuriam
2263 2427 2542 2488 ulciscen-

352 2526 532 2587 dam.¹
592 2529 942 2600 Plerumque
972 2538 1163 2586 tamen
1190 2527 1499 2602 propinqui
1537 2544 1664 2584 eam
1691 2545 1808 2585 non
1833 2528 2094 2604 exigunt,
2123 2529 2346 2600 quoties
2374 2546 2544 2603 poena

355 2625 655 2703 injudicio
683 2627 851 2684 fuerit
875 2627 1135 2704 irrogata.

428 2731 573 2784 213.
621 2725 912 2784 Facienda
950 2736 1037 2783 est
1074 2726 1353 2786 restitutio
1392 2724 1746 2800 parentibus,
1774 2722 1928 2788 filiis,
1955 2734 2015 2781 et
2051 2723 2219 2781 uxori
2244 2723 2540 2792 interfecti,

353 2838 639 2896 quatenus
690 2843 767 2882 ex
816 2826 941 2902 ejus
991 2835 1173 2884 morte
1228 2824 1499 2882 damnum
1553 2824 1713 2900 passi
1757 2822 1890 2880 sint.
1975 2821 2216 2882 Coeteris
2261 2823 2361 2895 qui
2403 2823 2544 2882 forte

354 2923 629 2983 damnum
658 2923 791 2982 inde
816 2925 1203 2992 sustinuerint,
1225 2923 1485 2982 fratribus
1510 2943 1524 2980 :
1557 2942 1625 2979 v:
1656 2941 1694 3000 g
1715 2943 1734 2980 τ
1759 2933 1819 2982 et
1843 2923 2301 2999 consanguineis,
2325 2924 2546 2982 restitu-

355 3024 567 3082 tionem
589 3022 743 3080 haud
771 3023 961 3082 deberi
988 3023 1270 3080 affirmant
1293 3040 1493 3098 graves
1520 3022 1794 3098 theologi,
1817 3023 1928 3080 nisi
1948 3024 2138 3082 animo
2165 3023 2278 3082 illis
2297 3022 2544 3082 nocendi

359 3121 735 3182 homicidium
763 3123 929 3180 suerit
952 3132 1266 3200 patratum:
1298 3139 1431 3179 nam
1458 3121 1716 3178 strictum
1747 3123 1844 3199 jus
1871 3120 1940 3178 ad
1981 3121 2228 3180 defuncti
2255 3122 2404 3180 bona
2429 3141 2546 3182 non

302 3230 311 3238 ·
362 3220 699 3280 habuerunt.
784 3221 873 3278 De
912 3221 1285 3280 creditoribus
1316 3220 1469 3278 idem
1498 3218 1728 3278 dicunt:
1770 3238 1873 3297 per
1899 3220 2163 3280 accidens
2189 3222 2344 3280 enim
2385 3220 2547 3280 dum-

361 3331 511 3378 taxat
534 3320 812 3378 damnum
840 3322 908 3378 iis
936 3321 1191 3378 infertur.
1276 3321 1343 3377 Si
1370 3338 1515 3378 uxor
1539 3319 1810 3397 deinceps
1849 3321 2152 3380 commode
2187 3323 2462 3397 nupserit,
2491 3329 2550 3378 et

360 3419 490 3477 filiis
512 3421 685 3477 etiam
704 3418 905 3478 idonea
926 3420 1257 3478 sustentatio
1276 3421 1612 3495 praebeatur,
1627 3419 1898 3495 obligatio
1916 3419 2244 3479 restituendi
2266 3419 2545 3486 cessabit;

366 3537 539 3590 quum
566 3518 840 3576 damnum
858 3519 978 3596 jam
1007 3537 1123 3576 non
1152 3515 1483 3594 patianmr.2
1565 3519 1704 3578 Non
1733 3517 1953 3576 videtur
1977 3535 2106 3575 esse
2146 3518 2420 3594 obligatio
2455 3535 2550 3574 cu-

362 3617 517 3676 randi
544 3627 609 3676 ut
636 3618 835 3676 Missae
862 3637 967 3694 pro
994 3619 1187 3676 occiso
1213 3617 1447 3676 homine
1487 3618 1872 3683 celebre-ntum
1915 3617 2178 3688 quamvis
2211 3615 2270 3672 id
2309 3613 2549 3672 suaden-

364 3715 495 3776 dum
522 3718 601 3776 sit
628 3736 701 3774 ex
728 3716 1017 3786 charitate,
1044 3728 1102 3775 et
1127 3718 1311 3793 possit
1334 3718 1556 3792 imponi
1595 3717 1654 3774 in
1695 3715 2108 3790 poenitentiam.

436 3821 577 3875 214.
624 3816 690 3874 Si
736 3817 987 3876 occisum
1035 3817 1202 3875 suerit
1271 3815 1620 3890 mancipium
1667 3812 1938 3878 alienum,
1980 3813 2259 3871 restitutio
2312 3811 2550 3872 debetur

372 3914 622 3984 domino,
650 3935 755 3992 pro
781 3917 907 3993 ejus
936 3917 1123 3974 valore
1143 3915 1314 3991 juxta
1338 3912 1772 3971 aestimationem
1801 3911 2164 3987 prudentum.

442 4019 582 4074 215.
627 4016 743 4084 Qui
768 4015 1011 4092 graviter
1048 4014 1335 4072 excedens
1376 4010 1744 4071 moderamen
1783 4012 2081 4088 inculpatae
2109 4013 2295 4070 tutelae
2323 4030 2552 4090 aggres-

372 4129 553 4172 sorem
580 4115 863 4182 interficit,
894 4114 965 4171 ad
1006 4114 1214 4172 damna
1253 4109 1568 4190 reparanda
1607 4113 1784 4170 teneri
1825 4110 2070 4180 videtur,
2102 4130 2278 4185 quum
2321 4129 2553 4189 gravem

374 4211 696 4290 irrogaverit
718 4214 1019 4290 injuriam:
1062 4211 1163 4271 sed
1182 4213 1351 4289 juxta
1390 4213 1586 4289 plures
1628 4211 1924 4289 theologos
1966 4213 2260 4286 “aequitas
2288 4211 2553 4270 naturalis

510 4426 591 4491 (1)
630 4423 757 4472 Vide
782 4421 1022 4480 Lessium,
1039 4419 1322 4488 dejunitia
1342 4422 1534 4490 etjure,
1555 4423 1601 4480 ς.
1627 4419 1676 4469 ii.
1699 4435 1741 4470 c.
1763 4419 1831 4469 ix.
1855 4418 1976 4470 Dub
1999 4418 2119 4468 xxii.
2141 4434 2192 4468 n.
2220 4418 2331 4465 139.

510 4516 591 4580 (2)
630 4513 831 4572 Ibidem,
860 4510 998 4564 Dub.
1021 4510 1155 4561 xxvi.
