3117 5217
459 555 496 607 8
1158 554 1272 613 DE
1315 552 1931 613 EQRTITUDINE.

1333 1021 1619 1083 CAPUT
1666 1021 1777 1081 111.

1275 1226 1355 1269 DE
1397 1226 1835 1269 ronrlrunmz.

555 1380 648 1435 14.
691 1375 1012 1436 Fortitudo
1041 1386 1128 1461 est
1152 1378 1328 1435 virtus
1357 1377 1533 1435 animi
1561 1396 1675 1450 qua
1700 1376 1828 1450 quis
1855 1376 1922 1433 ad
1966 1378 2218 1453 pericula
2242 1378 2554 1445 subeunda,
2598 1389 2654 1437 et

469 1476 542 1533 ad
581 1476 1019 1553 aggrediendum
1073 1474 1248 1534 ardua
1292 1475 1565 1543 firmatur,
1613 1475 1923 1533 secundum
1972 1477 2205 1535 rationis
2251 1476 2553 1545 dictamen,
2598 1489 2654 1535 et

462 1574 655 1651 legem
699 1574 968 1632 divinam.
1053 1576 1168 1634 Dei
1209 1575 1423 1633 auxilio
1469 1576 1787 1659 praesertirn
1828 1576 2037 1633 nitatur
2077 1585 2299 1650 oportet
2338 1578 2437 1649 qui
2486 1576 2646 1634 fortis

466 1692 597 1731 esse
625 1683 946 1731 constanter
964 1674 1119 1742 velit,
1150 1685 1208 1731 et
1232 1693 1358 1747 quae
1387 1674 1614 1731 obstent
1638 1691 1927 1749 superare.
1979 1674 2078 1731 Sic
2107 1674 2354 1750 Moyses
2382 1676 2653 1751 praecepit

467 1772 505 1829 J
509 1790 670 1829 osue:
716 1780 753 1806 ‘⁶
774 1771 1134 1841 confortare,
1164 1782 1221 1829 et
1244 1784 1368 1829 esto
1393 1774 1678 1829 robustus·
1722 1772 1864 1831 Noli
1885 1782 2156 1839 metuere,
2184 1781 2241 1829 et
2266 1773 2383 1832 noli
2410 1776 2609 1832 timere
2632 1793 2647 1833 :

471 1873 740 1943 quoniam
769 1880 956 1928 tecum
984 1881 1072 1927 est
1099 1868 1384 1928 Dominus
1413 1869 1577 1928 Deus
1618 1880 1745 1927 tuus
1787 1871 1845 1929 in
1886 1873 2151 1929 omnibus
2180 1871 2251 1929 ad
2277 1891 2651 1945 quaecumque

470 1962 889 2044 perrexeriS.”¹
946 1970 1257 2045 Apostolus
1286 1971 1455 2027 etiam
1483 1970 1737 2026 hortatur
1764 1970 1874 2027 hoc
1900 1979 2065 2045 pacto
2091 1968 2327 2028 fideles:
2373 1981 2411 2006 ‘⁶
2433 1971 2649 2039 fratreS‚

471 2066 870 2126 confortamini
896 2069 956 2125 in
999 2066 1273 2135 Domin0,
1318 2077 1375 2125 et
1419 2069 1478 2125 in
1520 2068 1773 2143 potentia
1811 2069 2030 2127 virtutis
2058 2069 2203 2144 ejus,
2288 2070 2509 2127 Induite
2549 2089 2652 2128 vos

474 2165 812 2223 armaturam
857 2165 990 2233 Dei,
1035 2178 1096 2225 ut
1136 2167 1374 2243 possitis
1421 2177 1570 2223 stare
1617 2165 1887 2226 adversus
1934 2166 2169 2223 insidias
2214 2168 2470 2227 diaboli.
2498 2210 2512 2225 .
2539 2212 2553 2226 .
2594 2178 2657 2227 ut

469 2266 704 2341 possitis
729 2266 990 2322 resistere
1019 2267 1078 2322 in
1106 2265 1197 2322 die
1225 2266 1396 2334 malo,
1419 2274 1475 2321 et
1500 2268 1558 2324 in
1588 2268 1850 2323 omnibus
1877 2266 2113 2342 perfecti
2140 2264 2385 2325 stare.”²
2438 2277 2476 2303 “
2498 2269 2653 2325 State

471 2364 530 2421 in
557 2362 692 2430 fide,
716 2364 949 2420 viriliter
969 2366 1138 2440 agite,
1157 2374 1214 2420 et
1232 2354 1730 2421 confortamini.”³
1770 2363 1882 2423 Est
1900 2364 2115 2423 donum
2137 2366 2385 2443 Spiritus
2408 2359 2654 2424 Sancti.⁴

471 2460 766 2519 Fortitudo
793 2473 1088 2519 exercetur
1128 2464 1491 2538 aggressione
1533 2472 1590 2519 et
1627 2465 2031 2540 perpessione:
2080 2450 2405 2523 “fortitudo
2446 2465 2671 2543 princi-„

469 2562 671 2637 paliter
711 2571 798 2616 est
839 2561 989 2618 circa
1035 2564 1266 2619 timores
1313 2561 1632 2619 difficilium
1672 2582 1879 2631 rerum,
1922 2582 2047 2635 quae
2088 2564 2369 2621 retrahere
2412 2574 2661 2641 possunt.

467 2661 813 2717 voluntatem
859 2681 891 2717 a
936 2661 1168 2733 sequela
1218 2663 1473 2732 rationis.
1559 2662 1803 2737 Oportet
1852 2672 2039 2718 autem
2090 2662 2419 2738 hujusmodi
2462 2683 2651 2722 rerum

469 2759 783 2815 difficilium
822 2760 1133 2835 impulsum
1174 2779 1288 2816 non
1329 2761 1516 2816 solum
1556 2760 1793 2816 firmiter
1832 2759 2086 2824 tolerare,
2129 2762 2447 2821 cohibendo
2488 2764 2650 2820 timo-

468 2876 610 2923 rem,
640 2856 742 2911 sed
769 2857 936 2914 etiam
967 2857 1253 2915 moderate
1294 2857 1563 2933 aggredi:
1610 2856 1837 2928 quando
1876 2858 2096 2915 scilicet
2120 2870 2342 2936 oportet
2367 2880 2434 2917 ea
2471 2871 2651 2918 exter·

469 2956 705 3019 minare,
735 2953 804 3011 ad
832 2956 1185 3012 securitatem
1215 2956 1272 3012 in
1313 2968 1605 3030 posterum
1646 2955 1994 3014 habendam:
2040 2958 2207 3038 quod·
2221 2958 2441 3017 videtur
2480 2962 2649 3036 perti-

469 3071 602 3111 nere
629 3052 697 3109 ad
725 3054 1002 3111 rationem
1031 3048 1383 3112 audaciae.”⁵
1866 3060 1870 3064 ’

553 3156 646 3208 15.
691 3151 760 3209 In
785 3154 1126 3228 martyribus
1155 3135 1404 3210 maxime
1431 3155 1618 3211 elucet
1642 3153 1909 3212 fortitudo
1936 3154 2260 3224 christiana,
2290 3156 2411 3214 dira
2438 3156 2649 3233 quippe

470 3260 807 3328 etextrema
831 3252 1112 3327 supplicia
1137 3253 1328 3327 animo
1348 3252 1635 3328 impavido
1662 3264 1894 3329 propter
1916 3253 2213 3311 Christum
2240 3258 2648 3315 sustinuerunt.

471 3350 692 3407 Eorum
739 3350 936 3407 laudes
974 3334 1192 3407 'idcirco
1237 3350 1567 3427 Cyprianus
1613 3352 1704 3409 his
1744 3354 1977 3410 vocibus
2022 3353 2300 3412 celebrat:
2347 3364 2384 3390 “
2410 3355 2462 3413 O
2502 3357 2650 3413 beati

471 3457 770 3524 martyreS‚
800 3450 1002 3520 quibus
1030 3468 1131 3506 vos
1155 3434 1412 3507 laudibus
1441 3450 1786 3527 praedicem?
1830 3452 1882 3509 O
1904 3452 2111 3511 milites
2140 3452 2455 3521 fortissimi,
2484 3455 2650 3512 robur

472 3550 728 3624 corporis
759 3550 927 3605 vestri
951 3568 1066 3621 quo
1093 3550 1376 3625 praeconio
1398 3551 1556 3606 vocis
1585 3550 1871 3627 explicem
1894 3542 1987 3606 2⁹⁹⁶
2030 3551 2173 3609 Haec
2202 3562 2514 3628 martyrum
2541 3553 2650 3610 for·

473 3647 650 3705 titudo
697 3648 981 3706 charitatis
1035 3648 1296 3725 persectae
1343 3647 1615 3705 indicium
1670 3657 1757 3705 est
1806 3651 2207 3717 certissimum,
2265 3652 2455 3723 “quia
2498 3660 2650 3709 tanto

471 3747 655 3821 magis
683 3746 994 3805 ostenditur
1021 3748 1224 3821 aliquis
1255 3749 1503 3820 aliquam
1529 3766 1651 3805 rem
1679 3768 1889 3816 amare,
1920 3760 2129 3820 quanto
2156 3769 2260 3825 pro
2296 3769 2363 3806 ea
2388 3768 2507 3807 rem
2538 3769 2650 3807 ma-

473 3844 560 3917 gis
589 3853 828 3903 amatam
853 3849 1181 3913 contemnit,
1209 3858 1264 3904 et
1288 3866 1408 3904 rem
1437 3847 1617 3923 magis
1641 3846 1895 3904 odiosam
1917 3847 2075 3923 eligit
2094 3850 2227 3923 pati.
2274 3849 2647 3906 Manifestum

471 3950 558 3998 est
584 3950 770 3998 autem
801 3941 950 4012 quod
979 3943 1122 3999 inter
1163 3948 1357 4001 omnia
1396 3946 1504 4002 alia
1542 3945 1692 4003 bona
1731 3948 2026 4022 praesentis
2057 3948 2183 4003 vitae
2218 3948 2475 4005 'maxime
2503 3958 2651 4005 amat

472 4040 648 4098 homo
691 4041 872 4115 ipsam
900 4042 1091 4107 vitam,
1135 4052 1191 4098 et
1230 4060 1261 4097 e
1289 4046 1570 4100 contrario
1613 4047 1865 4102 maxime
1909 4045 2027 4102 odit
2069 4048 2253 4121 ipsam
2292 4056 2552 4114 mortem,
2595 4055 2651 4103 et

543 4216 626 4280 (1)
664 4214 812 4263 Josue
835 4215 866 4262 i.
891 4218 936 4262 9.
1211 4218 1294 4282 (2)
1333 4216 1462 4279 Eph.
1485 4217 1548 4264 vi.
1577 4221 1786 4267 10—13.
2060 4224 2143 4287 (3)
2188 4225 2209 4268 l
2240 4220 2353 4271 Cor.
2378 4221 2478 4270 xvi..
2504 4224 2580 4269 13.

545 4299 629 4363 (4)
667 4298 800 4345 Isaiae
829 4298 895 4345 xi.
920 4301 966 4344 2.
1213 4301 1295 4365 (5)
1336 4300 1387 4346 S.
1422 4300 1600 4348 Thom.
1624 4304 1671 4349 2.
1694 4306 1741 4349 2.
1766 4318 1845 4365 qu.
1869 4302 2033 4351 cxxiii.
2057 4309 2141 4351 art.
2164 4303 2229 4351 iii.
2302 4304 2449 4370 Resp-

1221 4387 1305 4451 (6)
1345 4384 1402 4433 L.
1425 4386 1474 4433 ii.
1499 4401 1573 4449 ep.
1597 4387 1659 4435 vi.
