3117 5217
477 542 592 599 178
1333 535 1448 595 DE
1493 534 1795 594 USURA.

479 710 614 783 quia
639 717 801 785 putat
825 724 888 765 se
915 724 1090 783 posse
1117 706 1424 765 mercando
1451 716 1669 765 tantum
1699 707 2303 783 comparare-hiemat,
2334 726 2467 766 nam
2494 710 2667 767 rebus

477 807 746 867 omnibus
771 807 876 865 rite
905 806 1228 882 perpensis,
1255 823 1390 881 spes
1420 805 1514 862 illa
1541 824 1696 882 soepe
1726 824 1841 863 non
1868 813 1957 861 est
1982 806 2315 865 aestimanda
2340 808 2489 869 ultra
2512 808 2663 885 legis

481 918 691 964 taxam-
777 905 907 963 Nec
933 906 1058 964 sola
1083 904 1433 981 possibilitas
1459 903 1719 965 lucrandi
1758 902 1981 961 titulum
2022 906 2267 980 praebet3
2308 906 2411 965 sed
2437 908 2669 965 occasio

478 1006 646 1065 debet
670 1022 798 1061 esse
825 1012 1034 1080 parata,
1081 991 1191 1062 vel¹
1217 1002 1418 1060 saltem
1465 1003 1831 1069 verosimilis,
1876 1011 1943 1060 ut
1976 1001 2194 1075 aliquid
2241 1006 2547 1083 accipiatur
2587 1007 2661 1063 ob

475 1105 794 1163 facultatem
850 1102 1002 1160 illam
1067 1112 1274 1178 sponte
1331 1102 1627 1178 abjectam,
1694 1110 1757 1159 ut
1820 1101 1977 1159 alteri
2042 1103 2390 1163 beneficium
2444 1106 2667 1181 impen-

482 1204 668 1262 deres.

560 1308 658 1365 87.
705 1300 820 1367 Qui
841 1299 1084 1377 negotiis
1113 1318 1474 1372 nequaquam
1496 1310 1716 1367 vacant,
1736 1298 1840 1357 sed
1867 1300 1967 1357 toti
1988 1310 2122 1359 sunt
2144 1303 2205 1364 in
2231 1303 2475 1377 pecunia
2494 1320 2665 1374 quam

481 1402 696 1461 habent
755 1399 1062 1457 utilissime
1126 1398 1530 1475 impendenda,
1596 1408 1787 1455 mutua
1842 1417 1911 1455 ea
1976 1398 2181 1467 danda,
2248 1419 2364 1458 non
2426 1410 2675 1478 possunt

482 1500 618 1575 quid
645 1498 752 1557 sibi
780 1498 1088 1563 vindicare,
1115 1516 1188 1555 eo
1229 1498 1462 1555 nomine
1504 1498 1657 1569 quod
1702 1498 1946 1572 pecunia
1985 1500 2171 1575 possit
2212 1500 2467 1559 honestae
2494 1518 2669 1577 nego·

481 1600 698 1658 tiationi
727 1590 1074 1655 inservirez¹
1111 1598 1384 1670 quoniam
1428 1597 1537 1673 ipsi
1582 1596 1727 1655 nihil
1769 1596 1983 1654 idcirco
2022 1599 2306 1667 amittunt,
2336 1618 2509 1673 quum
2552 1617 2667 1658 non

481 1699 670 1761 forent
695 1696 1052 1773 negotiaturi.
1135 1697 1316 1773 igitur
1341 1696 1454 1753 nisi
1478 1696 1625 1770 legis
1668 1696 1862 1756 titulus
1892 1696 2005 1753 illis
2032 1697 2326 1774 suffragari
2354 1707 2668 1778 censeatur,

483 1801 554 1859 ab
581 1812 760 1855 usura·
791 1798 890 1855 vix
932 1805 1200 1871 poterunt
1247 1794 1540 1851 vindicari.
1626 1794 1833 1852 Tutius
1863 1793 1995 1853 vero
2036 1796 2181 1855 foret
2224 1799 2523 1873 pecuniam
2567 1779 2671 1852 ifn-

481 1896 736 1975 pendere
763 1895 1047 1963 domibus,
1078 1894 1168 1949 vel
1193 1892 1535 1951 actionibus
1558 1892 1838 1959 emendis,
1859 1903 1923 1951 ut
1946 1913 2021 1953 ex
2050 1905 2246 1954 mutuo
2270 1897 2488 1983 lucrum
2518 1912 2669 1970 quae—

483 2014 606 2053 rere
633 2004 828 2052 contra
856 1992 1072 2050 Christi
1103 1988 1451 2067 p'rieceptum
1479 2010 1595 2049 non
1621 1992 1935 2050 videantur.

563 2098 663 2151 88.
709 2092 1034 2149 Auctarium
1066 2111 1182 2149 non
1207 2100 1294 2149 est
1319 2090 1388 2147 ab
1430 2091 1595 2149 initio
1636 2092 1895 2169 pecuniae
1938 2102 2147 2149 mutuoe
2172 2091 2315 2149 datae
2342 2092 2674 2149 subtrahen-

489 2192 648 2259 dum,
678 2210 784 2251 nec
811 2194 964 2249 enim
995 2192 1104 2250 nisi
1134 2200 1387 2267 tempore
1417 2190 1615 2266 elapso
1643 2189 1915 2256 debetur;
1956 2200 2015 2247 et
2032 2198 2318 2258 mutuans,
2348 2191 2395 2247 si
2424 2192 2493 2247 ab
2519 2192 2679 2248 initio

487 2292 844 2351 subtrahatur
869 2291 1038 2349 solvit
1065 2289 1200 2346 illud
1229 2308 1334 2365 pro
1355 2308 1579 2346 summa
1600 2290 1889 2367 majorica
1916 2306 2086 2361 quam
2108 2308 2239 2347 vere
2262 2290 2498 2365 acc-epit.
2542 2298 2581 2324 ‘⁴
2603 2290 2669 2346 Si

485 2400 712 2449 mutues
741 2401 990 2456 centum,
1018 2399 1074 2446 et
1099 2407 1201 2464 pro
1227 2388 1385 2445 lucro
1425 2400 1685 2445 cessante
1720 2389 1971 2463 'accipias
1998 2388 2219 2455 decem,
2248 2407 2363 2447 uon
2397 2390 2519 2467 jam
2548 2408 2672 2446 mu·

486 2499 610 2549 tuas
634 2498 886 2555 centum,
913 2487 1014 2545 sed
1043 2478 1452 2565 nonaginta.”²
1531 2490 1797 2545 Attamen
1818 2506 1945 2545 mos
1966 2497 2053 2545 est
2078 2490 2135 2547 in
2165 2489 2383 2546 mensis
2409 2507 2668 2545 numma-

485 2588 585 2647 riis
625 2586 912 2665 receptu5‚
953 2597 1018 2645 ut
1059 2589 1368 2645 auctarium
1417 2587 1494 2643 ita
1537 2588 1607 2644 ab
1645 2588 1808 2645 initio
1844 2585 2193 2653 deducatur3
2225 2588 2336 2659 qui
2382 2589 2675 2645 communi
2744 2660 2749 2663 ,

487 2690 746 2746 omnium
775 2705 1060 2745 consensu
1091 2697 1148 2743 et
1172 2705 1278 2743 usu
1307 2694 1485 2758 quum
1506 2687 1795 2760 probetur,
1818 2686 2009 2743 forsan
2036 2686 2143 2743 hac
2169 2687 2386 2743 ratione
2412 2688 2671 2746 excusari

485 2806 658 2863 posse
685 2786 922 2845 videtur.
1006 2784 1168 2843 Idem
1197 2785 1262 2841 fit
1287 2784 1512 2855 quot-ies
1551 2786 1796 2860 pecunia
1836 2803 1939 2859 pro
1968 2784 2351 2862 chirographo
2378 2804 2411 2841 a
2436 2785 2671 2861 privatis

489 2885 670 2944 datur.

567 2987 666 3041 89.
709 2981 978 3054 Plerique
996 2982 1116 3059 jam
1136 2981 1478 3059 periculum
1507 2980 1713 3049 sortia,
1736 2981 1959 3039 titulum
1986 2982 2237 3058 praebere
2265 2981 2335 3039 ad
2362 2984 2671 3044 auctarium

487 3080 881 3159 accipiendum
909 3090 1142 3157 putant3
1185 3082 1236 3139 si
1263 3082 1418 3139 enim
1447 3080 1689 3139 creditor
1727 3081 1891 3139 facile
1920 3082 2101 3157 possit
2125 3080 2383 3148 evadere,
2413 3082 2504 3138 vel
2530 3083 2677 3139 bona

489 3202 594 3239 sua
621 3180 824 3243 celare,
854 3180 943 3236 vel
973 3180 1292 3238 molestiam
1319 3180 1621 3255 plurimam
1661 3181 1937 3256 repetenti
1978 3192 2237 3238 mutuum
2282 3199 2492 3247 creare,
2520 3200 2675 3239 com·

485 3280 747 3357 pensatio
775 3277 1034 3350 quaedam
1065 3277 1254 3336 deberi
1281 3278 1505 3336 videtur
1529 3279 1583 3335 ei
1626 3280 1725 3352 qui
1764 3289 1920 3338 tanto
1961 3279 2277 3339 discrimini
2312 3280 2461 3337 ultro
2488 3297 2551 3337 se
2576 3282 2675 3338 ob-

479 3380 628 3456 jicit.
713 3377 874 3435 Hinc
898 3396 1074 3449 quum
1105 3377 1254 3454 apud
1281 3379 1556 3436 Sinenses
1583 3378 1681 3437 lex
1724 3380 1953 3457 triginta
1992 3398 2097 3455 pro
2122 3390 2352 3437 centum
2386 3380 2674 3455 permitte-

485 3489 590 3545 ret,
619 3476 952 3555 hujusmodi
971 3476 1224 3553 periculo
1246 3479 1401 3546 nixa,
1423 3480 1698 3556 praecepit
1714 3478 1779 3536 S.
1806 3478 2192 3555 congregatio
2212 3478 2283 3535 de
2304 3476 2681 3554 Propaganda

489 3577 633 3636 Fide
662 3596 812 3635 anno
843 3580 1018 3645 1645,
1065 3586 1103 3613 ‘⁶
1127 3596 1244 3635 non
1271 3596 1398 3635 esse
1435 3576 1834 3650 inquietandos
1876 3596 1978 3635 eos
2021 3579 2120 3649 qui
2145 3577 2427 3653 recipiunt
2464 3576 2679 3648 aliquid

487 3696 658 3754 supra
699 3685 907 3734 sortem
948 3678 1165 3736 ratione
1206 3677 1444 3753 periculi
1485 3677 1849 3754 probabiliter
1884 3670 2236 3735 imminentis
2258 3670 2353 3733 :⁹⁹³
2393 3675 2545 3749 quod
2573 3674 2670 3732 de-

490 3786 703 3834 cretum
732 3774 1098 3835 Innocentius
1125 3776 1202 3833 X.
1236 3776 1524 3834 mandavit
1548 3776 1799 3834 districte
1824 3773 2217 3833 servandum.⁴

569 3977 655 4042 (1)
697 3975 824 4025 Vide
849 3976 1114 4025 Constitut.
1137 3977 1386 4026 Benedict.
1409 3978 1550 4027 XIV.
1572 3979 1749 4044 saepius
1768 3978 2031 4029 laudatam.

563 4060 650 4125 (2)
689 4058 742 4106 S.
761 4060 1060 4123 Alphonsns‚
1082 4061 1114 4109 1.
1135 4061 1203 4109 iii.
1221 4078 1270 4109 n.
1295 4066 1410 4110 770.
1489 4063 1730 4123 Quamvis
1750 4069 1938 4115 autem.

567 4146 653 4210 (3)
689 4143 738 4190 ·V
740 4143 819 4191 ide
842 4144 971 4207 apud
989 4144 1041 4192 S.
1064 4145 1304 4208 AlphenS.
1329 4147 1358 4194 1.
1381 4146 1448 4195 iii.
1466 4163 1516 4195 n.
1541 4150 1658 4196 765.
1716 4168 1722 4173 ·
2395 4205 2407 4215 ἱ

567 4228 651 4295 (4)
692 4227 931 4287 Quamvis
952 4228 1295 4279 Blackstonius
1317 4231 1651 4293 theologorum
1668 4232 1798 4281 dicta
1812 4234 1905 4282 hac
1926 4234 1979 4282 in
2002 4250 2053 4282 re
2075 4232 2315 4293 exsufflet,
2332 4232 2501 4281 eodem
2510 4238 2676 4281 tamen

491 4315 591 4363 fere
613 4312 782 4361 recidit
801 4312 932 4375 quod
953 4312 1056 4376 ipse
1078 4320 1188 4376 post
1213 4314 1437 4364 Grotium
1458 4316 1632 4365 tradit:
1668 4325 1699 4349 “
1716 4317 1762 4366 if
1785 4318 1869 4366 the
1890 4317 2257 4381 compensation
2279 4316 2482 4366 allowed
2507 4317 2571 4379 by
2595 4316 2678 4364 the

490 4399 588 4448 law
609 4398 726 4447 does
747 4403 834 4446 not
853 4397 1032 4446 exceed
1053 4398 1136 4445 the
1171 4400 1448 4462 proportion
1487 4401 1545 4449 of
1571 4402 1653 4449 the
1686 4400 1862 4451 hasard
1894 4418 2003 4471 run,
2039 4418 2093 4450 or
2130 4403 2213 4451 the
2234 4407 2371 4451 want
2388 4402 2487 4459 felt,
2508 4402 2574 4464 by
2596 4400 2681 4450 the

487 4480 620 4542 loan,
643 4482 704 4531 its
723 4482 990 4531 allowoence
1011 4481 1054 4531 is
1075 4480 1261 4531 neither
1282 4491 1556 4547 repugnant
1575 4492 1627 4533 to
1648 4484 1732 4535 the
1752 4486 1970 4535 revealed
2005 4502 2094 4535 nor
2116 4487 2198 4535 the
2220 4487 2409 4536 natural
2432 4486 2527 4534 law
2539 4502 2554 4532 ε
2590 4486 2683 4535 but
