3117 5217
1225 566 1338 627 DE
1383 568 1906 628 PRUDENTIA.
2620 576 2657 630 7

474 747 674 812 praeter
698 756 796 795 eas
824 745 953 815 agat
979 739 1193 811 absque
1219 748 1572 815 contemptu,
1614 748 1672 797 et
1696 739 1907 812 absque
1936 738 2276 797 detrimento
2302 757 2502 821 eorum
2530 758 2655 811 quae

474 846 606 894 sunt
629 836 700 894 de
727 838 1068 897 necessitate
1093 838 1312 905 salutis,
1344 846 1432 894 est
1456 848 1754 914 peccatum
1781 832 2101 895 veniale.’'¹

559 940 653 993 12.
697 935 1006 994 Peccatum
1035 935 1346 1012 prudentiae
1367 938 1708 994 contrarium
1730 943 1816 992 est
1840 935 2230 1012 praecipitatio,
2260 944 2317 993 et
2335 933 2659 993 inconside-

476 1034 636 1102 ratio,
664 1053 790 1107 quae
833 1033 1161 1102 admittitur,
1191 1035 1412 1107 quoties
1441 1035 1593 1108 quis,
1612 1035 1781 1092 rebus
1820 1033 1974 1091 haud
1998 1034 2135 1091 satis
2172 1034 2493 1110 perpensis,
2523 1034 2657 1109 agit,

475 1149 652 1204 seque
678 1132 955 1209 peccandi
981 1133 1301 1191 discrimini
1324 1134 1540 1211 objicit.
1628 1133 1867 1190 Malitiae
1894 1141 2080 1190 autem
2102 1132 2327 1207 species
2348 1152 2381 1189 a
2408 1133 2657 1207 peccatis

474 1247 716 1301 quorum
744 1232 1062 1307 periculum
1101 1232 1380 1299 imminet,
1421 1231 1756 1290 desumitur.
1840 1231 2010 1306 Saepe
2044 1240 2230 1288 tamen
2258 1231 2537 1307 contingit
2560 1230 2659 1288 ali·

474 1346 650 1400 quem
690 1349 723 1386 a
747 1330 1208 1406 culpa‘excusari
1232 1330 1306 1387 ob
1334 1329 1583 1387 indolem
1623 1330 1815 1396 animi,
1844 1329 2143 1387 deficiente
2170 1330 2328 1387 omni
2354 1330 2659 1387 voluntatis

476 1426 714 1485 malitia.
770 1428 988 1485 Mentis
1016 1427 1392 1511 inconstantia
1416 1429 1586 1486 etiam
1617 1426 1927 1505 prudentiae
1954 1426 2301 1495 adversatur,
2324 1446 2503 1500 quum
2530 1428 2660 1499 quis

477 1524 645 1583 facile
679 1524 899 1583 deserat
934 1526 1148 1583 bonum
1189 1527 1366 1584 animi
1404 1529 1783 1603 propositum,
1824 1544 1955 1583 cum
1996 1526 2273 1602 peccandi
2311 1524 2657 1584 discrimine.

479 1622 689 1681 Gravis
717 1633 804 1682 est
829 1625 996 1700 culpa
1044 1626 1266 1696 quoties
1309 1626 1438 1700 quis
1480 1644 1734 1701 gravem,
1779 1642 1947 1696 quam
1988 1632 2122 1682 voto
2161 1625 2255 1682 vel
2293 1624 2402 1681 alia
2444 1625 2659 1690 ratione

473 1723 774 1793 contraxit,
804 1723 1225 1800 obligationem,
1254 1724 1446 1792 violat,
1488 1725 1581 1782 vel
1610 1722 1887 1781 cautelam
1926 1723 2154 1791 omittit,
2184 1722 2275 1781 vel
2315 1724 2473 1799 pium
2500 1741 2661 1781 exer-

473 1822 692 1889 citium,
735 1822 909 1895 quod,
945 1841 1019 1879 ne
1059 1823 1117 1879 in
1156 1833 1449 1897 peccatum
1498 1822 1681 1890 eadat,
1732 1821 1843 1879 sibi
1884 1822 2268 1881 necessarium
2308 1839 2435 1879 esse
2478 1823 2659 1880 novit.

476 1920 536 1978 N
541 1921 847 1997 egligentia
873 1922 933 1979 in
959 1920 1293 1980 adhibendis
1321 1922 1589 1980 subsidiis
1626 1920 1693 1978 ad
1722 1920 1960 1978 salutem
2000 1919 2434 1993 assequendam,
2463 1920 2556 1978 vel
2591 1920 2661 1979 ad

478 2030 773 2095 peccatum
814 2020 1104 2079 vitandum
1143 2022 1501 2087 necessariiS‚
1543 2022 1731 2097 gravis
1772 2026 1861 2075 est
1900 2018 2089 2095 culpa,
2131 2019 2445 2095 prudentiae
2493 2020 2661 2095 plane

471 2117 724 2176 adversa.
809 2119 876 2179 Si
900 2120 1130 2177 levioris
1157 2121 1339 2197 culpae
1379 2120 1699 2197 periculum
1738 2117 1831 2185 sit,
1874 2118 2089 2176 omissa
2128 2119 2371 2191 quadam
2411 2118 2651 2186 cautela,

476 2216 821 2294 negligentia
844 2219 952 2276 erit
978 2218 1235 2276 venialis.

560 2320 653 2374 13.
696 2316 1006 2375 Prudentia
1045 2317 1331 2377 mundana
1359 2336 1469 2391 qua
1493 2316 1759 2375 homines
1800 2316 1997 2373 omnia
2035 2334 2138 2373 sua
2170 2314 2407 2383 consilia
2431 2333 2503 2373 eo
2528 2314 2661 2373 diri·

479 2423 618 2491 gunt
641 2425 704 2472 ut
727 2434 820 2473 res
847 2416 954 2474 sibi
982 2435 1252 2493 prospere
1280 2404 1785 2493 cedant‚⁷neglecta
1810 2414 2007 2472 salutis
2028 2433 2181 2482 cura,
2205 2414 2446 2489 graviter
2469 2432 2663 2490 repro-

480 2508 662 2570 banda
687 2523 808 2581 est3
851 2514 954 2573 sed
979 2533 1046 2572 ea
1072 2516 1386 2593 praesertim
1433 2534 1546 2588 qua
1587 2516 1783 2587 iniqua
1823 2512 2064 2571 consilia
2091 2512 2389 2590 ingeniose
2430 2514 2661 2588 excogi-

479 2621 684 2669 tantur.
728 2612 976 2671 Mortem
1005 2616 1211 2672 animoe
1232 2625 1290 2671 et
1313 2614 1428 2671 Dei
1449 2612 1805 2671 inimicitiam
1828 2629 2025 2670 secum
2046 2612 2209 2668 affert
2226 2611 2350 2668 haec
2371 2610 2659 2689 cogitandi

479 2712 641 2778 ratio,
683 2721 740 2768 et
778 2712 1017 2770 affectus
1059 2712 1272 2771 nimius
1312 2713 1372 2770 in
1417 2730 1510 2769 res
1555 2720 1840 2768 terrenas:
1899 2721 1959 2771 τὸ
1994 2716 2085 2788 ,γὰρ
2119 2716 2336 2785 φρόνημα,
2369 2716 2459 2787 τῆς
2493 2721 2663 2785 σαρκὸς

476 2808 717 2876 goz-wo„
757 2820 795 2848 “
815 2811 1112 2888 prudentia
1127 2813 1310 2870 carnis
1337 2829 1494 2869 mors
1529 2806 1717 2877 est'';²
1740 2817 1797 2869 τὸ
1832 2813 2051 2883 φρόνημα
2083 2814 2171 2879 τῆς
2207 2814 2376 2879 σαρκὸς
2406 2816 2565 2879 ἓκὲρσι
2596 2814 2667 2873 ἔις

475 2907 626 2964 offla:
679 2916 718 2944 “
735 2911 1015 2987 sapientia
1040 2913 1223 2969 carnis
1251 2911 1481 2968 inimica
1507 2920 1597 2968 est
1636 2904 1866 2970 Deo.’'³
1948 2907 2040 2967 Ad
2066 2908 2215 2967 hanc
2242 2909 2487 2983 pertinet
2512 2918 2662 2967 astu·

477 3006 571 3072 tia,
601 3005 764 3065 dolus
792 3022 849 3066 et
873 3010 1047 3078 fraus,
1079 3028 1206 3083 quae
1232 3027 1459 3085 gravem
1488 3010 1827 3086 plerumque
1854 3008 2064 3069 habent
2088 3008 2386 3066 malitiam.
2457 3008 2661 3067 Nimia

479 3104 775 3166 solicitudo
801 3126 990 3166 rerum
1032 3108 1424 3186 temporalium
1467 3128 1500 3166 a
1545 3090 1785 3168 Christo
1829 3110 2003 3166 vetita
2042 3116 2165 3164 est:
2253 3114 2291 3143 ‘⁶
2318 3106 2413 3165 Ne
2439 3108 2656 3166 soliciti

481 3202 604 3261 sitis
632 3206 835 3265 animae
877 3216 1080 3265 vestrae
1125 3207 1260 3280 quid
1287 3206 1663 3275 manducetis,
1705 3218 1763 3265 et
1807 3205 2035 3284 corpori
2059 3214 2247 3263 vestro
2288 3206 2424 3278 quid
2465 3204 2662 3265 indua·

482 3297 724 3361 mini.”⁴
806 3305 1014 3364 Gravis
1040 3314 1128 3365 est
1152 3307 1322 3382 culpa
1359 3307 1581 3380 quoties
1610 3308 1738 3380 quis
1781 3306 1851 3364 de
1898 3307 2029 3365 Deo
2055 3305 2295 3381 provido
2322 3304 2526 3365 dubius
2554 3306 2662 3364 sibi

483 3402 651 3460 unice
678 3404 818 3473 fidit,
847 3406 938 3463 vel
967 3406 1204 3463 salutem
1231 3407 1305 3463 ob
1333 3406 1509 3464 animi
1535 3406 1821 3483 angustias
1850 3405 2105 3483 negligit.

559 3588 642 3653 (1)
679 3588 732 3637 S.
755 3588 935 3640 Thom.
959 3594 1007 3639 2.
1029 3594 1078 3639 2.
1096 3607 1176 3654 qu.
1203 3592 1288 3641 liii.
1313 3599 1398 3641 art.
1421 3590 1472 3641 ii.
1541 3590 1691 3659 Καρ.
2033 3591 2118 3655 (2)
2160 3588 2303 3637 Rom.
2325 3588 2424 3635 viii.
2447 3589 2517 3633 6.-

559 3676 642 3739 (3)
681 3674 878 3735 Ibidem,
903 3680 948 3725 ⁷·
2046 3674 2130 3738 (4)
2171 3672 2312 3719 Matt.
2334 3669 2398 3717 vi.
2422 3672 2503 3716 25.
