3117 5217
443 472 564 525 210
1328 464 1441 522 DE
1483 461 1733 522 LUDO.

533 637 668 691 146.
699 632 814 699 Qui
843 631 1074 688 alterum
1104 629 1173 687 ad
1192 630 1504 688 ludendum
1525 630 1735 705 injuste
1756 629 1962 705 coegit,
1992 636 2228 695 tenetur,
2250 631 2419 705 juxta
2438 629 2627 705 plures

451 731 770 807 theologOS,
797 729 868 789 ad
889 728 1296 787 restituendum
1325 727 1603 801 quidquid
1621 746 1695 785 ex
1716 746 1786 784 eo
1811 726 2189 785 lucrifecerit:
2220 726 2370 800 quod
2400 727 2628 798 quidem

449 842 662 888 certum
702 828 921 887 videtur
947 828 1016 885 de
1043 846 1112 884 eo
1139 829 1239 899 qui
1259 828 1468 903 ,peritia
1491 826 1757 884 ludorum
1786 825 2009 901 pollens
2036 826 2303 901 imperito
2328 828 2447 884 vim
2472 826 2627 882 fecit.

449 929 514 985 Si
543 939 781 999 uterque
809 928 976 987 fucrit
1001 927 1240 1002 peritus,
1283 926 1629 1001 probabilius
1674 925 1738 981 S.
1768 924 2070 1002 Alphonso
2109 924 2180 981 de
2216 924 2452 1002 Ligorio
2479 923 2632 981 vide-

449 1036 537 1084 tur
563 1028 978 1090 restitutionem
1003 1044 1120 1084 non
1149 1026 1360 1091 deberi,
1390 1043 1567 1097 quum
1609 1023 1880 1081 damnum
1922 1042 1996 1081 ex
2037 1024 2346 1082 infortunio
2378 1032 2435 1080 et
2472 1041 2629 1088 casu,

449 1145 568 1185 non
598 1136 798 1183 autem·
824 1144 898 1183 ex
938 1126 996 1181 vi
1023 1124 1296 1182 voluntati
1336 1122 1488 1181 illata
1529 1123 1776 1180 oriatur:
1819 1122 1953 1180 licet
1992 1130 2178 1179 tamen
2206 1131 2422 1180 metum
2462 1140 2633 1197 passo

451 1225 865 1283 restitutionem
906 1224 1157 1299 exigere,
1204 1232 1272 1281 ut
1310 1223 1516 1299 injuria
1561 1222 1669 1278 sibi
1715 1220 1859 1278 sacta
1884 1221 2124 1277 tollatur.
2209 1221 2417 1278 Preces
2464 1222 2633 1277 etiam

455 1325 795 1399 importunae
825 1321 1028 1396 quibus
1058 1324 1186 1394 quis
1217 1321 1284 1379 ad
1312 1320 1624 1378 ludendum
1646 1320 1813 1377 fuerit
1837 1320 2121 1385 inductuS,
2143 1318 2445 1377 voluntatis
2471 1318 2635 1375 liber-

451 1432 620 1479 tatem
665 1440 782 1481 non
829 1421 1141 1487 destruunt,
1191 1428 1248 1476 et
1296 1419 1535 1495 proinde
1589 1426 1938 1477 contractum
1982 1417 2216 1475 ludendi
2258 1418 2474 1476 irritum
2519 1435 2636 1475 non

450 1521 681 1579 faciunt.

537 1625 672 1680 147.
718 1629 756 1656 ‘⁸
784 1622 840 1678 N
846 1640 920 1678 on
949 1630 1168 1679 tenetur
1189 1618 1552 1686 restituere,”
1585 1619 1770 1689 inquit
1795 1608 2231 1684 Busembaum,¹
2276 1624 2316 1652 ‘⁶
2340 1618 2439 1689 qui
2466 1617 2639 1673 utitur

456 1723 676 1777 astutiis
704 1721 838 1786 illis,
871 1737 1010 1791 quas
1051 1719 1246 1795 regula
1284 1719 1444 1776 lusus
1475 1727 1532 1774 et
1571 1716 1923 1775 consuetudo
1962 1724 2186 1791 recepta
2225 1716 2465 1793 patitur;
2510 1733 2640 1773 cum

453 1830 688 1891 uterque
718 1819 877 1883 sciat,
920 1817 1059 1873 tales
1101 1818 1332 1873 astutias
1373 1834 1499 1873 esse
1540 1816 1755 1881 solitae,
1797 1825 1854 1873 et
1891 1816 1975 1872 sic
2016 1815 2183 1872 tacite
2209 1817 2268 1873 in
2296 1814 2420 1871 illas
2459 1814 2637 1870 libere

453 1917 786 1981 consentiat,
818 1933 885 1971 v:
918 1933 988 1989 g:
1035 1915 1100 1971 Si
1126 1915 1374 1989 potiores
1416 1914 1638 1971 chartas
1678 1912 1917 1980 habene,
1946 1922 2003 1969 et
2041 1930 2273 1972 securus
2314 1912 2385 1969 de
2410 1912 2642 1969 victoria

455 2024 657 2090 augeat
705 2013 1096 2089 sponsionem,
1125 2013 1216 2069 vel
1243 2011 1474 2070 simulet
1511 2021 1747 2078 metum,
1794 2023 1858 2069 ut
1884 2010 2236 2069 adversarius
2276 2020 2495 2087 augeat.
2576 2014 2636 2066 2.

456 2113 522 2169 Si
550 2114 738 2170 sciens
757 2130 830 2177 ,se
857 2111 1153 2168 inferiores
1181 2111 1401 2169 chartas
1429 2111 1659 2178 habere,
1684 2110 2025 2177 dissimulet,
2046 2120 2359 2185 augeatque
2381 2109 2640 2184 sponsio·

454 2230 607 2277 nem,
636 2220 698 2268 ut
723 2211 806 2267 sic
845 2209 1196 2282 relinquatur
1235 2210 1362 2276 sibi,
1407 2208 1558 2282 quod
1598 2220 1717 2266 erat
1756 2211 2097 2286 appositum.
2182 2215 2239 2267 3.
2283 2210 2349 2266 Si
2378 2207 2643 2283 inspiciat

455 2309 676 2366 chartas
705 2309 934 2365 alterius
961 2327 1032 2365 ex
1061 2309 1182 2365 sola
1209 2309 1388 2383 ipsius
1417 2308 1784 2384 negligentia,
1807 2317 1863 2365 et
1887 2308 2097 2380 absque
2124 2306 2356 2375 fraude,
2399 2324 2561 2363 secus
2590 2306 2641 2361 si

457 2408 532 2465 ita
559 2426 620 2463 se
648 2408 910 2472 collocet,
938 2415 1000 2463 ut
1024 2409 1210 2483 possit
1237 2406 1461 2475 videre;
1505 2407 1599 2463 vel
1626 2407 1675 2462 si
1702 2408 1877 2465 alium
1905 2407 2226 2474 constituat,
2248 2427 2280 2463 a
2308 2425 2423 2478 quo
2450 2404 2644 2461 admo-

457 2517 674 2565 neatur.
759 2510 818 2563 4.
863 2505 928 2561 Si
971 2506 1194 2563 chartas
1241 2525 1273 2563 a
1315 2516 1474 2581 tergo
1513 2506 1697 2563 discat
1734 2524 1903 2563 nosse
1946 2506 2092 2563 inter
2132 2504 2461 2571 ludendum,
2503 2521 2644 2575 quas
2711 2487 2716 2491 ἱ

457 2615 584 2662 ante
613 2624 729 2662 non
773 2605 1044 2680 signarat,
1085 2623 1191 2661 nec
1219 2617 1470 2674 noverat.
1557 2605 1675 2670 Qui
1714 2623 1851 2661 vero
1889 2606 2063 2662 utitur
2089 2603 2377 2662 fraudibus
2404 2622 2523 2660 non
2550 2600 2645 2658 ad-

458 2704 642 2761 hiberi
683 2703 883 2770 solitis,
927 2704 1019 2760 vel
1057 2703 1378 2761 colludenti·
1404 2704 1654 2778 ignotis;
1684 2720 1753 2759 v:
1799 2721 1873 2778 g:
1918 2702 2223 2760 suffuratur
2268 2702 2509 2768 chartas,
2553 2699 2647 2757 vel

460 2804 640 2878 signis
669 2821 701 2857 a
727 2812 885 2876 tergo
914 2811 1089 2867 notat,
1119 2802 1210 2858 vel
1235 2802 1407 2859 utitur
1433 2802 1657 2866 notatiS,
1688 2812 1783 2857 aut
1821 2801 1890 2857 iis
1919 2820 2058 2873 quas
2100 2811 2227 2859 ante
2266 2802 2443 2867 novit,
2486 2801 2647 2875 igno-

457 2910 616 2957 rante
644 2891 825 2965 socio,
856 2898 946 2954 vel
973 2909 1087 2955 arte
1117 2897 1358 2969 quadam
1381 2918 1478 2956 eas
1499 2901 1817 2974 componit,
1846 2909 1955 2957 etc.
1980 2908 2197 2957 tenetur
2214 2900 2504 2957 restituere
2530 2917 2645 2955 non

462 3008 678 3055 tantum
706 2998 948 3063 lucrum,
977 2997 1078 3055 sed
1107 2998 1277 3055 etiam
1306 3010 1580 3070 quantum
1624 2998 1782 3055 alteri
1808 2999 2027 3055 valebat
2066 3018 2199 3074 spes
2224 2997 2499 3065 lucrandi,
2529 2998 2646 3055 imo

461 3098 631 3154 etiam
652 3088 1074 3153 colludendi.'’²
1139 3095 1382 3161 Quando
1411 3097 1538 3167 quis
1568 3095 1719 3153 certo
1749 3116 1884 3153 usus
1912 3106 1999 3153 est
2024 3096 2216 3155 fraude
2245 3098 2380 3155 dum
2407 3094 2644 3163 luderet,

441 3214 538 3251 ‚ex
566 3212 677 3266 qua
702 3203 890 3249 utrum
919 3192 1188 3250 damnum
1232 3194 1578 3269 provenerit,
1622 3194 1825 3251 dubius
1854 3195 2047 3263 haeret,
2094 3197 2158 3253 S.
2198 3197 2536 3272 Alphonsus
2578 3195 2649 3252 de

462 3292 699 3367 Ligorio
727 3301 924 3347 censet
949 3308 1079 3347 eum
1122 3290 1192 3347 ad
1229 3292 1641 3350 restituendum
1680 3295 1861 3351 teneri
1905 3312 2009 3369 pro
2054 3304 2169 3351 rata
2210 3295 2386 3352 dubii.
2470 3294 2650 3355 Notat

463 3393 634 3448 etiarn
679 3398 717 3425 ‘⁴
737 3408 854 3447 non
884 3391 1062 3447 teneri
1101 3390 1350 3449 lusorem
1395 3410 1626 3449 monere
1668 3392 1903 3450 alterum
1931 3392 2001 3448 de
2042 3411 2147 3450 suo
2174 3406 2402 3460 errore,'
2414 3402 2567 3469 puta,
2596 3394 2646 3448 si

463 3490 561 3549 det
585 3509 837 3556 manum,
867 3491 917 3547 si
945 3501 1204 3549 numeret
1228 3510 1330 3569 pro
1371 3510 1432 3549 se
1474 3492 1696 3549 minora
1722 3502 1928 3567 puncta
1949 3533 1963 3548 .
1990 3532 2003 3547 .
2031 3534 2044 3549 .
2076 3494 2209 3564 quia
2248 3494 2331 3550 sic
2358 3493 2465 3555 fert
2494 3510 2647 3549 com-

466 3591 656 3650 munis
686 3609 810 3646 mos
839 3582 1192 3648 lusorum.”³
1413 3666 1419 3673 ⁸

549 3692 682 3747 148.
725 3688 922 3746 Ludos
949 3689 1196 3746 alearum
1224 3687 1516 3746 districtim
1549 3700 1697 3746 vetat
1712 3690 1811 3765 jus
1840 3689 2059 3748 civile.⁴
2142 3700 2179 3726 ‘⁶
2206 3692 2369 3749 Nulli
2394 3692 2562 3749 liceat
2585 3691 2647 3747 in

534 3868 624 3930 (1)
666 3866 816 3928 Apud
839 3865 890 3912 S.
915 3866 1066 3929 Alph.
1090 3867 1122 3915 1.
1145 3866 1212 3915 iii.
1235 3882 1285 3914 n.
1309 3870 1425 3915 882.

550 3954 632 4015 (2)
673 3959 702 3982 ‘⁴
721 3950 772 3998 If
797 3950 820 3997 I
844 3950 958 4011 gain
981 3967 1045 3999 an
1068 3952 1338 4011 advantage
1355 3954 1420 4016 by
1442 3953 1655 4023 packing
1675 3953 1757 4001 the
1790 3953 1941 4013 carde,
1963 3955 2194 4015 glancing
2226 3971 2310 4019 my
2332 3971 2433 4017 eye·
2442 3955 2545 4003 into
2566 3956 2648 4003 the

465 4035 760 4104 ,adversaries
780 4034 950 4094 hands,
973 4051 1026 4083 or
1047 4037 1110 4097 by
1132 4036 1468 4098 preconcerted
1501 4038 1685 4097 signals
1718 4038 1839 4085 with
1873 4054 1957 4101 my
1978 4045 2185 4101 partner,
2208 4039 2247 4087 it
2278 4039 2321 4087 is
2342 4055 2373 4086 a
2392 4038 2641 4087 dishonest

473 4116 765 4182 adivautage3
800 4121 1004 4167 because
1024 4120 1066 4167 it
1085 4119 1298 4182 depende
1321 4137 1454 4183 upon
1489 4138 1672 4181 means,
1694 4122 1857 4171 which
1879 4124 1961 4171 the
1992 4124 2245 4186 adversar-y
2267 4138 2413 4170 never
2434 4130 2649 4185 suspects

467 4204 614 4254 that-I
638 4204 779 4251 make
802 4218 888 4251 use
911 4201 1005 4250 of.'’
1075 4203 1274 4263 Puer,
1291 4204 1457 4257 Moral
1477 4204 1801 4274 Philosophy,
1824 4208 1856 4255 1.
1879 4207 1928 4255 ii.
1952 4224 1993 4255 c.
2017 4208 2115 4256 viii.

543 4291 626 4353 (3)
668 4287 720 4333 S.
745 4286 983 4349 Alphons.
1005 4286 1097 4337 ubi
1115 4303 1291 4358 supro.

542 4376 625 4441 (4)
664 4372 724 4421 L.
751 4370 1002 4421 Alearum.
1026 4389 1067 4421 c.
1091 4372 1148 4423 de
1169 4372 1256 4424 rel.
1281 4378 1328 4422 et
1349 4372 1637 4439 sumptibus
1648 4373 1777 4441 fun.
