3117 5217
1094 566 1206 627 DE
1252 565 1900 630 TEMPERANTIA.
2519 572 2597 625 23

413 734 692 810 subjiciat,
723 751 938 805 eosque
965 752 1028 790 se
1069 734 1321 810 potiores
1345 733 1589 791 libenter
1612 733 1890 790 aestimet:
1928 732 2095 810 juxta
2118 731 2297 793 illud:
2344 742 2382 769 ‘⁴
2412 734 2471 791 in
2496 735 2600 791 hu·

411 832 643 889 militate
684 833 1004 907 superiores
1058 832 1166 890 sibi
1218 832 1466 889 invicem
1518 825 1943 888 arbitrantes.'’1
2024 829 2314 890 Oaeterum
2358 851 2597 891 necesse

411 949 528 988 non
555 940 642 987 est
667 939 730 989 ut
755 931 884 1003 quis
913 930 1104 988 divina
1129 930 1278 988 dona
1317 931 1426 987 sibi
1449 930 1655 987 tributa
1679 931 1923 1006 ignoret,
1954 928 2047 987 vel
2072 939 2275 1006 neget;
2316 930 2419 987 sed
2444 931 2599 990 suffi-

412 1030 491 1087 cit
514 1039 578 1086 ut
597 1047 665 1085 ea
691 1049 723 1086 a
740 1029 870 1088 Deo
889 1037 1120 1104 accepta
1146 1046 1482 1105 agnoscens,
1501 1028 1739 1105 gloriam
1760 1046 1991 1087 omnem
2018 1028 2103 1087 illi
2129 1028 2322 1085 deberi
2340 1029 2595 1087 fateatur.

413 1136 454 1163 ‘⁶
479 1128 538 1185 N
543 1146 618 1185 on
646 1126 900 1196 autem,”
943 1128 1127 1199 inquit
1167 1127 1232 1185 S.
1263 1126 1542 1195 Thomas,
1589 1134 1628 1161 ‘⁴
1648 1126 1759 1185 hoc
1798 1128 2036 1199 requirit
2073 1126 2385 1195 humilitas,
2412 1137 2475 1185 ut
2500 1129 2598 1186 ali-

415 1227 540 1298 quis
568 1224 627 1283 id
653 1224 807 1299 quod
832 1234 919 1285 est
944 1225 1058 1283 Dei
1085 1227 1144 1284 in
1171 1227 1389 1302 seipse,
1418 1224 1679 1302 subjiciat
1702 1226 1756 1283 ei
1793 1224 1947 1298 quod
1972 1234 2203 1302 apparet
2227 1243 2355 1283 esse
2398 1226 2511 1283 Dei
2537 1228 2598 1285 in

411 1325 606 1382 altero.
692 1325 846 1382 Nam
872 1324 955 1381 illi
984 1324 1084 1397 qui
1110 1324 1260 1381 dona
1279 1324 1392 1381 Dei
1419 1324 1775 1399 participant,
1798 1334 2149 1401 cognoscunt
2172 1343 2241 1382 ea
2265 1342 2329 1381 se
2356 1323 2593 1383 habere:

412 1422 729 1485 secundum
756 1422 896 1479 illud
923 1422 972 1480 Ι.
1003 1422 1074 1479 ad
1102 1420 1436 1480 Corinthios
1464 1422 1544 1480 11.
1588 1429 1605 1456 ⁴
1625 1420 1707 1479 Ut
1740 1423 1989 1479 sciamus
2018 1441 2143 1494 quae
2172 1443 2205 1480 a
2231 1422 2361 1480 Deo
2390 1422 2601 1482 donata

414 1530 548 1577 sunt
597 1520 804 1580 nobis)
887 1520 967 1579 Et
1009 1520 1138 1578 ideo
1165 1508 1394 1593 absque’
1419 1520 1751 1597 praejudicio
1794 1520 2127 1578 humilitatis
2170 1534 2412 1597 possunt
2454 1522 2601 1583 dona

414 1637 544 1692 quae
572 1620 686 1695 ipsi
707 1628 1063 1695 acceperunt,
1085 1609 1348 1695 praeserre
1369 1619 1534 1677 donis
1555 1619 1691 1685 Dei,
1715 1636 1841 1691 quae
1865 1618 1991 1676 aliis
2010 1628 2281 1696 apparent
2300 1616 2599 1678 collata.'’²

413 1718 608 1775 Facile
637 1728 822 1776 tamen
848 1718 1122 1793 contingit
1147 1717 1394 1793 aliquem
1422 1716 1559 1785 falli,
1589 1717 1723 1775 dum
1766 1736 1828 1773 se
1868 1718 2085 1795 majora
2124 1717 2271 1777 dona
2310 1720 2600 1795 accepisse

414 1818 672 1885 aestimat,
702 1835 878 1889 quum
906 1816 1048 1874 alius
1075 1816 1387 1893 potioribus
1415 1815 1678 1893 gaudeat.
1724 1816 1783 1873 N
1788 1835 1855 1873 ec
1880 1817 2129 1893 exigitur
2155 1826 2218 1874 ut
2246 1819 2373 1888 quis
2402 1820 2593 1877 animo

413 1915 978 1991 habeatvpersuasum
1003 1915 1180 1973 alium
1206 1933 1492 1988 quemque
1531 1934 1595 1972 se
1634 1916 1915 1991 potiorem
1956 1933 2103 1983 esse,
2134 1926 2192 1973 et
2231 1915 2359 1973 Deo
2400 1935 2597 1993 accep-

413 2016 638 2081 tiorem,
667 2014 888 2087 quoties
916 2023 1110 2090 patent
1134 2014 1272 2071 vitia
1297 2014 1624 2085 sceleraque
1652 2013 1911 2081 aliorum,
1941 2014 2145 2087 quibus
2188 2032 2252 2071 se
2278 2015 2597 2074 immunem

416 2114 542 2184 quis
568 2114 760 2180 novit3
802 2114 1062 2185 quamvis
1090 2113 1434 2171 tutissimum
1462 2113 1535 2169 sit
1572 2130 1635 2169 se
1662 2113 1881 2169 nemini
1908 2111 2204 2181 anteferre,
2234 2115 2416 2172 nescit
2440 2116 2595 2173 enim

417 2212 656 2284 quisque
684 2230 809 2283 quae
855 2220 1134 2287 patrasset
1173 2212 1408 2278 scelera,
1451 2212 1502 2268 si
1542 2210 1811 2269 subsidiis
1842 2211 2051 2269 divinis
2094 2231 2126 2267 a
2166 2212 2446 2288 peccandi
2486 2212 2597 2270 dis·

417 2312 653 2370 crimine
681 2319 934 2367 servatus
961 2329 1076 2369 non
1104 2321 1276 2368 esset.
1359 2308 1569 2368 Merito
1596 2310 1767 2387 igitur
1790 2310 2144 2387 Augustinus
2173 2310 2379 2369 divinae
2406 2313 2597 2387 gratiae

418 2408 736 2486 adscripsit,
779 2408 932 2481 quod
971 2410 1186 2467 scelera
1225 2427 1466 2483 quaeque
1507 2408 1753 2466 nefanda
1795 2427 1911 2467 non
1956 2418 2267 2485 patrasset:
2320 2418 2359 2444 ‘⁶
2385 2410 2595 2468 Gratiae

419 2517 528 2565 tuae
554 2506 828 2583 deput0,'’
858 2508 1060 2580 inquit,
1103 2516 1142 2544 “
1161 2517 1220 2565 et
1245 2526 1625 2581 quaecumque
1652 2526 1771 2565 non
1795 2507 1905 2566 feci
1939 2500 2185 2566 mala.’'³
2266 2508 2501 2585 Optime
2531 2510 2594 2567 S.

421 2606 683 2664 Thomas
711 2606 893 2663 docet:
947 2607 1133 2664 “Non
1162 2606 1274 2664 hoc
1299 2607 1540 2678 requirit
1564 2605 1874 2672 humilitas,
1915 2614 1979 2663 ut
2015 2606 2221 2677 aliquis
2248 2607 2306 2665 id
2335 2607 2487 2677 quod
2515 2618 2604 2665 est

418 2724 584 2764 suum
615 2706 674 2763 in
702 2706 915 2781 seipso,
943 2705 1208 2783 subjiciat
1232 2705 1286 2762 ei
1313 2703 1466 2776 quod
1493 2714 1581 2760 est
1607 2702 1859 2760 hominis
1886 2703 1945 2760 in
1972 2706 2261 2778 proximo.
2322 2706 2599 2777 Alioquin

414 2814 698 2880 oporteret
741 2813 803 2861 ut
841 2805 1078 2876 quilibet
1114 2812 1401 2881 reputaret
1439 2820 1503 2861 se
1543 2802 1725 2878 magis
1767 2809 2123 2877 peccatorem
2166 2803 2417 2874 quolibet
2440 2806 2592 2863 alio:

417 2922 546 2961 cum
573 2913 760 2961 tamen
802 2903 1114 2979 Apostolus
1157 2904 1371 2975 absque
1414 2901 1748 2979 praejudicio
1786 2901 2123 2959 humilitatis
2164 2900 2331 2971 dicat,
2372 2903 2502 2961 Gal.
2531 2906 2593 2963 ii.

421 3002 582 3060 ‘Nos
609 3013 810 3060 natura
833 3000 1042 3069 Judaei,
1071 3008 1128 3057 et
1149 3020 1267 3060 non
1307 3020 1382 3059 ex
1421 3000 1681 3077 gentibus
1722 3000 2089 3076 peccatores.’
2174 3002 2376 3060 Potest
2402 3013 2595 3063 tamen

418 3101 618 3173 aliquis
646 3110 905 3177 reputare
932 3097 1145 3172 aliquid
1169 3100 1304 3159 boni
1333 3118 1462 3158 esse
1501 3100 1561 3156 in
1590 3100 1877 3176 proximo,
1908 3098 2060 3170 quod
2096 3099 2220 3177 ipse
2247 3120 2363 3158 non
2390 3102 2592 3171 habet;

420 3200 511 3281 vel
538 3199 748 3273 aliquid
777 3200 914 3258 mali
940 3200 1002 3273 in
1027 3217 1089 3256 se
1117 3217 1266 3267 esse,
1296 3199 1447 3272 quod
1476 3199 1534 3256 in
1576 3198 1687 3255 alio
1714 3217 1831 3256 non
1870 3206 1989 3255 e'st:
2034 3217 2108 3255 ex
2152 3218 2266 3272 quo
2306 3218 2367 3257 se
2415 3212 2599 3278 potest

419 3300 474 3356 ei
499 3299 778 3375 subjicere
805 3317 908 3375 per
931 3292 1405 3355 humilitatem.”⁴
1485 3306 1524 3332 ‘⁶
1542 3297 1769 3369 Aliquis
1810 3298 2021 3368 absque
2048 3297 2291 3356 falsitate
2320 3310 2508 3376 potest
2532 3321 2597 3361 se

419 3397 646 3455 credere
674 3406 730 3455 et
754 3397 1116 3475 pronuntiare
1138 3397 1402 3455 omnibus
1423 3396 1682 3454 viliorem
1708 3395 2021 3454 secundum
2044 3396 2299 3456 defectus
2321 3402 2596 3470 occultoS‚

422 3514 568 3570 quos
597 3498 658 3555 in
685 3515 746 3554 se
773 3496 1154 3573 recognoscit,
1183 3505 1240 3553 et
1265 3495 1414 3554 dona
1440 3495 1573 3563 Dei,
1603 3514 1729 3567 quae
1757 3496 1815 3553 in
1845 3494 1968 3552 aliis
1994 3490 2272 3554 latent.”⁵

500 3599 599 3653 46.
641 3596 710 3654 In
737 3596 988 3654 externis
1018 3596 1234 3652 actibus
1259 3594 1462 3653 modus
1491 3593 1843 3652 adhibendus
1870 3602 1976 3659 est,
2004 3612 2077 3650 ne
2106 3592 2237 3651 dum
2270 3594 2398 3664 quis
2428 3597 2599 3653 nimis

423 3713 486 3751 se
515 3695 809 3762 submittit,
837 3704 1085 3770 nequeat
1109 3713 1215 3751 sua
1249 3696 1444 3753 munia
1487 3712 1787 3761 exercere3
1828 3692 1909 3749 uti
1936 3691 2007 3747 iis
2036 3692 2134 3762 qui
2160 3700 2412 3767 praesunt
2437 3691 2600 3752 facile

421 3794 747 3869 contingere
776 3802 989 3870 posset.
1074 3794 1287 3852 Animo
1317 3793 1546 3865 quidem
1575 3789 1855 3849 fovendus
1882 3796 1971 3845 est
1998 3788 2229 3847 humilis
2257 3790 2346 3847 sui
2375 3808 2597 3863 sensus,

422 3902 480 3949 et
502 3891 679 3950 fastus
706 3893 893 3950 omnis
922 3893 1251 3961 evitandus3
1294 3892 1397 3949 sed
1425 3890 1724 3947 auctoritas
1752 3888 2069 3946 exercenda
2094 3898 2181 3947 est
2206 3890 2263 3947 in
2291 3892 2601 3966 puniendis

423 3991 558 4058 reis,
586 3999 643 4048 et
667 3990 932 4068 regendis
960 3991 1223 4049 subditis.
1312 3990 1482 4047 “Est
1507 3988 1609 4062 qui
1643 4006 1708 4045 se
1748 3988 1989 4046 nimium
2028 3990 2311 4048 submittit
2350 4011 2387 4049 a
2423 3993 2600 4051 multa

424 4081 838 4148 humilitate.''⁶

497 4244 581 4308 (1)
619 4242 745 4292 Phil.
767 4243 816 4292 ii.
842 4246 890 4292 3.
1351 4243 1436 4308 (2)
1474 4241 1527 4290 S.
1549 4240 1730 4291 Thom-
1754 4244 1801 4289 2.
1824 4244 1872 4289 2.
1896 4256 1979 4304 qu.
2004 4240 2117 4289 clxi.
2140 4248 2225 4289 art.
2246 4241 2313 4290 iii.
2382 4242 2532 4308 Κεφ.

495 4329 579 4392 (3)
619 4326 840 4376 Confess.
864 4329 896 4376 l.
911 4326 961 4376 ii.
985 4344 1027 4376 c.
1049 4326 1131 4375 vii.
1359 4327 1444 4393 (4)
1484 4330 1532 4375 2.
1557 4330 1605 4375 2.
1628 4342 1712 4390 qu.
1733 4325 1846 4374 clxi.
1870 4331 1957 4373 art.
1980 4324 2047 4373 iii.
2116 4324 2267 4391 Resp.

493 4414 578 4477 (5)
615 4412 813 4471 Ibidem,
837 4419 922 4460 art.
945 4412 1010 4461 vi.
1071 4410 1157 4462 Ad
1165 4410 1419 4476 primum.
1782 4411 1867 4476 (6)
1906 4408 2042 4458 Eccl.
2067 4406 2170 4455 xix.
2193 4411 2274 4456 23.
