3117 5217
1193 554 1308 615 DE
1351 554 1821 614 MONTIBUS.
2482 560 2587 613 191

411 725 664 783 curitatis
689 743 878 792 causa,
905 735 970 781 ut
1005 733 1384 783 mercatorum
1423 727 1751 797 civiumque
1790 734 2121 783 caeterorum
2166 726 2413 800 pecunia
2448 724 2597 800 apud

411 842 536 883 eam
565 823 774 900 deponi
803 825 1017 900 possit;
1059 834 1118 881 et
1141 824 1472 883 commercii
1513 824 1745 899 fovendi
1772 843 1931 902 ergo,
1960 824 2201 899 pecunia
2228 834 2420 881 mutua
2448 823 2595 889 data,

412 922 653 983 deducta
675 923 930 999 legitima
954 942 1162 992 usura;
1204 934 1262 981 et
1287 924 1508 981 cambia
1535 922 1887 981 moderandi.
1973 923 2141 981 Nihil
2167 924 2397 981 auctarii
2424 922 2601 998 depo-

413 1023 678 1081 nentibus
705 1023 1010 1098 pecuniam
1037 1023 1218 1091 datur,
1249 1006 1424 1096 quum
1453 1041 1581 1079 eam
1620 1041 1725 1098 pro
1766 1024 1997 1081 arbitrio
2022 1021 2307 1079 retrahere
2335 1024 2595 1098 possint:

412 1121 472 1179 in
495 1139 666 1179 usura
691 1120 976 1197 exigenda
999 1121 1148 1199 legis
1181 1140 1384 1179 norma
1423 1121 1759 1179 attenditur:
1804 1122 2026 1179 cambia
2064 1130 2251 1179 autem
2292 1140 2368 1178 ex
2408 1139 2597 1178 rerum

413 1218 760 1288 conditione,
789 1238 914 1291 quae
955 1222 1015 1277 in
1039 1221 1162 1281 dies
1189 1220 1454 1287 variatur,
1497 1220 1767 1295 pendent.
1852 1221 2103 1279 Peccant
2128 1238 2449 1278 mensarum
2480 1238 2599 1276 rec-

419 1328 570 1377 tores
591 1321 692 1391 qui
713 1318 975 1394 deposita
989 1330 1234 1395 pergunt
1252 1319 1510 1393 accipere
1529 1327 1831 1394 postquam
1851 1339 1913 1377 se
1940 1321 2187 1395 impares
2204 1319 2481 1377 solvendo
2506 1338 2607 1375 no-

415 1427 580 1483 runt;
616 1436 755 1499 ⁴nam
783 1416 958 1475 fidem
985 1417 1392 1494 deponentium
1421 1417 1623 1475 fallunt
1660 1437 1791 1475 cum
1820 1419 1975 1493 gravi
2002 1428 2199 1475 eorum
2242 1417 2600 1475 detrimento,

420 1515 674 1573 Peccant
698 1516 1008 1574 emittendo
1036 1515 1412 1593 chirographa
1436 1517 1582 1573 ultra
1620 1517 1831 1575 limites
1860 1518 1918 1574 in
1960 1515 2087 1592 lege
2100 1515 2473 1593 designatos:
2519 1518 2603 1573 sic
2704 1585 2709 1591 ‚

416 1615 572 1671 enim
599 1616 820 1693 lucrum
850 1626 1110 1686 quaerunt
1133 1633 1208 1674 ex
1236 1615 1428 1675 charta
1453 1616 1726 1673 monetali
1754 1617 1969 1687 absque
1994 1614 2250 1690 legitima
2276 1616 2601 1674 auctoritate

415 1713 648 1779 emissa,
676 1724 734 1771 et
757 1712 974 1773 faciunt
990 1725 1052 1773 ut
1071 1716 1198 1790 ipsa
1215 1715 1468 1772 vilescat.
1511 1715 1761 1773 Peccant
1780 1713 2065 1791 exigendo
2086 1732 2315 1771 usuram
2338 1715 2597 1780 nimiam,

418 1812 562 1888 legis
591 1822 874 1887 praecepta
899 1813 1066 1871 variis
1095 1814 1301 1870 artibus
1325 1814 1382 1869 in
1409 1813 1631 1871 irritum
1666 1814 1969 1870 mittentes.
2039 1812 2288 1870 Peccant
2314 1811 2599 1888 exigendo

415 1910 634 1969 lucrum
661 1912 848 1987 majus
875 1929 945 1969 eo
972 1911 1127 1984 quod
1154 1912 1262 1969 fert
1285 1930 1651 1987 campsorum
1678 1912 1957 1989 generalis
1990 1930 2327 1969 consensus.

505 2013 640 2067 111.
669 2010 852 2067 Fraus
881 2010 1190 2069 admittitur
1207 2008 1258 2067 si
1285 2011 1538 2069 actiones
1568 2029 1781 2069 mensae
1812 2011 1881 2067 ab
1906 2011 2069 2067 initio
2096 2012 2241 2067 clam
2264 2009 2603 2076 vendantur,

423 2126 600 2180 quum
626 2110 722 2165 lex
740 2109 942 2186 jubeat
966 2128 1062 2167 eas
1104 2110 1292 2186 palam
1334 2109 1526 2175 vendi,
1568 2110 1697 2167 loco
1742 2120 1799 2167 et
1838 2118 2093 2184 tempore
2136 2110 2404 2167 definitis.
2489 2109 2605 2175 Qui
2652 2171 2659 2179 ,

421 2226 518 2265 eas
545 2205 764 2265 occulto
791 2212 1140 2285 comparant,
1171 2209 1470 2285 privilegio
1497 2207 1745 2285 gaudent
1768 2227 1902 2267 cum
1924 2208 2164 2266 aliorum
2182 2210 2407 2286 injuria,
2430 2226 2610 2280 quum

423 2306 687 2363 omnibus
737 2308 812 2364 sit
853 2308 1090 2366 facultas
1132 2326 1228 2365 eas
1273 2307 1524 2375 emendi,
1557 2326 1714 2379 ,quas
1756 2308 1987 2365 nonnisi
2028 2282 2211 2383 pffietio
2255 2308 2459 2384 majori
2500 2307 2609 2365 sibi

425 2423 752 2481 comparare
797 2406 1072 2483 deinceps
1113 2416 1396 2482 poterunt.
1481 2405 1769 2463 Caeterum
1812 2407 2049 2465 difficile
2078 2416 2165 2463 est
2190 2407 2607 2464 restitutionem

426 2504 758 2581 injungere3
786 2524 896 2564 nec
923 2507 1078 2563 enim
1106 2516 1346 2569 constat,
1377 2506 1505 2575 quis
1527 2504 1797 2562 damnum
1826 2524 2028 2580 passus
2056 2507 2148 2572 sit,
2167 2507 2257 2563 vel
2286 2524 2605 2577 quousque.

429 2603 678 2659 Peccant
702 2605 872 2679 plane
900 2614 1096 2662 contra
1111 2605 1392 2681 justitiam
1421 2603 1520 2675 qui
1557 2603 1763 2679 emptis
1793 2604 2107 2660 actionibus
2136 2604 2309 2660 falsos
2335 2617 2611 2679 spargunt

426 2720 704 2768 rumores,
733 2713 791 2761 et
817 2704 1043 2763 inanem
1071 2722 1236 2779 spem
1266 2704 1517 2780 praebent
1541 2701 1702 2768 lucri,
1724 2708 1784 2757 ut
1804 2702 2051 2757 actiones
2080 2702 2307 2776 plurimi
2328 2715 2605 2759 veneant:

428 2800 516 2857 vel
543 2802 644 2872 qui
669 2801 954 2877 ejusmodi
979 2803 1188 2860 artibus
1215 2821 1408 2859 earum
1435 2801 1699 2857 minuunt
1738 2800 2003 2875 pretium,
2046 2819 2143 2857 eas
2170 2801 2277 2857 sibi
2320 2820 2613 2883 compara-

427 2900 558 2957 turi.
643 2898 883 2963 Quoties
911 2911 1134 2957 constat
1157 2903 1400 2976 pretium
1428 2901 1626 2972 inique
1654 2910 1901 2965 auctum,
1931 2900 2023 2956 vel
2062 2900 2366 2981 minutum,
2412 2918 2611 2956 exces-

428 3014 558 3057 sum
585 2999 868 3072 oportebit
891 3017 1284 3074 compensare,
1311 3000 1550 3074 singulis
1594 3000 1799 3070 quibus
1846 2999 2056 3075 injuria
2088 3000 2235 3057 facta
2260 3010 2364 3067 est,
2394 3000 2613 3056 satisfa-

429 3095 654 3162 ciend0,
685 3097 774 3154 vel
799 3098 850 3154 si
877 3095 946 3155 de
973 3098 1044 3155 iis
1073 3117 1188 3167 non
1217 3109 1456 3164 constet,
1487 3098 1831 3174 pauperibus
1860 3097 2185 3175 elai-giendo
2212 3097 2486 3157 subsidia.

520 3200 654 3253 112.
699 3195 1000 3273 Contingit
1039 3216 1472 3270 nonnumquam
1519 3196 1897 3275 chirographa
1936 3216 2259 3256 mensarum
2302 3198 2613 3255 alienarum

435 3296 496 3355 in
521 3310 776 3356 mensam
804 3295 1090 3372 publicam
1119 3298 1385 3364 conferri,
1423 3296 1516 3354 vel
1553 3298 1612 3355 in
1656 3297 1999 3355 solutionem
2027 3298 2155 3355 aeris
2182 3297 2373 3364 alieni,
2402 3296 2494 3353 vel
2520 3295 2617 3354 de-

433 3396 604 3469 positi
629 3394 776 3463 loco,
807 3414 936 3468 quae
963 3396 1014 3453 si
1041 3417 1074 3453 a
1099 3397 1370 3472 quopiam
1387 3415 1420 3453 e
1442 3395 1615 3471 vulgo
1632 3395 1960 3462 offerantur,
1984 3396 2072 3452 vel
2094 3414 2207 3454 non
2238 3398 2611 3472 accipientur,

432 3495 524 3551 vel
551 3494 792 3553 minoris
815 3494 1187 3563 habebuntur,
1215 3504 1384 3571 prout
1421 3494 1572 3569 apud
1606 3494 1911 3569 plerosque
1941 3494 2158 3550 valent:
2202 3493 2301 3550 sed
2332 3493 2515 3551 oblata
2542 3493 2611 3548 ab

435 3593 618 3651 amico
645 3593 916 3668 praecipui
941 3593 1326 3663 nummularii,
1343 3594 1434 3651 vel
1461 3594 1530 3649 ab
1557 3593 1749 3664 aliquo
1776 3610 1807 3649 e
1828 3608 2040 3647 mensae
2068 3592 2395 3657 rectoribus,
2418 3608 2615 3645 recen-

434 3692 704 3751 sebantur
729 3693 848 3749 auri
877 3691 969 3748 vel
995 3692 1210 3767 argenti
1237 3691 1430 3757 instar,
1461 3691 1595 3760 quia
1618 3692 1725 3747 erit
1752 3689 2129 3747 nummulario
2155 3690 2321 3763 copia
2346 3688 2405 3745 in
2445 3689 2611 3745 rebus

435 3789 699 3866 gerendis
728 3790 1014 3864 integrum
1039 3788 1350 3865 recipiendi
1376 3787 1646 3845 valorem.
1730 3789 1799 3845 In
1844 3805 1913 3843 ea
1952 3785 2157 3862 agendi
2194 3787 2407 3843 ratione
2434 3787 2617 3864 injus-

439 3888 558 3945 titia
601 3887 900 3947 manifesta
937 3896 1042 3955 est,
1083 3889 1197 3945 nisi
1241 3888 1508 3965 specialis
1555 3904 1729 3943 causa
1768 3894 2021 3944 occurrat
2060 3884 2441 3943 discriminis:
2485 3905 2613 3959 quae

438 3984 628 4043 forsan
653 3986 888 4060 reperiri
931 3987 1142 4060 poterit
1183 3987 1242 4043 in
1281 3985 1578 4043 beneficiis
1620 4002 1832 4043 mensae
1879 3984 2102 4043 collatis
2142 3985 2219 4043 ab
2260 4004 2331 4043 eo
2373 3987 2475 4058 qui
2502 3986 2615 4044 hoc

439 4081 574 4141 inde
617 4082 860 4159 percipit
903 4084 1292 4151 commodum,
1329 4103 1404 4141 v:
1447 4102 1521 4159 gt
1560 4082 1715 4155 quod
1756 4084 2053 4160 pecuniam
2100 4084 2405 4160 plurimam
2446 4086 2503 4142 in
2545 4104 2615 4143 ea

436 4180 785 4257 deposuerit,
816 4182 1031 4241 nullam
1057 4182 1186 4239 inde
1213 4183 1486 4241 relaturus
1514 4201 1766 4251 usuram.
1851 4183 1993 4249 Quae
2028 4194 2213 4241 autem
2240 4184 2385 4243 clam
2412 4202 2615 4261 gerun-

435 4288 524 4339 tur
549 4300 582 4338 a
609 4279 812 4337 scribis
839 4281 898 4339 in
925 4281 1016 4339 sui
1044 4281 1132 4349 vel
1159 4283 1468 4340 amicorum
1497 4282 1813 4349 utilitatem,
1836 4283 1927 4341 vel
1955 4301 2081 4354 quoe
2110 4283 2314 4355 aliquis
2334 4302 2410 4340 ex
2436 4293 2615 4340 recto·

435 4380 612 4446 ribus,
642 4379 874 4455 privatis
901 4381 1020 4438 suis
1048 4380 1364 4439 commodis
1391 4380 1644 4448 studens,
1674 4382 1809 4439 facit
1850 4391 1912 4440 ut
1944 4381 2210 4449 lucretur,
2238 4400 2313 4439 ex
2354 4398 2620 4437 nummo·

435 4496 560 4537 rum
595 4478 928 4547 mutatione,
957 4478 1169 4538 fraudis
1197 4479 1320 4539 labe
1346 4499 1461 4537 non
1487 4489 1698 4538 carent.
