3117 5217
838 566 952 625 DE
993 565 1446 660 EMPTIQNE
1490 565 1607 623 ET
1650 565 2215 625 VENDITIONE.
2505 570 2619 625 165

461 727 750 789 Caeterum
777 732 1040 789 excusari
1054 730 1204 789 haud
1219 741 1460 806 possunt
1476 732 1575 804 qui
1600 732 1795 807 inopia
1808 731 2049 808 alicujus
2084 734 2401 799 abutuntur,
2432 742 2491 788 ut
2516 731 2634 788 chi-

453 830 733 904 rographa
757 831 928 906 longe
957 831 1140 887 viliori
1181 831 1362 906 pretio
1401 840 1611 889 emant.
1695 830 1935 895 Quoties
1974 832 2355 907 chirographa
2380 848 2632 887 commu·

449 926 596 983 niter
643 929 960 987 venduntur
1010 928 1194 1004 pretio
1235 928 1440 995 viliori,
1487 937 1675 1004 potest
1718 930 2055 1004 plerumque
2094 930 2290 987 inferri
2330 948 2399 985 ea
2439 930 2629 987 minus

445 1024 632 1083 valere
655 1044 672 1091 3
700 1027 852 1098 quod
880 1028 938 1083 in
966 1028 1072 1085 hac
1097 1028 1332 1102 regione
1372 1026 1536 1084 facile
1565 1028 1859 1102 contingit,
1889 1047 2069 1099 quum
2104 1047 2195 1085 res
2222 1028 2337 1084 sint
2375 1028 2624 1092 incertae,

447 1123 790 1196 plurimique
817 1128 917 1197 qui
945 1124 1208 1183 videntur
1234 1124 1497 1182 ditissimi
1525 1144 1677 1199 saepe
1704 1124 1877 1182 fidem
1902 1126 2112 1183 fallant.
2198 1125 2314 1183 Sed
2342 1123 2629 1183 fatendum

447 1218 593 1278 hanc
620 1223 948 1298 negotiandi
973 1232 1032 1281 et
1067 1222 1324 1281 lucrandi
1363 1223 1634 1281 rationem
1678 1224 1870 1297 specie
1910 1224 2057 1281 mala
2095 1233 2150 1279 et
2188 1224 2441 1300 periculo
2481 1223 2631 1281 haud

445 1336 654 1391 carere.
1936 1335 1941 1339 ’

479 1458 486 1461 -
527 1422 625 1475 55.
671 1418 790 1475 Res
818 1437 942 1490 quae
972 1438 1086 1477 non
1113 1428 1245 1476 sunt
1261 1420 1550 1475 communi
1574 1420 1859 1477 convictui
1876 1422 2231 1488 necessariae,
2254 1441 2359 1478 nec
2386 1421 2630 1495 pretium

446 1513 656 1572 habent
680 1536 712 1573 a
737 1518 886 1592 lege,
916 1518 1007 1574 vel
1025 1518 1402 1575 aestimatione
1432 1518 1647 1593 vulgari
1674 1517 2105 1576 determinatum
2129 1538 2143 1574 :
2174 1538 2241 1575 vx
2274 1539 2343 1596 g:
2388 1536 2628 1593 gemmae

446 1612 726 1682 quaedam,
757 1634 926 1672 canes
955 1616 1228 1691 insigneS‚
1259 1635 1392 1673 aves
1419 1615 1651 1683 Indicae,
1680 1616 1912 1692 picturae
1954 1617 2291 1692 singulare8‚
2318 1618 2631 1673 maximam

446 1710 745 1769 admittunt
769 1715 936 1788 pretii
962 1714 1350 1781 latitudinem3
1391 1715 1510 1772 imo
1539 1716 1705 1791 juxta
1733 1715 1951 1787 aliquos
1994 1715 2161 1771 vendi
2189 1723 2429 1791 possunt
2455 1734 2630 1786 quan-

446 1816 564 1867 tum
593 1821 820 1887 emptor
845 1814 1202 1870 consenserit
1225 1812 1376 1870 dare.
1463 1812 1863 1870 Verosimilius
1891 1826 2080 1870 tamen
2119 1827 2207 1871 est
2245 1814 2469 1871 arbitrio
2502 1831 2631 1887 pru-

447 1906 598 1965 denti
627 1912 870 1984 pretium
895 1929 1084 1969 rerum
1111 1910 1438 1987 hujusmodi
1465 1929 1593 1968 esse
1620 1912 2132 1969 determinandum.

487 1992 492 1997 ’
525 2010 622 2064 56.
665 2008 730 2065 Si
757 2010 1020 2077 famulus,
1051 2010 1144 2067 vel
1169 2020 1500 2085 proxeneta,
1527 2008 1651 2089 (qui
1678 2010 1897 2067 scilicet
1914 2029 2035 2067 rem
2062 2028 2165 2085 pro
2186 2010 2359 2067 altero
2379 2008 2627 2067 venden-

443 2104 570 2162 dam
599 2100 887 2185 suseipit¹)
919 2108 1122 2165 vendat
1161 2127 1332 2183 supra
1371 2110 1615 2183 pretium
1660 2110 1768 2166 sibi
1796 2129 1829 2165 a
1854 2107 2090 2165 domino
2126 2109 2503 2185 adsignatum,
2534 2106 2622 2163 vel

443 2213 594 2260 emat
619 2205 782 2273 infra,
813 2207 1011 2279 nequit
1035 2224 1338 2263 excessum
1364 2208 1476 2264 sibi
1500 2208 1765 2274 retinere,
1796 2225 1973 2279 quum
2012 2206 2359 2281 stipendium
2384 2208 2439 2262 ei
2467 2206 2629 2263 detur

446 2300 518 2357 ad
543 2301 759 2362 domini
786 2306 1012 2380 negotia
1036 2306 1246 2363 utiliter
1272 2306 1540 2381 gerenda,
1568 2307 1812 2383 ejusque
1840 2306 2097 2371 nomine,
2126 2304 2279 2362 haud
2318 2322 2449 2381 suo,
2481 2313 2626 2379 agat.

446 2397 514 2455 Id
551 2418 656 2474 pro
697 2412 852 2460 certo
899 2396 1204 2461 habetur:2
1237 2405 1667 2461 controvertitur
1698 2414 1884 2461 autem
1926 2413 2113 2461 utrum
2154 2404 2250 2461 alii
2287 2422 2379 2460 res
2418 2404 2629 2460 alienas

447 2497 754 2557 vendentes
783 2520 956 2575 supra
981 2502 1226 2577 pretium
1255 2502 1634 2577 adsignatum,
1666 2502 1756 2558 vel
1798 2501 1943 2561 infra
1968 2512 2243 2569 ementes,
2273 2503 2497 2577 possint
2520 2500 2629 2556 sibi

443 2596 682 2655 retinere
709 2615 1036 2657 excessum.
1120 2600 1300 2657 Pauci
1326 2599 1643 2666 affirmant3
1687 2600 1943 2674 plerique
1968 2610 2198 2675 negant,
2228 2618 2470 2673 quorum
2498 2616 2627 2655 sen-

443 2696 616 2752 tentia
656 2716 788 2758 vera
825 2696 1045 2755 videtur
1084 2698 1148 2755 S.
1191 2697 1514 2773 Alphonso‚
1557 2698 1799 2773 pretium
1828 2697 2041 2773 quippe
2083 2696 2369 2773 adsignari
2396 2705 2627 2753 conten-

444 2790 602 2860 dunt,
648 2806 710 2853 ut
753 2796 1060 2854 venditoris
1103 2796 1194 2853 vel
1231 2797 1504 2870 emptoris
1551 2796 1780 2853 arbitrio
1820 2796 1961 2853 certi
2000 2794 2231 2867 quidam
2265 2795 2630 2871 'praefigantur

441 2891 676 2959 limites,
706 2894 845 2964 quin
863 2895 982 2970 juri
1009 2913 1115 2952 suo
1140 2896 1426 2952 renuntiet
1449 2894 1750 2962 mandans»,
1772 2896 1968 2967 reique
1994 2893 2281 2952 dominus.
2338 2892 2628 2952 Caeterum

444 2998 578 3045 sunt
602 2994 768 3047 casus
795 2991 1053 3049 nonnulli
1079 2992 1139 3049 in
1165 2994 1370 3063 quibus
1396 2993 1534 3053 licet
1572 3010 1873 3075 excessum
1913 2994 2188 3051 retinere:
2220 3011 2289 3050 v:
2334 3012 2410 3069 g:
2452 2994 2505 3050 si
2531 2992 2630 3051 do-

445 3088 637 3145 minus
667 3089 830 3145 tacite
858 3091 1241 3147 consenserit:
1271 3092 1320 3148 si
1347 3109 1439 3147 res
1467 3100 1561 3148 tua
1588 3091 1858 3149 industria
1884 3090 2029 3149 facta
2052 3084 2134 3150 sit
2150 3091 2385 3158 melion
2415 3092 2464 3147 si
2500 3110 2631 3167 spe-

447 3186 604 3244 cialis
652 3206 824 3259 quam
875 3187 1180 3247 adhibuisti
1232 3189 1526 3266 diligentia
1576 3192 1839 3249 excessui
1884 3208 1986 3265 par
2042 3192 2133 3248 sit.
2218 3190 2476 3248 Sartores
2530 3193 2631 3263 qui

443 3296 820 3344 mercatorum
851 3287 1226 3358 quorumdam
1253 3288 1612 3361 frequentant
1648 3288 1957 3356 officinam,
1978 3308 2196 3364 pannos
2237 3290 2305 3346 ab
2334 3290 2407 3361 iis
2434 3298 2633 3348 emunt

446 3382 747 3456 aliquando
773 3386 960 3443 viliori
987 3382 1184 3460 pretio.
1269 3388 1336 3445 Si
1361 3397 1583 3445 constet
1606 3398 1949 3445 mercatores
1976 3385 2193 3460 aliquid
2218 3382 2331 3445 sibi
2350 3387 2420 3444 de
2447 3389 2629 3463 pretio

445 3484 728 3541 remittere
756 3483 1074 3542 donationis
1101 3486 1352 3553 nomine,
1375 3497 1437 3543 ut
1463 3504 1565 3543 eos
1593 3485 1839 3543 alliciant
1864 3486 1935 3543 ad
1962 3504 2121 3542 suam
2146 3484 2457 3551 officinam,
2474 3485 2629 3542 dam·

444 3581 614 3639 nandi
643 3582 798 3641 haud
823 3584 1085 3641 videntur
1110 3585 1182 3641 ob
1209 3594 1546 3644 consuetum
1586 3584 1831 3659 pretium
1858 3582 2009 3655 quod
2038 3601 2069 3637 a
2095 3582 2330 3639 domino
2370 3583 2623 3656 exigunt.

447 3680 574 3737 Nec
603 3691 788 3738 tamen
829 3681 994 3740 facile
1023 3681 1368 3739 credendum
1397 3682 1823 3765 mercatoribus,
1866 3682 1963 3752 qui
2002 3679 2061 3737 id
2096 3699 2251 3755 soepe
2292 3677 2436 3736 falso
2478 3697 2629 3737 asse·

442 3790 588 3836 runt.
671 3779 894 3837 Natalis
947 3779 1272 3840 Alexander
1323 3780 1615 3839 contendit
1664 3798 1975 3851 numquam
2026 3777 2196 3835 licere
2248 3778 2464 3850 aliquid
2515 3778 2625 3837 hoc

447 3887 717 3951 praetextu
744 3873 1002 3936 lucrari.³

523 3981 620 4034 57.
664 3977 838 4035 Merx
878 3975 1096 4035 duobus
1138 3976 1382 4043 vendita,
1413 3985 1468 4032 et
1505 3976 1691 4032 neutri
1716 3974 1900 4033 adhuc
1927 3971 2147 4043 tradita,
2176 3975 2349 4051 priori
2385 3978 2629 4052 emptori

443 4074 708 4133 tradenda
733 4085 838 4143 est,
863 4094 996 4134 nam
1027 4084 1067 4110 “
1091 4076 1190 4146 qui
1218 4076 1372 4148 prior
1398 4084 1484 4131 est
1509 4084 1783 4151 tempore,
1816 4074 2004 4150 potior
2028 4084 2115 4131 est
2132 4070 2366 4151 jure.’'⁴
2446 4076 2513 4133 Si
2538 4094 2627 4132 se-

443 4172 628 4231 cundo
647 4175 768 4251 jam
797 4175 872 4231 sit
899 4172 1114 4239 tradita,
1143 4173 1267 4249 ejus
1290 4171 1556 4229 dominus
1584 4173 1665 4239 fit,
1692 4174 1805 4231 nisi
1833 4174 1991 4249 prior
2029 4182 2253 4249 emptor
2288 4174 2346 4231 in
2373 4193 2501 4233 eam
2528 4174 2626 4231 ha-

517 4329 601 4393 (1)
640 4329 953 4388 Auctioneer,
983 4326 1316 4378 Commission
1340 4325 1615 4387 Mei-cluant,
1643 4329 1828 4395 Agent,
1855 4327 2017 4381 Glerk.

523 4414 608 4478 (2)
647 4412 700 4461 S.
724 4413 1022 4476 Alphonsus,
1043 4414 1076 4461 1.
1099 4412 1166 4461 iii.
1189 4428 1239 4460 n.
1263 4414 1378 4460 825.

521 4497 604 4562 (3)
651 4496 812 4549 Tract.
836 4497 894 4549 de
920 4498 1032 4549 Pec.
1054 4514 1097 4547 c.
1118 4513 1165 4545 v·
1188 4504 1273 4546 art.
1296 4514 1342 4545 v.
1367 4498 1540 4560 Regul.
1564 4499 1680 4548 xvii.
2001 4498 2085 4564 (4)
2127 4498 2255 4563 Reg.
2279 4496 2393 4546 Jur.
2416 4495 2473 4546 in
2498 4498 2545 4543 6.
