3117 5217
543 544 660 601 384
1249 540 1364 599 DE
1413 540 2025 601 SUSPENSIONE.

540 708 680 767 latio
705 708 830 784 ejus
859 705 1124 765 irritanda
1147 698 1285 764 est.¹
1367 706 1462 765 Fit
1487 707 1833 784 irregularis,
1862 708 1912 764 si
1938 714 2205 765 exerceat
2228 706 2551 765 functiones
2576 703 2727 763 ordi-

543 807 634 865 nis
687 800 995 881 proprias.²
1075 806 1404 881 Suspensus
1451 826 1485 863 a
1534 806 1819 863 beneficio
1864 806 2111 882 privatur
2152 804 2424 862 fructibus
2470 805 2619 881 ejus,
2662 812 2721 859 et

545 904 890 979 quotidianis
907 902 1420 971 distributionibus,
1439 922 1565 975 quae
1592 905 1653 963 in
1678 904 1855 963 choro
1876 902 2225 963 adstantibus
2250 903 2413 960 fiunt.
2468 903 2729 959 Tenetur

547 1014 739 1061 tamen
761 1000 1014 1059 officium
1055 1003 1326 1070 recitare3
1367 1020 1475 1059 nec
1515 1003 1671 1061 enim
1712 1004 1781 1061 ab
1818 1020 1993 1061 onere
2026 1003 2137 1061 sibi
2174 1002 2449 1078 imposito
2486 1018 2728 1059 censura

547 1102 834 1161 eximitur.

623 1205 722 1257 81.
753 1199 806 1255 A
827 1200 1208 1274 suspensione
1237 1218 1268 1255 a
1287 1199 1440 1276 jure,
1459 1215 1587 1270 quae
1612 1208 1899 1257 reservata
1922 1218 2037 1257 non
2064 1200 2157 1266 sit,
2180 1198 2415 1271 quilibet
2434 1198 2725 1257 confessa-

553 1300 672 1357 rius
699 1297 992 1355 absolvere
1018 1307 1243 1374 potest:
1287 1316 1402 1355 non
1430 1298 1569 1355 item
1598 1299 1668 1356 ab
1700 1317 1787 1364 ea,
1817 1315 1943 1369 quae
1968 1299 2038 1355 ab
2066 1297 2299 1355 homine
2324 1296 2646 1373 specialiter
2670 1296 2731 1352 in

545 1398 792 1472 aliquem
819 1395 930 1453 lata
953 1406 1060 1463 est,
1087 1414 1218 1453 nam
1259 1396 1382 1473 ejus
1423 1396 1701 1455 absolutio
1740 1404 1962 1471 spectat
1998 1396 2087 1453 ad·
2100 1413 2253 1463 eum,
2282 1396 2383 1467 qui
2406 1414 2535 1453 eam
2574 1393 2723 1460 tulit,

548 1497 640 1555 vel
665 1497 790 1573 ejus
819 1512 1230 1561 successorem,
1257 1495 1348 1553 vel
1375 1494 1623 1565 aliquem
1652 1495 1723 1551 ab
1746 1512 1817 1553 eo
1844 1494 2187 1573 delegatum,
2216 1493 2309 1551 vel
2334 1493 2727 1569 Superiorem,

549 1593 928 1671 appellatione
969 1592 1176 1650 audita.
1261 1593 1601 1669 Suspensio,
1630 1612 1755 1665 quae
1796 1593 1866 1650 ad
1907 1604 2131 1669 tempus
2175 1592 2367 1659 fertur,
2411 1592 2507 1650 vel
2557 1591 2735 1649 alium

548 1694 716 1753 habet
738 1691 1000 1758 limitem,
1030 1691 1254 1749 desinet
1273 1702 1526 1769 tempore
1553 1691 1807 1769 expleto,
1830 1692 1923 1749 vel
1942 1690 2268 1750 conditione
2296 1702 2557 1747 cessante
2573 1710 2593 1746 t
2624 1707 2733 1747 nee

553 1791 904 1851 absolutione
929 1808 1076 1865 opus
1103 1798 1208 1849 est.

631 1894 730 1947 82.
774 1888 1094 1965 Suspensio
1133 1897 1412 1965 perpetua
1457 1888 1517 1943 in
1558 1906 1785 1963 poenam
1824 1887 2019 1947 delicti
2058 1904 2176 1945 non
2214 1896 2305 1954 est
2340 1904 2601 1952 censura,
2629 1884 2737 1943 sed

551 2006 737 2065 poena,
767 2004 938 2058 quam
967 1986 1126 2043 solus
1153 1985 1434 2043 remittere
1461 1993 1649 2061 potest
1665 1984 1870 2062 judex,
1888 1986 1988 2059 qui
2002 2004 2129 2043 eam
2157 1985 2305 2053 tulit,
2322 1985 2415 2042 vel
2434 1984 2578 2041 alius
2606 1984 2739 2060 ejus

553 2086 710 2143 vices
737 2082 955 2141 obienS.

630 2187 730 2241 83.
774 2181 1096 2258 Suspensio
1123 2182 1461 2257 plerumque
1489 2180 1722 2239 ferenda
1746 2192 1851 2251 est,
1881 2183 2057 2241 instar
2074 2181 2309 2243 aliarum
2338 2198 2731 2247 censurarum,

554 2300 726 2341 causa
749 2282 997 2357 cognita,
1024 2298 1150 2351 quae
1177 2291 1234 2337 et
1249 2282 1460 2357 scripto
1477 2279 1817 2337 declaranda
1840 2272 1975 2347 est,³
1990 2289 2049 2337 et
2072 2298 2169 2338 reo
2190 2279 2399 2337 audito.
2442 2278 2741 2337 Caeterum

555 2377 858 2451 aliquando
885 2388 1046 2435 extra
1069 2378 1352 2451 judicium
1381 2374 1583 2435 sertur⁴
1621 2396 1695 2434 ex
1734 2378 2035 2437 informata
2058 2378 2426 2445 conscientia,
2454 2379 2536 2434 uti
2564 2375 2739 2435 docet

559 2475 908 2537 Benedictus
933 2472 1135 2534 XIV.⁵
1161 2494 1268 2535 nec
1296 2486 1512 2533 tenetur
1533 2476 1839 2553 episcopus
1858 2478 2134 2535 rationem
2162 2476 2397 2535 reddere
2425 2477 2541 2534 nisi
2568 2475 2745 2532 Sum-

553 2594 650 2635 mo
679 2576 969 2635 Pontifici.
1013 2574 1107 2633 Eo
1131 2594 1267 2633 casu
1295 2574 1448 2633 nulla
1475 2574 1637 2632 datur
1664 2575 2093 2653 Metropolitam
2120 2574 2443 2651 appellandi
2465 2574 2728 2662 facultas.

532 2675 734 2733 ·Hanc
771 2674 1211 2749 suspensionem
1251 2671 1374 2730 raro
1415 2673 1793 2732 adhibendam
1834 2693 1963 2732 esse
1988 2674 2207 2745 liquet;
2250 2692 2427 2747 quum
2466 2674 2541 2731 sit
2578 2683 2744 2729 extra

549 2774 696 2850 juris
723 2772 1018 2831 ordinem:
1063 2781 1260 2831 monet
1297 2770 1509 2829 idcirco
1549 2772 1893 2831 Benedictus
1932 2760 2102 2831 XIV.
2142 2781 2481 2849 potestatem
2508 2789 2637 2829 eam
2662 2770 2744 2828 fe-

559 2871 725 2929 rendi
750 2889 868 2945 non
891 2889 1020 2929 esse
1049 2872 1109 2929 in
1135 2870 1366 2945 synodo
1391 2869 1805 2927 ostentandam.

637 2973 736 3032 84.
779 2970 848 3027 In
875 2970 982 3030 hac
1005 2971 1240 3046 regione
1265 2966 1454 3026 solent
1478 2960 1739 3046 episcopi
1767 2986 2040 3041 revocare
2046 2966 2404 3049 facultates,
2434 2988 2575 3043 quas
2602 2968 2741 3025 mis-

559 3068 821 3125 sionariis
850 3068 1176 3133 tribuerant,
1202 3068 1427 3139 quoties
1449 3066 1771 3126 sacerdotes
1792 3087 1895 3126 suo
1918 3085 2151 3125 munere
2168 3068 2429 3144 judicant
2446 3066 2737 3143 indignos:

562 3184 675 3237 qua
697 3168 759 3225 in
784 3185 844 3222 re
863 3166 1069 3241 judicii
1097 3166 1336 3222 formam
1366 3184 1482 3223 non
1510 3176 1757 3233 servant,
1788 3167 1891 3225 sed
1930 3185 2003 3223 ex
2042 3165 2345 3225 informata
2370 3165 2739 3233 conscientia,

561 3262 814 3331 adhibito
853 3263 1188 3337 plerumque
1234 3262 1452 3319 Vicarii
1497 3265 1589 3320 sui
1644 3264 1966 3332 Generalis,
2009 3264 2101 3321 vel
2152 3264 2383 3323 alterius
2428 3263 2740 3323 sacerdotis

563 3359 804 3419 consilio
829 3379 844 3417 ε
888 3368 946 3417 et
983 3359 1212 3442 arbitrio
1251 3376 1415 3431 aequo
1455 3379 1517 3417 se
1564 3362 1647 3418 uti
1691 3382 1865 3439 posse
1910 3364 2180 3429 sentiunt,
2208 3382 2385 3436 quum
2428 3365 2496 3421 ab
2541 3381 2741 3429 eorum

564 3461 851 3518 voluntate
880 3458 1123 3536 pendeat
1147 3457 1436 3517 facultates
1463 3460 1706 3537 elargiri.
1792 3462 1961 3519 Hanc
2000 3462 2417 3529 revocationem
2440 3484 2473 3520 a
2498 3480 2740 3537 suspen-

563 3561 724 3619 sione
752 3560 1009 3635 plerique
1037 3558 1412 3634 distinguunt.
1498 3560 1706 3618 Utrum
1746 3578 1939 3619 revera
1966 3562 2150 3635 possit
2188 3559 2480 3637 distingui,
2508 3558 2739 3633 quando

563 3660 694 3734 ipsa
719 3658 920 3717 Missae
943 3658 1268 3723 celebratio,
1297 3657 1601 3730 omniaque
1629 3679 1791 3718 saera
1812 3677 2048 3717 munera
2066 3658 2459 3735 prohibentur,
2488 3658 2741 3719 dubitare

563 3757 715 3815 licet.
800 3757 954 3815 Mihi
979 3755 1302 3833 negandum
1334 3754 1593 3825 videtur;
1636 3759 1895 3830 quamvis
1936 3757 2091 3815 enirn
2125 3757 2538 3835 jurisdictionis
2580 3775 2744 3815 exer-

564 3857 759 3913 citium
791 3856 972 3931 possit
995 3856 1162 3912 certis
1180 3850 1451 3913 limitibus
1479 3856 1747 3925 coerceri,
1764 3875 1867 3932 pro
1882 3856 2147 3914 varietate
2174 3857 2594 3933 adjunctorum,
2612 3857 2742 3933 ejus

567 3953 770 4011 ablatio
796 3952 1017 4013 videtur
1041 3952 1199 4011 nullo
1227 3952 1340 4011 alio
1372 3956 1609 4013 nomine
1636 3956 1697 4013 in
1714 3956 1865 4032 jure,
1894 3956 1986 4013 vel
2012 3954 2163 4030 apud
2180 3956 2328 4033 juris
2356 3954 2620 4013 canonici
2644 3973 2746 4031 pe·

567 4051 708 4109 rinos
737 4054 922 4119 nosci,
948 4070 1118 4123 quam
1147 4053 1527 4127 suspensione
1555 4074 1589 4111 a
1618 4072 1853 4112 munere
1874 4053 2139 4112 audiendi
2156 4054 2587 4119 confessiones;
2618 4072 2745 4125 quae

566 4150 616 4207 si
644 4148 982 4206 extendatur
1007 4150 1076 4207 ad
1117 4151 1310 4208 omnia
1349 4169 1507 4209 sacra
1546 4171 1781 4210 munera
1819 4153 2124 4229 suspensio
2150 4154 2220 4211 ab
2246 4152 2440 4212 officio
2466 4152 2749 4227 simplici-

643 4288 728 4353 (1)
768 4286 892 4350 Cap.
913 4284 1010 4337 viii.
1034 4286 1092 4336 de
1114 4288 1400 4339 consuetud.
1686 4292 1771 4357 (2)
1811 4289 1934 4354 Cap.
1956 4291 1988 4339 i.
2010 4290 2069 4341 de
2089 4296 2213 4341 sent.
2236 4294 2283 4340 et
2303 4290 2531 4357 rejudic.
2553 4290 2609 4341 in
2632 4292 2681 4338 6.

642 4371 729 4435 (3)
770 4368 830 4417 C.
847 4368 880 4417 i.
903 4368 962 4417 de
981 4372 1105 4419 sent.
1127 4384 1309 4421 excom.
1331 4371 1385 4419 in
1409 4374 1457 4420 6.
1683 4374 1767 4439 (4)
1806 4372 1943 4422 Trid.
1966 4372 2119 4423 Conc.
2144 4374 2273 4422 Sess.
2296 4372 2398 4422 xiii.
2420 4389 2464 4422 c.
2486 4372 2519 4423 i.
2554 4371 2615 4423 de
2636 4370 2753 4439 Res.

646 4456 734 4521 (5)
773 4452 849 4503 De
872 4453 994 4517 Syn.
1018 4451 1183 4503 Dioec.
1206 4454 1239 4502 l.
1262 4454 1348 4503 xii.
1371 4471 1414 4503 c.
1438 4456 1534 4507 viii.
1555 4472 1608 4505 n.
1631 4459 1678 4516 3,
1700 4458 1749 4517 4,
1772 4460 1819 4505 5.
