3117 5217
495 554 612 611 38⁰
1035 550 1150 609 DE
1193 544 2056 609 EXCOMMUNICATION
2062 546 2138 605 E.

495 734 570 777 ne
593 718 930 793 cujusquam
951 718 1086 795 jura
1109 714 1482 775 laederentur:
1525 713 1637 773 111.
1680 711 2357 776 Excommunicationem
2384 710 2681 767 incurrunt

495 817 690 893 piratae
728 816 1130 874 interficientes
1171 824 1266 873 aut
1302 812 1695 892 depraedantes
1731 811 2095 880 Christianos
2122 812 2183 868 in
2212 809 2353 867 mari
2378 807 2679 865 ecclesias-

495 916 630 973 tico.
713 914 822 975 IV.
851 912 1270 973 Falsificatores
1295 912 1614 972 litterarum
1630 892 2123 987 Apostolicarum.
2154 910 2233 967 V.
2263 906 2677 965 Transmitten-

495 1022 582 1071 tes
607 1030 783 1080 arma,
811 1012 934 1071 sive
959 1030 1244 1071 armorum
1271 1014 1563 1071 materiam
1592 1010 1661 1069 ad
1682 1010 1879 1068 hostes
1898 1008 2181 1081 infideles.
2215 1050 2230 1065 .
2263 1048 2277 1065 .
2321 1006 2431 1063 VI.
2458 1004 2675 1080 Injuste

494 1110 874 1189 impedientes
898 1112 1106 1171 deferri
1131 1111 1392 1170 victualia
1417 1111 1488 1170 ad
1529 1110 1853 1169 Romanam
1884 1109 2119 1165 curiam.
2194 1092 2344 1164 VII.
2384 1104 2677 1161 Vexantes

493 1210 849 1287 peregrinos,
899 1212 998 1283 qui
1043 1210 1364 1269 devotionis
1403 1228 1576 1267 causa
1620 1208 1865 1267 Romam
1905 1215 2121 1282 petunt.
2202 1205 2312 1264 IX.
2357 1204 2671 1264 Vexante8‚

493 1326 594 1367 seu
621 1308 918 1385 ejicientes
955 1310 1286 1386 episcopos,
1327 1308 1596 1385 Legatos,
1639 1305 1731 1363 vel
1758 1305 2025 1390 ‚Nuntios
2062 1322 2098 1361 a
2136 1306 2259 1363 suis
2299 1300 2673 1361 dioecesibus:

493 1426 722 1465 necnon
749 1407 806 1465 id
833 1408 1186 1477 mandantes,
1225 1416 1407 1465 ratum
1455 1408 1747 1471 habentes,
1786 1404 2065 1470 faventes,
2110 1411 2219 1461 etc.
2302 1402 2380 1458 X.
2425 1398 2682 1457 Percuti·

497 1516 658 1565 entes
685 1516 782 1565 aut
807 1508 1164 1582 expoliantes
1189 1526 1292 1565 eos
1329 1505 1476 1583 (sive
1505 1522 1701 1563 eorum
1744 1498 2161 1579 procuratores)
2190 1502 2289 1573 qui
2314 1500 2531 1557 curiam
2559 1496 2679 1553 Ro-

497 1624 726 1666 manam
779 1624 886 1681 pro
935 1606 1054 1664 suis
1099 1606 1344 1682 negotiis
1391 1613 1608 1681 petunt.
1709 1602 1817 1661 XI.
1872 1601 2247 1677 Appellantes
2296 1599 2408 1656 sub
2458 1598 2685 1673 privato

493 1715 774 1783 proetextu
803 1703 876 1761 ad
901 1706 1086 1762 curias
1127 1705 1356 1763 laicales
1397 1705 1455 1762 in
1499 1702 1689 1761 causis
1730 1700 2135 1758 ecclesiasticis·
2174 1698 2244 1755 ad
2288 1694 2681 1773 impediendas

497 1804 708 1863 litteras
753 1804 1137 1879 Apostolicas.
1221 1804 1362 1864 XII.
1407 1803 1522 1869 Qui
1564 1800 1891 1859 auctoritate
1929 1799 2093 1865 laica,
2120 1798 2213 1856 vel
2253 1806 2533 1874 praetextu
2578 1812 2681 1852 ex-

497 1902 806 1978 emptionis
831 1920 1030 1959 causas
1057 1902 1398 1978 spirituales,
1425 1901 1518 1957 vel
1557 1899 1701 1974 ipsis
1742 1914 1997 1955 annexas
2022 1894 2093 1954 ad
2118 1916 2181 1955 se
2209 1902 2449 1955 avocant
2472 1912 2507 1951 a
2524 1892 2682 1972 judi-

497 2002 662 2058 cibus
689 1998 1109 2066 ecclesiasticis,
1149 2008 1263 2057 etc.
1343 1998 1514 2057 XIII.
1557 1996 1677 2063 Qui
1716 2014 1791 2053 ex
1830 1997 2037 2069 quovis
2078 1998 2268 2055 colore
2310 1993 2560 2061 trahunt,
2587 1994 2683 2051 vel

497 2098 642 2156 trahi
668 2076 882 2157 faciunt
905 2114 1177 2173 personas
1203 2097 1619 2156 ecclesiasticas
1658 2094 1731 2153 ad
1768 2096 2013 2153 tribunal
2054 2096 2273 2153 laicale.
2356 2092 2525 2151 XIV.
2569 2094 2686 2151 Im-

497 2196 796 2274 pedientes
828 2196 1058 2274 judices
1095 2196 1514 2255 ecclesiasticos
1557 2214 1661 2253 sua
1694 2192 2095 2271 jurisdictione
2133 2195 2235 2252 uti.
2318 2193 2455 2250 XV.
2500 2192 2684 2250 Usur-

497 2306 698 2381 pantes
737 2295 1198 2372 jurisdictionem
1237 2305 1296 2354 et
1331 2295 1548 2354 fructus
1588 2293 2015 2351 beneficiorum.
2099 2294 2268 2351 XVI.
2310 2294 2683 2368 Imponentes

496 2412 673 2452 onera
695 2394 1116 2453 ecclesiasticis.
1160 2394 1288 2462 -Qui
1315 2402 1505 2453 tamen
1533 2388 1991 2475 (advertendum)
2018 2401 2278 2451 tenentur
2304 2392 2683 2459 contribuere,

499 2492 728 2565 quando
753 2493 1126 2570 imponuntur
1150 2494 1400 2553 collectae
1428 2512 1534 2571 pro
1559 2492 1891 2557 resectione,
1920 2509 1957 2546 v
1982 2510 1996 2548 ε
2027 2508 2102 2567 g:
2143 2492 2384 2559 viarum,
2414 2491 2680 2558 fontium,

497 2604 605 2651 etc.
637 2612 877 2667 quorum
902 2593 1114 2651 utilitas
1141 2594 1352 2652 directe
1381 2594 1627 2669 pertinet
1662 2591 1833 2648 etiam
1874 2590 1945 2647 ad
1984 2591 2163 2666 ipsos.
2248 2590 2446 2649 XVII.
2490 2590 2571 2646 Se
2598 2591 2681 2647 in-

499 2700 860 2768 terponentes
887 2693 1012 2749 sine
1048 2692 1446 2768 jurisdictione
1487 2693 1547 2749 in
1586 2690 1775 2748 causis
1814 2684 2201 2747 criminalibus
2226 2698 2423 2747 contra
2446 2688 2685 2746 ecclesi-

499 2791 726 2849 asticos.
809 2790 1040 2849 XVIII.
1111 2792 1470 2867 Usar-pantes
1526 2788 1991 2867 jurisdictionem
2042 2790 2103 2845 in
2166 2789 2331 2845 terris
2396 2788 2682 2847 Ecclesiae

498 2882 873 2947 Romanae.'’¹
915 2890 1062 2947 Hoec
1089 2908 1218 2962 quae
1243 2908 1318 2947 ex
1345 2890 1409 2946 S.
1438 2888 1727 2965 Alphonsi
1752 2906 1925 2962 opere
1954 2887 2169 2964 insigni
2194 2888 2678 2963 transcripsimus,

497 2988 804 3047 ostendunt
829 2988 1054 3047 Bullam
1081 2990 1233 3048 illam
1273 2988 1464 3056 latam,
1498 2998 1563 3045 ut
1588 2988 1719 3063 jura
1758 2987 2036 3053 ecelesiae,
2066 3004 2192 3059 quae
2222 2988 2293 3045 ab
2319 2987 2461 3063 ipsis
2486 2986 2686 3043 saeculi

497 3088 870 3161 potestatibus
895 3106 998 3163 per
1021 3088 1184 3161 plura
1209 3088 1417 3145 saecula
1443 3088 1633 3163 agnita
1663 3094 1815 3153 sunt,
1844 3086 2025 3143 illaesa
2048 3095 2425 3145 servarentur.
2496 3082 2684 3141 Caete·

496 3203 624 3241 rum
652 3186 711 3243 in
738 3184 1027 3259 plerisque
1045 3187 1170 3261 jam
1197 3194 1332 3241 aetas
1370 3195 1565 3243 nostra
1580 3186 1713 3259 jura
1746 3184 1843 3241 illa
1884 3184 2106 3251 minuit,
2132 3185 2225 3243 vel
2264 3184 2508 3251 abstulit,
2536 3183 2683 3241 adeo

496 3292 560 3338 ut
583 3284 684 3339 vix
711 3281 872 3339 ullibi
897 3283 1116 3357 integra
1141 3282 1468 3339 habeantur.
1531 3280 1811 3339 Clemens
1830 3283 1999 3342 XIV.
2026 3292 2087 3341 et
2113 3284 2255 3342 Pius
2283 3284 2390 3343 VI.
2434 3302 2467 3339 a
2493 3282 2679 3341 Bullae

495 3380 649 3439 illius
676 3380 1056 3457 publicatione
1083 3381 1386 3453 quotannis
1413 3381 1825 3439 abstinuerunt.

575 3484 676 3540 77.
721 3479 927 3539 Canon
955 3480 1516 3556 celeberrimum-qno
1541 3480 1735 3539 clerici
1762 3481 2057 3557 percussio
2082 3482 2189 3539 sub
2204 3480 2557 3542 anathemate
2584 3498 2681 3537 ve-

498 3587 666 3647 tatur,
697 3580 788 3637 his
815 3580 1004 3637 verbis
1031 3580 1369 3637 continetur.
1455 3588 1496 3617 ‘⁸
1515 3580 1763 3652 Placuit,
1792 3590 1857 3637 ut
1881 3580 1931 3636 si
1972 3580 2101 3651 quis
2140 3580 2413 3638 suadente
2452 3579 2683 3639 diabolo

497 3677 672 3755 hujus
701 3679 986 3755 sacrilegii
1028 3687 1244 3737 reatum
1289 3668 1617 3757 incurrerit,-
1649 3677 1801 3751 quod
1828 3679 1887 3735 in
1918 3678 2187 3736 clericum
2214 3679 2307 3736 vel
2336 3678 2680 3737 monachum

499 3776 776 3835 violentas
803 3796 1002 3835 manus
1031 3777 1306 3853 injecerit,
1353 3763 1729 3837 anathematis
1774 3776 2003 3835 vinculo
2040 3777 2367 3854 subjaceat:
2410 3786 2467 3835 et
2490 3778 2681 3835 nullus

499 3874 900 3951 episcoporum
927 3876 1086 3935 illum
1113 3884 1418 3951 praesumat
1443 3876 1756 3943 absolvere,
1779 3875 1891 3933 nisi
1918 3876 2119 3934 mortis
2142 3886 2379 3953 urgente
2399 3876 2681 3952 periculo,

499 3971 682 4031 donec
710 3975 1024 4049 apostolico
1062 3974 1394 4051 conspectui
1435 3984 1825 4050 praesentetur,
1866 3983 1923 4031 et
1960 3976 2087 4051 ejus
2128 3974 2455 4033 mandatum
2504 3976 2686 4033 susci-

573 4195 656 4258 (1)
696 4192 748 4239 S.
771 4191 920 4254 Alph.
943 4191 974 4240 1.
998 4192 1086 4240 vii.
1105 4208 1156 4241 n.
1181 4194 1368 4273 3⁰9·.‘³¹⁵
1400 4209 1498 4256 seq.
1569 4192 1691 4241 “La
1723 4192 1855 4242 voila
1887 4192 2013 4243 donc
2046 4198 2171 4243 cette
2203 4194 2416 4243 fameuse
2449 4152 2683 4243 bune·1n

498 4294 638 4329 coena
661 4275 904 4327 Domini!
977 4276 1227 4326 Plusicurs
1248 4277 1556 4341 dispositione
1595 4277 1656 4327 de
1689 4278 1737 4327 la
1769 4279 1901 4328 bulle
1924 4278 2292 4343 appartiennent
2312 4278 2345 4329 ὲ
2366 4294 2468 4328 une
2488 4294 2685 4341 sagesee

499 4363 796 4427 superieure,
818 4368 867 4409 et
887 4367 1044 4409 tontes
1065 4363 1308 4411 ensemble
1330 4363 1546 4413 auraient
1570 4363 1657 4413 fait
1678 4364 1726 4414 la
1746 4362 1903 4427 police
1923 4364 1984 4414 de
2006 4363 2038 4413 l’
2055 4364 2253 4428 Europe
2274 4380 2338 4415 au
2358 4363 2457 4413 xiv.
2482 4362 2683 4414 siecle?

501 4444 578 4494 De
601 4446 813 4505 Maistre,
837 4446 927 4496 Du
953 4446 1109 4511 Pape-
1133 4444 1164 4494 l.
1187 4444 1236 4493 ii.
1259 4445 1336 4494 ch.
1358 4461 1439 4494 xv.
