3117 5217
1177 571 1291 631 DE
1335 570 1507 629 BEN
1511 569 1840 629 EFICIIS.
2485 574 2605 629 255

1288 1090 1573 1150 CAPUT
1602 1092 1741 1151 VII.

1278 1295 1355 1333 m:
1385 1296 1752 1335 BENEFICIIS.

504 1448 603 1501 88.
646 1444 1000 1502 Beneficium
1026 1444 1474 1503 ecclesiasticum
1504 1454 1739 1505 vocatur
1767 1447 1864 1523 jus
1904 1456 2240 1522 perpetuum
2284 1449 2607 1505 auctoritate

426 1541 707 1600 Ecclesiae
754 1544 1118 1601 constitutum
1155 1543 1529 1620 -pereipiendi
1582 1544 1794 1602 fructus
1839 1562 1913 1601 ex
1965 1545 2132 1602 bonis
2185 1545 2608 1613 ecclesiasticis,

423 1650 658 1716 propter
682 1658 892 1699 munus
918 1642 1230 1718 spirituale.
1316 1644 1417 1701 Sic
1443 1643 1695 1719 parocho
1723 1642 1886 1700 datur
1914 1642 2012 1719 jus
2053 1655 2392 1720 perpetuum
2422 1643 2492 1700 ad
2525 1662 2611 1700 re-

424 1737 572 1797 ditus
600 1739 859 1797 ecclcsiae
888 1742 980 1797 cui
1007 1740 1331 1816 praeficitur,
1362 1741 1516 1813 quod
1554 1760 1673 1799 non
1710 1741 1920 1799 desinit
1957 1740 2160 1808 donec,
2195 1742 2412 1799 ratione
2439 1760 2610 1814 quam

424 1838 798 1913 praescribunt
822 1856 1071 1897 canones
1098 1849 1340 1907 servata,
1364 1850 1586 1897 amotus
1613 1842 1707 1907 sit,
1729 1842 1805 1898 ob
1833 1840 2071 1907 crimen,
2093 1839 2328 1907 scilicet,
2347 1859 2448 1897 scu
2475 1840 2611 1896 irre·

423 1937 813 2013 gularitatem:
854 1936 1047 1995 vicarii
1088 1938 1275 1996 autem
1318 1957 1389 1996 eo
1419 1941 1551 2016 jure
1593 1947 1804 1996 carent.
1886 1938 1996 1996 Jus
2037 1937 2147 1995 hoc
2187 1940 2386 2010 nequit
2409 1938 2611 2014 privati

426 2036 837 2111 cujuscumque
884 2036 1109 2093 arbitrio
1153 2038 1453 2104 eonstitui3
1502 2038 1762 2109 quamvis
1801 2037 1956 2094 enim
1996 2037 2181 2111 possit
2225 2036 2353 2108 quis
2393 2054 2611 2093 annuos

424 2133 635 2191 donare
662 2134 913 2193 redditus
942 2133 1221 2193 sacerdoti
1248 2135 1577 2202 solvendos,
1606 2136 1872 2194 beneficii
1899 2154 2014 2192 non
2043 2134 2282 2193 habetur
2310 2135 2468 2202 rati0,
2498 2135 2613 2191 nisi

424 2232 745 2301 Pontificis‚
775 2232 865 2289 vel
905 2233 1190 2309 episcopi,
1219 2234 1509 2291 sanctione
1556 2232 1878 2291 accedente.
1962 2232 2032 2291 In
2072 2252 2133 2290 re
2173 2232 2453 2291 immobili
2479 2251 2614 2290 con-

425 2331 670 2387 stituitur
692 2330 1053 2396 beneficium,
1082 2332 1131 2388 si
1162 2333 1317 2390 enim
1356 2333 1485 2403 quis
1524 2332 1790 2390 actiones
1818 2330 2009 2399 donet,
2039 2350 2113 2389 ex
2154 2349 2392 2404 quarum
2431 2330 2614 2388 fructu
2708 2393 2716 2403 ,

427 2434 769 2485 sustentetur
794 2427 1079 2495 sacerdos,
1110 2448 1227 2486 non
1253 2430 1578 2493 censebitur
1601 2430 1942 2488 beneficium
1976 2431 2322 2499 instituisse:
2367 2438 2612 2487 attamen

428 2525 489 2569 S-
524 2522 909 2589 Congrogatio
950 2525 1199 2573 docrevit
1236 2528 1547 2591 peticiones
1590 2547 1804 2575 annuam
1833 2548 1866 2576 a
1901 2528 2200 2585 Gubernio
2230 2527 2456 2585 Gallico
2483 2526 2612 2583 loco

428 2612 836 2670 beneficiorum
864 2631 991 2686 quae
1018 2613 1127 2670 sibi
1154 2616 1450 2691 usurpavit
1475 2615 1710 2683 solutas,
1737 2616 2000 2675 beneficii
2044 2617 2218 2675 instar
2257 2636 2386 2676 esse
2427 2618 2612 2690 quoad

424 2711 749 2771 nonnullos.
772 2710 1032 2771 effectus.
1116 2712 1298 2771 Datur
1328 2714 1676 2771 beneficium
1717 2723 1948 2790 propter
1987 2714 2239 2773 officium
2272 2709 2616 2793 spirituale,¹

426 2828 497 2868 v:
528 2830 599 2888 g:
628 2820 861 2887 propter
884 2829 1077 2869 curam
1104 2830 1231 2885 quae
1258 2814 1313 2871 ei
1340 2811 1654 2871 adnectitur
1683 2814 2020 2882 animarum,
2049 2816 2141 2873 vel
2181 2822 2416 2893 propter
2451 2815 2616 2873 hora·

427 2928 565 2967 rum=
581 2910 979 2968 canonicarum
1015 2912 1426 2971 recitationem.

503 3012 603 3066 89.
652 3006 951 3068 Saeculare
977 3007 1181 3068 dicitur
1204 3012 1566 3079 beneficium,
1596 3011 1748 3083 quod
1775 3010 1996 3070 clericis
2025 3013 2384 3071 saecularibus
2417 3012 2609 3071 datur:

423 3106 703 3193 regulare
729 3108 886 3181 quod
908 3108 1194 3185 religiosis
1223 3120 1433 3168 tantum
1462 3110 1870 3168 conferendum
1907 3120 2014 3169 est.
2105 3110 2378 3190 Simplex
2401 3111 2612 3170 benefi-

422 3194 573 3265 cium
603 3207 857 3280 estquod
883 3225 1029 3266 onus
1049 3208 1322 3267 recitandi
1339 3209 1592 3267 officium
1611 3208 1890 3277 divinum,
1909 3211 2000 3268 vel
2021 3210 2264 3270 Missam
2286 3209 2611 3269 celebrandi

424 3305 787 3365 solummodo
812 3325 1007 3366 secum
1036 3306 1179 3367 sert:
1222 3318 1283 3366 ut
1320 3310 1654 3385 capellania,
1683 3309 1932 3386 simplex
1974 3312 2360 3378 canonicatus,
2389 3310 2606 3387 praesti-

427 3407 705 3474 monium,
754 3424 856 3464 seu
902 3406 1087 3483 portio
1128 3424 1204 3465 ex
1242 3408 1606 3483 proventibus
1649 3409 2048 3466 ecclesiasticis
2094 3409 2359 3475 detracta,
2413 3408 2617 3465 collata

422 3502 876 3563 adolescentibus
916 3503 1233 3564 studiorum
1286 3524 1477 3574 causa,
1529 3506 1590 3563 in
1643 3506 1865 3564 titulum
1920 3516 2280 3582 perpetuum.
2364 3503 2610 3581 Duplex

420 3602 761 3661 beneficium
789 3604 881 3661 vel
905 3622 1097 3660 curam
1124 3604 1461 3671 animarum,
1490 3603 1584 3660 vel
1613 3603 2071 3680 jurisdictionem
2114 3605 2172 3661 in
2212 3602 2336 3660 foro
2369 3613 2608 3659 externo

416 3702 719 3777 importat:
762 3718 835 3757 v:
878 3720 948 3777 g:
977 3700 1312 3758 beneficium
1343 3702 1688 3778 parochiale,
1718 3702 1806 3758 vel
1834 3701 2220 3777 episcopatus,
2251 3700 2471 3757 abbatia
2496 3710 2603 3757 etc.

420 3797 715 3858 Manuale
740 3798 1081 3856 beneficium
1102 3808 1332 3857 vocatur
1356 3799 1511 3871 quod
1538 3798 1609 3856 ad
1629 3808 1828 3856 nutum
1846 3798 2129 3857 collatoris
2157 3798 2360 3856 auferri
2387 3798 2604 3874 possit:

357 3958 365 3969 Α
422 3917 492 3955 v:
522 3916 594 3981 g:
624 3897 955 3973 capellania,
986 3914 1155 3969 quam
1184 3898 1313 3969 quis
1341 3897 1490 3973 apud
1530 3916 1596 3954 sc
1635 3898 1942 3963 constituit,
1977 3892 2268 3955 sacerdote
2309 3898 2605 3964 accersito,

427 3997 519 4053 cui
540 4014 614 4053 ex
633 4006 801 4072 pacto
823 4005 1007 4053 certos
1037 3996 1228 4053 tribuit
1242 3995 1516 4065 redditus,
1539 3994 1609 4053 ad
1625 3996 2042 4072 beneplacitum
2065 4015 2231 4054 suum
2253 4017 2267 4054 ε
2289 3996 2398 4054 sed
2422 3997 2610 4054 minus

423 4103 572 4150 recte
601 4093 945 4171 designatur,
976 4111 1154 4165 quum
1182 4094 1526 4152 beneficium
1561 4094 1729 4170 plane
1755 4113 1870 4152 non
1909 4096 2001 4152 sit.
2088 4094 2409 4154 Collatione
2435 4096 2612 4154 libera

426 4192 643 4269 praelati
670 4191 861 4264 aliqua
886 4189 1089 4249 dantur
1126 4192 1432 4251 beneficia:
1476 4194 1714 4251 aliorum
1747 4193 1844 4271 jus
1872 4202 2197 4269 patronatus
2239 4193 2387 4272 apud
2415 4211 2610 4266 quem·

424 4289 557 4349 dam
584 4298 690 4358 est,
720 4290 818 4367 qui
840 4298 1165 4367 praesentat,
1186 4291 1279 4349 vel
1291 4292 1557 4350 nominat
1582 4290 1830 4365 aliquem
1859 4312 1892 4349 a
1919 4292 2148 4369 praelato
2175 4292 2606 4358 instituendum,

588 4476 673 4542 (l)
715 4474 777 4524 C.
798 4476 886 4526 ult.
908 4474 967 4527 de
988 4475 1214 4543 reso-ipt.
1234 4476 1290 4527 in
1314 4477 1361 4525 6.
1382 4482 1433 4526 et
1456 4476 1618 4527 Cone.
1641 4476 1778 4527 Trid.
1800 4476 2057 4529 Senmxxi.
2077 4493 2121 4527 c.
2143 4477 2212 4527 iii.
2235 4476 2294 4529 de
2313 4473 2409 4543 res.
