3117 5217
798 557 912 620 DE
954 555 1218 620 FAMAE
1260 555 1379 619 ΕΤ
1419 553 1798 618 HONORIS
1837 501 2257 618 LAESIONE.
2549 563 2626 618 99

523 727 655 785 141.
698 724 791 784 Ad
841 725 1147 784 consilium
1176 723 1540 802 capiendum,
1581 732 1640 782 et
1676 722 2234 786 ad'eonsolationem
2267 728 2326 786 in
2361 730 2628 789 aemmnis

446 825 819 898 gravissimis,
858 825 1079 884 videtur
1122 824 1291 888 licere
1334 825 1606 882 delictum
1655 825 1906 901 proximi
1959 825 2208 882 revelare
2261 828 2448 886 amico
2491 827 2627 893 fido,

444 923 533 981 vel
557 923 715 999 gravi
744 926 885 992 viro,
914 925 1079 1001 eujus
1108 925 1351 994 consilio
1385 933 1441 981 et
1478 941 1658 999 opera
1697 923 1768 980 ad
1806 923 2098 987 ferendam
2137 923 2510 985 calamitatem
2537 926 2632 984 ad-

432 1020 719 1094 juvemur.
805 1022 1098 1096 Equidem
1146 1023 1398 1080 subsidio
1444 1023 1555 1081 hoc
1601 1021 1898 1080 infirmitas
1947 1022 2195 1082 humana
2233 1023 2352 1082 fere
2388 1023 2626 1101 indiget,

440 1120 594 1190 quod
618 1123 873 1183 subtrahi
899 1141 1017 1181 non
1042 1121 1209 1183 debet
1231 1133 1295 1182 ut
1320 1121 1674 1193 delinquenti
1699 1119 2077 1186 consulatui-‚²
2140 1123 2242 1181 Sic
2269 1124 2472 1183 mulier
2498 1142 2626 1195 quae

438 1237 471 1274 a
499 1223 703 1282 marito
731 1222 1023 1284 molestias
1051 1222 1259 1296 patitur
1285 1220 1676 1285 vehementem
1705 1230 2026 1285 excusatur,
2063 1222 2219 1292 quod
2245 1242 2280 1280 a
2307 1223 2631 1298 propinqua

436 1318 694 1377 solamen
741 1337 1026 1392 quaerens,
1074 1336 1207 1379 suas
1254 1329 1478 1379 enarret
1520 1335 1822 1378 aerumnas·
1909 1317 2198 1380 Caeterum
2251 1321 2625 1382 christianum

435 1415 603 1475 decet
626 1417 925 1478 hominem
953 1417 1022 1476 ad
1051 1417 1237 1476 Deum
1267 1417 1327 1473 in
1356 1417 1523 1474 rebus
1550 1416 1808 1491 angustis
1835 1417 2163 1494 confugere.
2415 1423 2421 1429 “
2675 1414 2683 1422 “

522 1519 657 1576 142.
714 1515 957 1582 Quando
1008 1513 1170 1572 deest
1212 1515 1435 1574 consilii
1478 1515 1816 1582 necessitas»,
1869 1515 1962 1572 vel
2014 1517 2332 1584 solaminis,
2384 1519 2622 1576 venialis

434 1615 635 1674 saltem
672 1625 761 1672 eet
796 1615 967 1690 culpa
1000 1613 1269 1672 delictum
1310 1613 1600 1672 occultum
1631 1612 1842 1670 referre
1881 1614 1972 1670 vel
2013 1615 2114 1672 uni
2155 1615 2278 1672 viro
2319 1595 2495 1692 gravi,
2525 1618 2622 1688 qui

434 1712 577 1772 illud
617 1714 743 1772 aliis
784 1732 899 1772 non
939 1713 1229 1780 revelabit,
1261 1731 1373 1770 nec
1394 1721 1582 1771 utetur
1609 1712 1808 1773 notitia
1841 1713 1901 1770 in
1945 1714 2184 1775 aliorum
2212 1715 2624 1792 praejudicium.

438 1812 537 1872 Sic
562 1810 638 1870 ex
666 1813 731 1870 S.
762 1812 996 1871 Thoma
1020 1812 1338 1888 colligitur:
1374 1820 1413 1848 ‘⁶
1432 1811 1499 1868 Si
1526 1821 1716 1869 autem
1742 1810 1854 1868 hoc
1879 1813 2002 1870 sive
2028 1813 2283 1887 praelat0,
2311 1815 2432 1872 sive
2461 1813 2628 1871 alicui

436 1912 618 1972 amico
646 1931 752 1971 suo
780 1929 853 1969 ex
881 1910 1093 1970 malitia
1118 1911 1309 1976 refert,
1339 1919 1473 1970 tunc
1500 1919 1701 1986 peccat
1725 1911 2056 1970 mortaliter.
2141 1912 2312 1978 Quod
2349 1915 2400 1972 si
2440 1931 2515 1970 ex
2541 1912 2624 1970 in-

433 2013 649 2072 cautela
676 2011 843 2071 alicui
868 2010 1077 2069 dixerit
1100 2009 1230 2071 hoc,
1261 2010 1335 2066 ita
1375 2019 1564 2068 tamen
1591 2007 1746 2081 quod
1787 2029 1902 2070 non
1943 2013 2241 2087 proveniat
2263 2011 2394 2070 inde
2435 2011 2610 2078 aliud,

414 2109 523 2168 ⁴vel
560 2111 813 2177 infamia,
863 2110 955 2169 vel
1000 2109 1340 2185 vituperium
1377 2109 1646 2184 proximo
1685 2107 2058 2180 delinquenti,
2094 2120 2227 2168 tunc
2267 2130 2383 2170 non
2423 2119 2622 2186 peccat

436 2209 759 2276 mortaliter,
785 2208 923 2266 licet
963 2209 1185 2266 incaute
1225 2203 1451 2284 agat.’‘²
1532 2207 1613 2266 Et
1653 2207 1820 2265 alibi:
1867 2208 1991 2265 “Si
2031 2217 2220 2266 autem
2262 2209 2510 2284 proferat
2547 2226 2621 2266 ex

436 2307 609 2365 animi
634 2309 881 2376 levitate,
909 2307 1001 2365 vel
1017 2315 1247 2383 propter
1272 2325 1503 2366 causam
1532 2307 1783 2377 aliquam
1810 2325 1927 2364 non
1966 2309 2366 2374 necessariam,
2396 2325 2512 2366 non
2538 2317 2626 2364 est

432 2415 727 2480 peccatum
743 2407 978 2466 mortale
998 2426 1013 2462 ε
1039 2407 1150 2470 nisi
1168 2406 1310 2464 forte
1330 2407 1566 2464 verbum
1583 2404 1739 2478 quod
1756 2404 1979 2473 dicitur,
1997 2407 2074 2464 sit
2093 2406 2236 2465 adeo
2252 2425 2444 2484 grave,
2467 2405 2622 2478 quod

432 2504 751 2563 notabiliter
782 2506 989 2566 famam
1018 2505 1258 2581 alicujus
1283 2503 1481 2561 laedatz
1524 2515 1582 2560 et
1621 2504 1908 2579 praecipue
1949 2503 2007 2567 in
2049 2505 2139 2569 his
2169 2524 2294 2576 quae
2337 2505 2622 2582 pertinent

432 2602 501 2660 ad
534 2604 889 2664 honestatem
917 2598 1143 2662 vitae.’'³
1224 2602 1596 2661 Excusantur
1622 2611 1815 2658 tamen
1843 2602 2178 2677 plerumque
2206 2623 2239 2660 a
2263 2605 2433 2679 culpa
2459 2603 2622 2662 omni

432 2704 531 2774 qui
558 2703 907 2762 conseris-ario
936 2703 1119 2760 aliena
1148 2710 1379 2777 peccata
1397 2700 1780 2766 manifestant,
1809 2699 1944 2758 dum
1973 2717 2074 2758 sua
2096 2710 2372 2768 enarrant,
2395 2719 2528 2758 nam
2549 2718 2624 2758 ex

361 2869 369 2876 ι
432 2803 623 2861 arcani
649 2801 859 2860 fiducia
884 2812 1121 2859 censent
1144 2801 1339 2858 omnia
1367 2811 1489 2858 tuto
1516 2797 1733 2858 referri.

516 2902 649 2974 143..
695 2901 834 2957 Sive
862 2898 1089 2974 publica
1113 2898 1342 2963 militae,
1372 2897 1495 2954 sive
1535 2895 1775 2972 privata,
1804 2892 2206 2978 manifestandi
2246 2898 2502 2973 proximi
2526 2897 2622 2956 de·

431 2996 562 3056 licta
599 2996 696 3055 det
734 2997 1123 3064 occasionem,
1158 2995 1472 3057 cavendum
1515 3013 1586 3052 ne
1630 2994 1864 3062 malitia,
1917 2995 2180 3058 vindictae
2219 2995 2492 3065 studium,
2525 2989 2626 3056 ‘vel

432 3095 584 3154 aliud
610 3097 809 3154 vitium
838 3114 969 3154 sese
998 3093 1347 3162 immisceat}
1376 3093 1531 3167 quod
1569 3093 1726 3162 enim
1755 3112 1858 3170 per
1883 3111 1945 3150 se
1971 3093 2122 3166 licet,
2152 3097 2202 3152 si
2229 3097 2420 3154 animo
2447 3115 2623 3172 pravo

430 3195 545 3262 fiat,
594 3214 759 3253 noxae
801 3187 1055 3252 habetur.
1142 3193 1236 3252 Ne
1283 3195 1539 3270 pluribus
1589 3212 1760 3265 quam
1806 3211 2044 3278 necesse
2085 3209 2174 3254 est
2217 3195 2314 3252 fiat
2351 3195 2620 3256 revelatio

431 3295 599 3355 etiam
628 3293 981 3361 cavendum3
1010 3303 1069 3350 et
1093 3311 1165 3350 ne
1194 3295 1522 3355 obeausam
1551 3291 1707 3354 haud
1735 3291 1875 3352 adeo
1903 3311 2133 3369 gravem
2153 3293 2426 3355 damnum
2456 3295 2620 3356 famae

434 3395 837 3468 gravissimum
863 3389 1150 3451 inferatur.

515 3496 648 3552 144.
696 3495 839 3560 Quae
868 3492 1093 3567 publica
1120 3500 1252 3572 sunt
1274 3490 1446 3570 jure,
1477 3499 1720 3566 possunt
1755 3488 2030 3565 divulgari
2071 3490 2252 3548 illaesa
2283 3491 2524 3566 justitia,
2568 3499 2626 3546 et

430 3591 767 3664 plerumque
807 3589 1075 3652 charitate
1122 3601 1375 3656 servata:
1420 3591 1470 3646 si
1526 3602 1718 3649 tamen
1771 3589 2052 3646 sententia
2105 3589 2318 3663 prolata
2357 3589 2432 3645 sit
2475 3589 2622 3647 intra

432 3699 595 3766 septa
619 3689 968 3756 monasterii,
998 3690 1092 3746 vel
1115 3689 1175 3746 in
1201 3690 1445 3766 collegio
1472 3688 1685 3761 aliquo,
1729 3705 1845 3744 non
1887 3696 2076 3761 potest
2107 3686 2231 3744 sine
2258 3673 2470 3762 injuria
2493 3704 2625 3744 con·

434 3798 515 3846 tra
533 3788 751 3863 judicis
780 3807 905 3847 eam
932 3788 1167 3846 serentis
1198 3789 1572 3847 intentionem
1599 3785 1901 3859 divulgari.
1986 3783 2250 3845 Charitas
2277 3785 2446 3846 etiam
2473 3795 2626 3847 vetat

431 3905 503 3946 ne
530 3888 813 3948 sente-ntia
830 3888 953 3964 jam
984 3887 1257 3946 oblivioni
1284 3885 1484 3944 tradita
1519 3885 1581 3946 in
1623 3883 1954 3944 memoriam
1995 3893 2309 3951 revocetur,
2337 3902 2467 3942 cum
2497 3905 2626 3964 pro-

429 3985 531 4044 bro
556 3987 658 4045 rei.
743 3987 915 4046 Vetat
941 3988 1149 4062 pariter
1177 4005 1249 4046 ne
1280 3985 1561 4046 sententia
1589 4002 1622 4040 a
1644 3982 1866 4058 privato
1893 3982 2084 4055 aliquo
2111 3983 2380 4042 reseratur
2405 3985 2465 4044 in
2489 3985 2621 4044 loco

428 4083 505 4144 ad
528 4103 697 4158 quem
728 4105 843 4146 non
870 4095 1025 4142 esset
1048 4085 1186 4142 aliae
1227 4090 1597 4171 perventura,
1629 4080 1856 4154 quando
1889 4081 2052 4141 dolor
2078 4083 2253 4144 animi
2282 4083 2416 4142 inde
2441 4083 2622 4142 nasei·

506 4360 589 4424 (1)
629 4359 705 4411 Ita
728 4359 943 4420 Lessiue,
967 4360 1158 4432 aliique.
1661 4361 1745 4426 (2)
1793 4353 2067 4420 Quodlibet,
2085 4360 2152 4410 xi.
2176 4368 2261 4410 art.
2285 4359 2388 4409 xiii.
2413 4361 2475 4409 ad
2501 4363 2548 4408 8.

1066 4447 1149 4510 (3)
1190 4449 1238 4494 2.
1263 4449 1310 4494 2.
1336 4461 1417 4508 qu.
1440 4444 1598 4496 lxxiii.
1622 4451 1708 4493 art.
1731 4445 1781 4495 ii.
1854 4445 2002 4512 Καρ.
