3117 5217
844 544 958 603 DE
1003 543 1450 613 DEPOSITO,
1492 544 1937 612 MANDATo,
1978 545 2173 603 ETC.
2485 546 2597 601 159

417 710 648 779 damno,
676 711 726 767 si
754 708 1034 769 distulerit
1059 710 1228 787 culpa
1253 729 1358 768 sua
1379 704 1426 767 :¹
1465 711 1585 768 imo
1612 711 1824 783 absque
1852 712 2024 787 culpa
2046 728 2279 769 usuram
2306 730 2339 767 a
2364 709 2457 767 die
2486 727 2601 781 quo

419 808 691 867 solvenda
735 816 852 865 erat
896 809 1122 885 pensio,
1172 810 1344 868 solvit
1381 811 1510 887 jure
1539 800 1790 867 nostr0.²
1869 810 2129 867 Tenetur
2172 828 2313 876 rem,
2346 808 2435 865 vel
2474 826 2601 883 per·

419 925 640 974 sonam,
668 926 784 965 non
813 905 1090 965 dimittere
1133 916 1260 965 ante
1288 909 1590 965 terminum
1634 908 2022 976 constitutum,
2067 908 2180 965 nisi
2207 908 2427 983 integra
2464 924 2602 981 pen-

421 1006 583 1063 sione
611 1007 812 1072 soluta‚
843 1006 935 1063 vel
958 1006 1223 1064 locatoris
1250 1007 1548 1082 impetrato
1576 1024 1883 1064 consensu.
1967 1008 2223 1064 Tenetur
2249 1005 2318 1061 ad
2346 1004 2601 1062 modicas

417 1104 708 1179 impensas
736 1106 1084 1163 necessarias
1113 1103 1183 1161 ad
1221 1106 1713 1165 conservationem
1753 1106 1834 1161 rei
1877 1104 2189 1163 conductae.
2273 1103 2421 1161 Eam
2464 1111 2602 1159 tem·

418 1220 555 1277 pore
582 1211 788 1259 statuto
816 1201 986 1261 debet
1008 1203 1244 1260 locatori
1271 1204 1332 1261 in
1356 1203 1506 1259 bono
1533 1212 1677 1260 statu
1704 1202 1963 1261 reddere.
2049 1204 2114 1262 Si
2143 1194 2331 1259 tamen
2358 1201 2601 1276 fulgure,

417 1300 704 1367 fluctibus,
733 1302 1001 1375 procella,
1030 1302 1124 1359 vel
1149 1301 1378 1357 incursu
1406 1299 1603 1358 hostili
1629 1300 1833 1359 domus
1868 1301 2138 1369 diruatur,
2168 1309 2394 1376 pactum
2424 1298 2495 1355 de
2537 1318 2608 1356 ea

416 1398 754 1455 remittenda
779 1400 838 1455 in
863 1400 1016 1457 bono
1043 1406 1188 1456 statu
1217 1415 1334 1457 non
1361 1417 1491 1456 eum
1521 1400 1732 1475 obligat
1756 1400 1825 1457 ad
1853 1420 1977 1458 eam
2006 1398 2447 1459 restaurandam.
2533 1397 2599 1454 Si

420 1515 526 1572 per
551 1505 661 1552 tres
689 1514 916 1553 menses
945 1507 1075 1573 post
1099 1498 1403 1561 terminum
1429 1498 1687 1573 elapsum
1714 1500 1774 1555 in
1802 1481 1973 1555 domo
1998 1498 2181 1555 locata
2205 1505 2471 1562 moretur,
2504 1513 2605 1569 po-

421 1594 548 1650 terit
573 1594 724 1669 ejici,
747 1595 915 1669 juxta
938 1596 1094 1672 leges
1124 1595 1586 1671 Pennsylvaniae,
1610 1598 1933 1654 auctoritate
1962 1596 2201 1654 duorum
2226 1594 2605 1667 quorumlibet

419 1692 848 1767 magistratuum
888 1694 1021 1760 loci,
1063 1704 1360 1769 postquam
1403 1712 1523 1751 rem
1567 1714 1759 1751 coram
1797 1694 2101 1769 duodecim
2139 1694 2343 1771 juratis
2382 1692 2601 1750 civibus

418 1791 897 1865 investigaverint.
982 1791 1144 1849 Idem
1173 1790 1479 1867 dicendum
1508 1794 1559 1848 si
1595 1793 1815 1849 nullum
1842 1803 2059 1851 eertum
2086 1802 2311 1867 tempus
2338 1789 2607 1848 locationi
2632 1830 2649 1845 .

422 1888 591 1946 fuerit
616 1888 969 1965 adsignatum
994 1909 1008 1956 3
1039 1890 1244 1964 poterit
1268 1889 1420 1946 enim
1461 1888 1694 1956 locator,
1723 1892 1773 1948 si
1796 1882 1971 1948 tribus
2000 1891 2289 1949 mensibus
2319 1899 2446 1948 ante
2475 1887 2609 1945 anni

423 1987 727 2043 terminum
752 1988 1034 2045 monuerit
1052 1986 1476 2052 conductorem,
1501 2006 1632 2045 eum
1654 2007 1685 2045 e
1714 1990 2081 2063 possessione
2109 1989 2314 2065 ejicere
2338 2007 2407 2044 ea
2433 2004 2606 2060 quam

422 2085 834 2160 explicavimus
873 2087 1111 2143 ratione.
1197 2084 1344 2141 Haec
1385 2104 1501 2142 non
1540 2087 1844 2157 requiritur
1880 2088 2125 2146 monitio
2166 2086 2393 2159 quaudo
2421 2094 2606 2143 certus

426 2184 698 2240 terminus
725 2184 831 2242 fuit
853 2183 1122 2242 locationi
1163 2185 1478 2261 appositu8‚
1521 2202 1595 2241 eo
1635 2185 1789 2244 enim
1830 2186 2086 2261 impleto,
2114 2185 2275 2243 novit
2299 2184 2609 2241 conductor

423 2299 485 2337 se
512 2279 714 2341 debere
741 2301 860 2339 rem
900 2282 1201 2341 dimittere.
1285 2281 1621 2340 conductor
1658 2291 1879 2341 tenetur
1906 2282 2143 2341 domino
2176 2282 2246 2339 de
2274 2282 2445 2360 culpa
2468 2282 2606 2347 levi,

427 2398 543 2437 non
569 2388 780 2441 tantum
809 2399 932 2448 sua,
960 2381 1060 2437 sed
1083 2381 1252 2439 etiam
1279 2380 1642 2449 famulorum,
1671 2391 1728 2439 et
1746 2382 1991 2443 aliorum
2014 2383 2217 2454 quibus
2246 2382 2370 2458 ipse
2398 2378 2604 2439 aedium

425 2487 642 2554 partem
666 2478 891 2536 locavit.

695 2650 781 2713 (1)
821 2646 880 2695 L.
903 2647 1018 2695 xvii.
1039 2647 1144 2695 cod.
1168 2646 1226 2697 de
1249 2646 1412 2698 heato.

699 2734 786 2795 (2)
826 2732 952 2779 Vide
973 2732 1188 2779 Purdon.
1210 2732 1395 2791 Digest-
1418 2740 1503 2781 art.
1529 2732 1663 2783 Rent
1685 2732 1798 2783 and
1818 2732 2077 2801 Rephvin.
2114 2732 2274 2785 Note&

701 2814 786 2882 (3)
825 2812 884 2867 L.
907 2828 1021 2865 ην.
1043 2813 1093 2868 ff.
1115 2812 1274 2869 locati.

3101 166 3109 1233 .——.—.——ffl—-—.——-—Q—-—-.—i———
3101 62 3109 141 .-——-
3106 0 3108 43 i—
