3117 5217
493 576 614 633 2⁰4
1201 573 1316 632 DE
1359 572 1964 632 CAUTIONIBUS.

494 736 709 803 datum,
733 735 825 793 vel
849 736 924 793 ob
947 736 1252 811 pecuniam
1281 738 1582 810 quotannis
1608 737 1873 805 solutam,
1894 735 2106 812 obligat
2124 754 2187 793 se
2214 736 2455 793 societas
2477 735 2685 808 aliqua,

497 834 588 893 vel
621 835 708 892 vir
742 834 968 907 aliquis,
997 832 1068 891 ad
1107 845 1316 893 certam
1357 837 1615 913 pecuniae
1654 853 1941 893 summam
1968 834 2423 911 persolvendam,
2453 833 2687 907 quando

497 931 781 1006 quendam
809 934 955 991 mori
983 934 1298 1011 contigerit.
1383 934 1629 1001 Quando
1652 936 1793 993 ratio
1828 933 2067 991 habetur
2090 934 2288 1001 aetatis,
2318 932 2679 999 valetudinis,

497 1041 556 1090 et
580 1031 816 1089 aliorum
845 1030 1258 1108 adjunctorum,
1287 1043 1343 1091 et
1369 1034 1613 1111 pretium
1654 1051 1881 1105 aequum
1922 1032 2103 1096 datur,
2132 1041 2449 1090 contractus
2488 1032 2685 1109 hujus-

499 1130 656 1189 modi
679 1130 852 1198 licet3
883 1148 1015 1188 nam
1043 1129 1352 1189 discrimen
1379 1142 1468 1190 est
1492 1130 1777 1206 quoddam
1804 1150 1879 1188 ex
1916 1141 2154 1203 utraque
2182 1140 2359 1205 parte,
2386 1140 2444 1187 et
2468 1130 2683 1197 damni,

499 1231 649 1287 sicut
673 1239 730 1286 et
754 1230 916 1296 lucri,
943 1246 1066 1286 sors
1093 1230 1325 1289 incerta.

584 1330 718 1385 139.
761 1327 1116 1404 Hypotheca
1139 1339 1228 1387 est
1251 1338 1569 1389 contractus
1596 1342 1713 1402 quo
1751 1327 1971 1387 debitor
1993 1345 2116 1384 rem
2145 1326 2393 1399 aliquam
2422 1327 2682 1384 immobi-

500 1428 614 1485 lem
643 1427 905 1485 creditori
932 1426 1141 1504 obligat
1171 1427 1240 1486 ad
1269 1428 1440 1486 debiti
1479 1428 1857 1487 securitatem.
1941 1426 2041 1483 Sic
2080 1424 2252 1492 aedes,
2289 1424 2521 1500 praedia,
2556 1444 2681 1500 pas-

499 1527 612 1585 sim
641 1525 700 1583 in
727 1525 1116 1603 hypothecam
1143 1525 1452 1586 traduntur.
1537 1526 1629 1585 Ea
1652 1535 1741 1583 est
1766 1524 2105 1603 hypothecae
2127 1524 2235 1590 vis,
2262 1510 2325 1580 ut
2347 1542 2520 1581 usura
2544 1524 2681 1599 legi-

499 1626 636 1683 tima
661 1625 934 1684 solvenda
959 1626 1034 1683 sit
1059 1627 1323 1685 creditori
1350 1626 1675 1698 quotannis,
1704 1635 1763 1683 et
1798 1642 1925 1684 sors
1966 1632 2219 1698 tempore
2248 1630 2488 1690 statut03
2531 1622 2682 1694 quod

499 1726 550 1782 si
571 1724 907 1801 negligatur,
929 1726 1138 1801 poterit
1154 1726 1238 1783 rei
1257 1726 1685 1803 possessionem
1706 1725 1815 1785 sibi
1834 1720 2142 1788 vindicare,
2164 1720 2255 1778 vel
2277 1739 2403 1778 eam
2422 1721 2680 1780 venalem

501 1823 796 1891 exhibere,
819 1822 1024 1901 judicii
1051 1835 1240 1883 tamen
1263 1823 1464 1881 ordine
1491 1832 1733 1881 servato.
1818 1822 2003 1881 Navis
2030 1821 2088 1878 in
2110 1819 2494 1897 hypothecam
2522 1819 2686 1878 tradi-

503 1933 593 1979 tur
617 1940 1070 1993 nonnumquam,
1099 1924 1341 1997 pecunia
1369 1931 1565 1979 mutua
1590 1931 1821 1998 accepta
1846 1941 1917 1981 eo
1944 1930 2110 1996 pacto
2130 1929 2193 1978 ut
2226 1918 2587 1995 rependenda
2611 1920 2688 1975 sit

501 2038 632 2077 cum
663 2037 852 2087 usura,
881 2020 1080 2077 itinere
1108 2021 1346 2079 feliciter
1372 2030 1623 2097 peracto,
1652 2020 1757 2078 sed
1794 2020 2037 2079 creditor
2074 2020 2347 2078 immunis
2388 2016 2683 2075 habendus

501 2120 576 2177 sit
619 2120 671 2176 si
715 2136 843 2176 eam
890 2118 1163 2197 demergi,
1210 2121 1302 2178 vel
1354 2120 1492 2178 alias
1539 2121 1727 2196 perire
1768 2110 2118 2197 contigerit.¹
2198 2118 2427 2175 Merces
2480 2117 2685 2190 quibus
2720 2125 2725 2128 ’

503 2219 662 2276 navis
689 2227 951 2277 oneratur
975 2220 1146 2276 etiam
1188 2220 1247 2277 in
1286 2219 1675 2296 hypothecam
1702 2220 1997 2277 traduntur
2036 2216 2208 2275 simili
2250 2214 2469 2293 adjecta
2493 2214 2691 2274 condi-

505 2309 715 2374 tione.²
795 2317 1010 2393 Magna
1037 2318 1370 2393 plerumque
1397 2319 1645 2394 exigitur
1668 2334 1860 2385 usura,
1890 2336 2018 2390 quae
2044 2315 2325 2373 maritima
2363 2314 2587 2382 dicitur,
2616 2316 2689 2372 ob

505 2414 822 2491 periculum
851 2428 1205 2492 susceptum,
1235 2416 1534 2475 duodecim
1564 2436 1669 2493 pro
1696 2428 1947 2483 centum,
1974 2415 2066 2473 vel
2094 2415 2223 2491 plus
2257 2433 2331 2471 ex
2358 2413 2691 2471 contrahen-

507 2514 646 2571 tium
676 2524 880 2589 pacto:
913 2534 1084 2587 quam
1110 2515 1281 2573 licere
1307 2517 1504 2589 liquet,
1535 2535 1713 2589 quum
1745 2517 1844 2593 jus
1872 2514 1941 2573 ad
1968 2524 2199 2581 sortem,
2229 2514 2281 2571 si
2308 2512 2443 2586 quid
2472 2511 2691 2569 adversi

504 2613 822 2689 contigerit,
852 2616 1151 2673 amittatur.

589 2716 723 2770 140.
778 2704 1158 2793 Fidqjusaio³
1196 2723 1286 2771 est
1321 2720 1643 2772 contractus
1682 2731 1799 2785 quo
1840 2712 1966 2785 quis
2006 2710 2248 2788 suscipit
2284 2710 2686 2786 obligationem

509 2811 769 2868 solvendi
789 2810 1040 2869 debitum
1063 2812 1331 2879 alienum,
1354 2812 1402 2867 si
1421 2811 1641 2869 debitor
1660 2812 1784 2887 ipse
1804 2830 1919 2869 non
1942 2812 2140 2868 solvat.
2215 2810 2551 2887 Fidejussor
2568 2828 2686 2867 non

507 2910 784 2983 obligatur
821 2910 1066 2967 strictius
1108 2928 1280 2981 quam
1320 2909 1556 2978 debitor,
1586 2928 1717 2967 nam
1762 2919 1803 2945 ‘⁴
1826 2910 2201 2967 accessorium
2242 2910 2496 2981 sequitur
2535 2916 2691 2965 natu·

506 3024 624 3062 ram
656 3008 985 3082 principalis
1003 3002 1096 3074 ;'’⁴
1120 3008 1470 3084 proindeque
1499 3010 1549 3066 si
1591 3011 1883 3085 contingat
1906 3008 2214 3066 debitorem
2256 3026 2373 3065 non
2413 3006 2686 3083 adstringi

507 3105 582 3162 ob
613 3106 809 3163 vitium
839 3107 982 3163 tituli
1011 3124 1125 3177 quo
1151 3105 1396 3164 creditor
1435 3108 1647 3174 nititur,
1686 3108 1991 3185 fidejussor
2025 3107 2169 3164 liber
2206 3106 2344 3163 erit:
2376 3124 2488 3164 non
2517 3108 2613 3172 ita,
2642 3106 2692 3161 si

507 3202 726 3279 debitor
751 3204 934 3279 impar
959 3204 1256 3272 solvendo,
1285 3206 1563 3262 beneficio
1582 3206 1727 3283 legis
1754 3215 1969 3274 utatur;
1999 3225 2127 3263 nam
2156 3204 2463 3281 fidejussor
2480 3204 2685 3281 ligatus

585 3405 670 3469 (1)
710 3404 1006 3469 “Bottomry
1028 3405 1070 3454 is
1095 3421 1124 3454 a
1146 3412 1361 3455 contraet
1382 3406 1436 3455 in
1457 3407 1539 3456 the
1560 3414 1732 3457 nature
1752 3408 1810 3456 of
1835 3425 1865 3457 a
1885 3414 2131 3469 mortgage
2152 3408 2209 3456 of
2236 3424 2267 3456 a
2287 3406 2411 3471 ship,
2434 3422 2499 3455 on
2520 3406 2682 3454 which

509 3489 592 3539 the
614 3505 778 3539 owner
794 3492 1004 3539 botrows
1023 3507 1218 3554 money,
1243 3498 1292 3539 to
1313 3492 1482 3541 enable
1503 3492 1607 3541 him
1630 3500 1680 3541 to
1697 3494 1753 3541 fit
1774 3499 1860 3542 out
1874 3493 1957 3541 the
1974 3493 2097 3556 ship,
2114 3499 2228 3541 orto
2247 3492 2481 3556 purchase
2500 3508 2529 3539 a
2544 3506 2688 3551 cargo

510 3577 583 3625 for
605 3592 634 3624 a
655 3592 841 3639 voyage
861 3577 1095 3641 proposed
1113 3595 1128 3636 3
1161 3576 1260 3625 and
1279 3578 1476 3640 pledges
1496 3578 1580 3627 the
1600 3580 1708 3627 keel
1730 3595 1782 3627 or
1802 3580 1987 3628 bottom
2008 3579 2066 3627 of
2090 3578 2173 3627 the
2206 3578 2315 3641 ship
2352 3578 2575 3644 (partem
2588 3592 2689 3643 pro

511 3664 636 3727 toto)
665 3678 719 3709 as
742 3679 771 3710 a
793 3662 999 3725 security
1021 3663 1094 3711 for
1112 3662 1195 3710 the
1215 3670 1510 3727 repayment.
1579 3664 1624 3711 It
1646 3663 1689 3711 is
1710 3678 1955 3736 mereor-rer
1976 3663 2247 3726 stipulated,
2282 3664 2386 3712 that
2404 3662 2449 3711 if
2474 3663 2557 3711 the
2578 3662 2689 3727 ship

513 3748 572 3794 be
595 3748 688 3794 lost
708 3746 761 3795 in
783 3748 865 3795 the
887 3764 1055 3797 course
1077 3748 1134 3797 of
1157 3748 1240 3796 the
1263 3764 1462 3811 voyage,
1483 3751 1548 3811 by
1572 3765 1669 3811 any
1692 3749 1748 3797 of
1774 3749 1856 3797 the
1888 3748 2033 3813 peril·
2070 3748 2377 3797 enumerated
2398 3748 2451 3795 in
2471 3747 2553 3795 the
2574 3762 2690 3795 con-

513 3837 650 3888 tract,
672 3832 756 3880 the
779 3834 942 3881 lender
965 3835 1066 3882 also
1087 3834 1212 3882 shall
1233 3834 1336 3881 lose
1351 3834 1429 3882 his
1449 3850 1629 3897 money
1648 3851 1662 3892 3
1684 3836 1772 3883 but
1792 3833 1837 3882 if
1848 3834 1931 3882 the
1954 3834 2065 3897 ship
2086 3834 2260 3881 should
2283 3834 2432 3881 arr-ive
2448 3832 2501 3881 in
2518 3832 2688 3894 safety,

511 3913 629 3983 then
651 3915 713 3963 he
738 3916 860 3964 shall
885 3918 1066 3965 receive
1087 3919 1211 3966 back
1231 3919 1308 3966 his
1329 3920 1582 3981 principaL
1606 3918 1701 3966 and
1724 3919 1825 3966 also
1846 3918 1928 3966 the
1950 3917 2145 3967 interest
2181 3917 2352 3977 agreed
2372 3932 2521 3979 upon,
2543 3930 2687 3975 gene-

512 4000 632 4061 rally
655 3999 806 4047 called
827 4001 911 4049 the
933 4010 946 4033 ⁴
960 4002 1150 4050 Marine
1170 4003 1404 4063 Interes&
1426 4004 1651 4051 however
1672 4002 1769 4051 this
1791 4018 1903 4065 may
1926 4002 2103 4051 exceed
2124 4003 2208 4051 the
2241 4003 2364 4063 legal
2396 4007 2496 4049 rate
2529 3999 2586 4048 of
2611 4000 2686 4048 in-

511 4082 701 4133 terest-''
770 4084 910 4133 Rees'
955 4086 1085 4135 New
1125 4086 1447 4151 Cyclopaedia,
1485 4090 1581 4138 vol.
1619 4105 1665 4136 v,
1701 4094 1789 4139 art.
1810 4088 2089 4157 Bottomry.
2154 4086 2282 4136 Vide
2321 4094 2371 4135 et
2405 4085 2688 4136 Blackston.

515 4168 708 4217 Comm.
731 4169 767 4216 1.
786 4168 836 4218 ii.
859 4186 910 4218 n.
931 4172 1048 4230 458,
1071 4173 1210 4236 cujus
1233 4174 1376 4224 verba
1397 4172 1492 4221 fere
1515 4172 1781 4237 exscripsit.

586 4256 670 4320 (2)
709 4262 739 4287 “
759 4254 1014 4319 Bottomry
1037 4256 1080 4304 is
1119 4274 1150 4305 a
1182 4258 1294 4307 loan
1326 4274 1461 4321 upon
1494 4260 1578 4308 the
1600 4260 1724 4323 ship,
1747 4260 1844 4309 and
1865 4260 2200 4323 respondentia
2220 4240 2354 4323 upon
2374 4259 2458 4307 the
2482 4255 2681 4319 goods.”

512 4338 712 4390 Ibidem.
1549 4346 1554 4354 '
1670 4338 1681 4347 '

583 4428 668 4491 (3)
707 4426 868 4485 Romi,
895 4426 1179 4486 Bau-hond,
1203 4428 1447 4496 Security,
1480 4430 1872 4498 Recognizance.

591 4514 673 4578 (4)
717 4516 762 4571 ξ.
783 4513 815 4561 i.
839 4513 958 4561 Inst.
979 4512 1452 4582 defidejmsoribus.
