<?xml version="1.0" encoding="UTF-8"?>
<!DOCTYPE html PUBLIC "-//W3C//DTD XHTML 1.0 Transitional//EN"
    "http://www.w3.org/TR/xhtml1/DTD/xhtml1-transitional.dtd">
<html xmlns="http://www.w3.org/1999/xhtml" xml:lang="en" lang="en">
 <head>
  <title>
</title>
<meta http-equiv="Content-Type" content="text/html;charset=utf-8" />
  <meta name='ocr-system' content='tesseract 3.04.00' />
  <meta name='ocr-capabilities' content='ocr_page ocr_carea ocr_par ocr_line ocrx_word'/>
</head>
<body>
  <div class='ocr_page' id='page_1' title='image "./theologiaemoral00unkngoog_0332.png"; bbox 0 0 3117 5217; ppageno 0'>
   <div class='ocr_carea' id='block_1_1' title="bbox 452 580 1858 649">
    <p class='ocr_par' dir='ltr' id='par_1_1' title="bbox 452 580 1858 649">
     <span class='ocr_line' id='line_1_1' title="bbox 452 580 1858 649; baseline -0.008 0"><span class='ocrx_word' id='word_1_1' title='bbox 452 594 573 649; x_wconf 74' lang='lat'><strong>318</strong></span> <span class='ocrx_word' id='word_1_2' title='bbox 1224 582 1341 643; x_wconf 85' lang='lat' dir='ltr'><strong>DE</strong></span> <span class='ocrx_word' id='word_1_3' title='bbox 1382 580 1858 643; x_wconf 76' lang='lat' dir='ltr'><strong>scANDALo.</strong></span> 
     </span>
    </p>
   </div>
   <div class='ocr_carea' id='block_1_2' title="bbox 1338 1112 1768 1173">
    <p class='ocr_par' dir='ltr' id='par_1_2' title="bbox 1338 1112 1768 1173">
     <span class='ocr_line' id='line_1_2' title="bbox 1338 1112 1768 1173; baseline 0.002 -3"><span class='ocrx_word' id='word_1_4' title='bbox 1338 1112 1624 1173; x_wconf 84' lang='lat' dir='ltr'>CAPUT</span> <span class='ocrx_word' id='word_1_5' title='bbox 1655 1112 1768 1171; x_wconf 82' lang='lat' dir='ltr'><strong>VI.</strong></span> 
     </span>
    </p>
   </div>
   <div class='ocr_carea' id='block_1_3' title="bbox 1326 1322 1784 1364">
    <p class='ocr_par' dir='ltr' id='par_1_3' title="bbox 1326 1322 1784 1364">
     <span class='ocr_line' id='line_1_3' title="bbox 1326 1322 1784 1364; baseline -0.002 -1"><span class='ocrx_word' id='word_1_6' title='bbox 1326 1322 1405 1363; x_wconf 75' lang='lat' dir='ltr'><strong>M:</strong></span> <span class='ocrx_word' id='word_1_7' title='bbox 1450 1322 1784 1364; x_wconf 70' lang='lat' dir='ltr'><strong>scANnALo.</strong></span> 
     </span>
    </p>
   </div>
   <div class='ocr_carea' id='block_1_4' title="bbox 458 1470 2666 4425">
    <p class='ocr_par' dir='ltr' id='par_1_4' title="bbox 458 1470 2666 3512">
     <span class='ocr_line' id='line_1_4' title="bbox 544 1470 2657 1552; baseline -0.003 -16"><span class='ocrx_word' id='word_1_8' title='bbox 544 1482 678 1537; x_wconf 78' lang='lat'>120.</span> <span class='ocrx_word' id='word_1_9' title='bbox 746 1474 1139 1544; x_wconf 76' lang='lat' dir='ltr'><strong>Scandalum,</strong></span> <span class='ocrx_word' id='word_1_10' title='bbox 1186 1473 1336 1550; x_wconf 87' lang='lat' dir='ltr'><strong>apud</strong></span> <span class='ocrx_word' id='word_1_11' title='bbox 1380 1473 1703 1552; x_wconf 88' lang='lat' dir='ltr'><strong>theologos,</strong></span> <span class='ocrx_word' id='word_1_12' title='bbox 1751 1494 1786 1531; x_wconf 92' lang='lat' dir='ltr'><strong>a</strong></span> <span class='ocrx_word' id='word_1_13' title='bbox 1827 1473 2035 1531; x_wconf 81' lang='lat' dir='ltr'><strong>Graeco</strong></span> <span class='ocrx_word' id='word_1_14' title='bbox 2076 1471 2351 1531; x_wconf 87' lang='lat' dir='ltr'><strong>vocabulo</strong></span> <span class='ocrx_word' id='word_1_15' title='bbox 2393 1470 2657 1523; x_wconf 69' lang='grc' dir='ltr'><strong>σκανδσλον</strong></span> 
     </span>
     <span class='ocr_line' id='line_1_5' title="bbox 458 1570 2653 1655; baseline -0.004 -18"><span class='ocrx_word' id='word_1_16' title='bbox 458 1574 911 1655; x_wconf 79' lang='lat' dir='ltr'><strong>offendiculum,</strong></span> <span class='ocrx_word' id='word_1_17' title='bbox 938 1584 1029 1633; x_wconf 86' lang='lat' dir='ltr'><strong>est</strong></span> <span class='ocrx_word' id='word_1_18' title='bbox 1052 1574 1265 1634; x_wconf 86' lang='lat' dir='ltr'><strong>dictum</strong></span> <span class='ocrx_word' id='word_1_19' title='bbox 1292 1574 1384 1631; x_wconf 87' lang='lat' dir='ltr'><strong>vel</strong></span> <span class='ocrx_word' id='word_1_20' title='bbox 1410 1574 1622 1631; x_wconf 84' lang='lat' dir='ltr'><strong>factum</strong></span> <span class='ocrx_word' id='word_1_21' title='bbox 1648 1576 1840 1632; x_wconf 88' lang='lat' dir='ltr'><strong>minus</strong></span> <span class='ocrx_word' id='word_1_22' title='bbox 1865 1584 2107 1641; x_wconf 86' lang='lat' dir='ltr'><strong>rectum,</strong></span> <span class='ocrx_word' id='word_1_23' title='bbox 2136 1570 2290 1644; x_wconf 91' lang='lat' dir='ltr'><strong>quod</strong></span> <span class='ocrx_word' id='word_1_24' title='bbox 2327 1572 2484 1629; x_wconf 86' lang='lat' dir='ltr'><strong>alteri</strong></span> <span class='ocrx_word' id='word_1_25' title='bbox 2509 1591 2653 1648; x_wconf 80' lang='lat' dir='ltr'><strong>prae-</strong></span> 
     </span>
     <span class='ocr_line' id='line_1_6' title="bbox 458 1670 2651 1751; baseline -0.004 -15"><span class='ocrx_word' id='word_1_26' title='bbox 458 1678 554 1735; x_wconf 86' lang='lat' dir='ltr'><strong>bet</strong></span> <span class='ocrx_word' id='word_1_27' title='bbox 576 1676 939 1735; x_wconf 80' lang='lat' dir='ltr'><strong>occasionem</strong></span> <span class='ocrx_word' id='word_1_28' title='bbox 966 1674 1141 1733; x_wconf 81' lang='lat' dir='ltr'><strong>ruinae</strong></span> <span class='ocrx_word' id='word_1_29' title='bbox 1169 1674 1501 1751; x_wconf 87' lang='lat' dir='ltr'><strong>spiritualis.</strong></span> <span class='ocrx_word' id='word_1_30' title='bbox 1581 1670 1704 1731; x_wconf 81' lang='lat' dir='ltr'><strong>Per</strong></span> <span class='ocrx_word' id='word_1_31' title='bbox 1732 1691 1794 1731; x_wconf 78' lang='lat' dir='ltr'><strong>se</strong></span> <span class='ocrx_word' id='word_1_32' title='bbox 1819 1670 2042 1741; x_wconf 84' lang='lat' dir='ltr'><strong>dicitur,</strong></span> <span class='ocrx_word' id='word_1_33' title='bbox 2072 1671 2302 1745; x_wconf 91' lang='lat' dir='ltr'><strong>quando</strong></span> <span class='ocrx_word' id='word_1_34' title='bbox 2341 1682 2497 1728; x_wconf 82' lang='lat' dir='ltr'><strong>actus</strong></span> <span class='ocrx_word' id='word_1_35' title='bbox 2524 1689 2651 1747; x_wconf 89' lang='lat' dir='ltr'><strong>pra-</strong></span> 
     </span>
     <span class='ocr_line' id='line_1_7' title="bbox 462 1769 2656 1848; baseline -0.004 -15"><span class='ocrx_word' id='word_1_36' title='bbox 462 1792 567 1833; x_wconf 78' lang='lat' dir='ltr'><strong>vus</strong></span> <span class='ocrx_word' id='word_1_37' title='bbox 614 1786 720 1843; x_wconf 87' lang='lat' dir='ltr'><strong>est,</strong></span> <span class='ocrx_word' id='word_1_38' title='bbox 768 1785 826 1833; x_wconf 86' lang='lat' dir='ltr'><strong>et</strong></span> <span class='ocrx_word' id='word_1_39' title='bbox 865 1773 934 1832; x_wconf 92' lang='lat' dir='ltr'><strong>ad</strong></span> <span class='ocrx_word' id='word_1_40' title='bbox 978 1776 1201 1832; x_wconf 87' lang='lat' dir='ltr'><strong>ruinam</strong></span> <span class='ocrx_word' id='word_1_41' title='bbox 1246 1772 1476 1831; x_wconf 85' lang='lat' dir='ltr'><strong>alterius</strong></span> <span class='ocrx_word' id='word_1_42' title='bbox 1520 1772 1770 1830; x_wconf 83' lang='lat' dir='ltr'><strong>directus</strong></span> <span class='ocrx_word' id='word_1_43' title='bbox 1788 1792 1806 1829; x_wconf 72' lang='grc' dir='ltr'><strong><em>ε</em></strong></span> <span class='ocrx_word' id='word_1_44' title='bbox 1851 1772 1934 1831; x_wconf 86' lang='lat' dir='ltr'><strong>uti</strong></span> <span class='ocrx_word' id='word_1_45' title='bbox 1976 1780 2139 1848; x_wconf 87' lang='lat' dir='ltr'><strong>turpe</strong></span> <span class='ocrx_word' id='word_1_46' title='bbox 2187 1771 2534 1843; x_wconf 82' lang='lat' dir='ltr'><strong>colloquium</strong></span> <span class='ocrx_word' id='word_1_47' title='bbox 2577 1769 2656 1826; x_wconf 89' lang='lat' dir='ltr'><strong>ad</strong></span> 
     </span>
     <span class='ocr_line' id='line_1_8' title="bbox 460 1858 2650 1951; baseline -0.004 -18"><span class='ocrx_word' id='word_1_48' title='bbox 460 1873 845 1933; x_wconf 69' lang='lat' dir='ltr'><strong>seducendam</strong></span> <span class='ocrx_word' id='word_1_49' title='bbox 882 1872 1151 1951; x_wconf 85' lang='lat' dir='ltr'><strong>puellam.</strong></span> <span class='ocrx_word' id='word_1_50' title='bbox 1234 1868 1359 1929; x_wconf 82' lang='lat' dir='ltr'><strong>Per</strong></span> <span class='ocrx_word' id='word_1_51' title='bbox 1396 1858 1674 1930; x_wconf 71' lang='lat' dir='ltr'><strong>accidens</strong></span> <span class='ocrx_word' id='word_1_52' title='bbox 1713 1869 2042 1929; x_wconf 88' lang='lat' dir='ltr'><strong>scandalum</strong></span> <span class='ocrx_word' id='word_1_53' title='bbox 2081 1870 2260 1929; x_wconf 88' lang='lat' dir='ltr'><strong>oritur</strong></span> <span class='ocrx_word' id='word_1_54' title='bbox 2297 1888 2372 1927; x_wconf 89' lang='lat' dir='ltr'><strong>ex</strong></span> <span class='ocrx_word' id='word_1_55' title='bbox 2411 1870 2481 1927; x_wconf 87' lang='lat' dir='ltr'><strong>iis</strong></span> <span class='ocrx_word' id='word_1_56' title='bbox 2521 1887 2650 1941; x_wconf 88' lang='lat' dir='ltr'><strong>quae</strong></span> 
     </span>
     <span class='ocr_line' id='line_1_9' title="bbox 459 1968 2664 2048; baseline -0.004 -17"><span class='ocrx_word' id='word_1_57' title='bbox 459 1974 651 2039; x_wconf 87' lang='lat' dir='ltr'><strong>licent,</strong></span> <span class='ocrx_word' id='word_1_58' title='bbox 693 1971 921 2044; x_wconf 85' lang='lat' dir='ltr'><strong>quando</strong></span> <span class='ocrx_word' id='word_1_59' title='bbox 958 1989 1029 2027; x_wconf 91' lang='lat' dir='ltr'><strong>ea</strong></span> <span class='ocrx_word' id='word_1_60' title='bbox 1051 1978 1183 2027; x_wconf 86' lang='lat' dir='ltr'><strong>sunt</strong></span> <span class='ocrx_word' id='word_1_61' title='bbox 1218 1987 1410 2027; x_wconf 89' lang='lat' dir='ltr'><strong>rerum</strong></span> <span class='ocrx_word' id='word_1_62' title='bbox 1450 1969 1722 2048; x_wconf 88' lang='lat' dir='ltr'><strong>adjuncta.</strong></span> <span class='ocrx_word' id='word_1_63' title='bbox 1755 1988 1884 2043; x_wconf 80' lang='lat' dir='ltr'><strong>quae</strong></span> <span class='ocrx_word' id='word_1_64' title='bbox 1921 1969 2130 2027; x_wconf 89' lang='lat' dir='ltr'><strong>malam</strong></span> <span class='ocrx_word' id='word_1_65' title='bbox 2170 1969 2420 2044; x_wconf 87' lang='lat' dir='ltr'><strong>speciem</strong></span> <span class='ocrx_word' id='word_1_66' title='bbox 2458 1969 2530 2025; x_wconf 88' lang='lat' dir='ltr'><strong>iis</strong></span> <span class='ocrx_word' id='word_1_67' title='bbox 2557 1968 2664 2024; x_wconf 86' lang='lat' dir='ltr'><strong>tri·</strong></span> 
     </span>
     <span class='ocr_line' id='line_1_10' title="bbox 460 2065 2658 2147; baseline -0.003 -18"><span class='ocrx_word' id='word_1_68' title='bbox 460 2072 661 2139; x_wconf 86' lang='lat' dir='ltr'><strong>buunt,</strong></span> <span class='ocrx_word' id='word_1_69' title='bbox 704 2078 767 2127; x_wconf 82' lang='lat' dir='ltr'><strong>et</strong></span> <span class='ocrx_word' id='word_1_70' title='bbox 806 2070 1170 2127; x_wconf 87' lang='lat' dir='ltr'><strong>occasionem</strong></span> <span class='ocrx_word' id='word_1_71' title='bbox 1202 2067 1481 2144; x_wconf 85' lang='lat' dir='ltr'><strong>peccandi</strong></span> <span class='ocrx_word' id='word_1_72' title='bbox 1526 2071 1798 2147; x_wconf 83' lang='lat' dir='ltr'><strong>praebent.</strong></span> <span class='ocrx_word' id='word_1_73' title='bbox 1881 2070 1984 2127; x_wconf 91' lang='lat' dir='ltr'><strong>Sic</strong></span> <span class='ocrx_word' id='word_1_74' title='bbox 2024 2068 2075 2126; x_wconf 87' lang='lat' dir='ltr'><strong>si</strong></span> <span class='ocrx_word' id='word_1_75' title='bbox 2119 2065 2331 2125; x_wconf 88' lang='lat' dir='ltr'><strong>donum</strong></span> <span class='ocrx_word' id='word_1_76' title='bbox 2376 2066 2504 2139; x_wconf 89' lang='lat' dir='ltr'><strong>quis</strong></span> <span class='ocrx_word' id='word_1_77' title='bbox 2556 2065 2658 2123; x_wconf 84' lang='lat' dir='ltr'><strong>det</strong></span> 
     </span>
     <span class='ocr_line' id='line_1_11' title="bbox 462 2164 2662 2247; baseline -0.003 -19"><span class='ocrx_word' id='word_1_78' title='bbox 462 2169 689 2247; x_wconf 86' lang='lat' dir='ltr'><strong>puellae,</strong></span> <span class='ocrx_word' id='word_1_79' title='bbox 710 2170 927 2241; x_wconf 77' lang='lat' dir='ltr'><strong>absque</strong></span> <span class='ocrx_word' id='word_1_80' title='bbox 952 2187 1126 2244; x_wconf 82' lang='lat' dir='ltr'><strong>prava</strong></span> <span class='ocrx_word' id='word_1_81' title='bbox 1148 2169 1481 2237; x_wconf 83' lang='lat' dir='ltr'><strong>intentione,</strong></span> <span class='ocrx_word' id='word_1_82' title='bbox 1505 2168 1659 2242; x_wconf 87' lang='lat' dir='ltr'><strong>quod</strong></span> <span class='ocrx_word' id='word_1_83' title='bbox 1686 2178 1876 2228; x_wconf 84' lang='lat' dir='ltr'><strong>tamen</strong></span> <span class='ocrx_word' id='word_1_84' title='bbox 1893 2167 2115 2245; x_wconf 87' lang='lat' dir='ltr'><strong>judicat</strong></span> <span class='ocrx_word' id='word_1_85' title='bbox 2138 2185 2267 2224; x_wconf 82' lang='lat' dir='ltr'><strong>eam</strong></span> <span class='ocrx_word' id='word_1_86' title='bbox 2293 2166 2467 2223; x_wconf 77' lang='lat' dir='ltr'><strong>veluti</strong></span> <span class='ocrx_word' id='word_1_87' title='bbox 2483 2164 2662 2222; x_wconf 83' lang='lat' dir='ltr'><strong>affec·</strong></span> 
     </span>
     <span class='ocr_line' id='line_1_12' title="bbox 465 2264 2663 2345; baseline -0.002 -19"><span class='ocrx_word' id='word_1_88' title='bbox 465 2278 554 2327; x_wconf 83' lang='lat' dir='ltr'><strong>tus</strong></span> <span class='ocrx_word' id='word_1_89' title='bbox 582 2270 745 2327; x_wconf 87' lang='lat' dir='ltr'><strong>nimii</strong></span> <span class='ocrx_word' id='word_1_90' title='bbox 771 2267 1047 2327; x_wconf 87' lang='lat' dir='ltr'><strong>indicium</strong></span> <span class='ocrx_word' id='word_1_91' title='bbox 1074 2278 1391 2345; x_wconf 75' lang='lat' dir='ltr'><strong>acceptare,</strong></span> <span class='ocrx_word' id='word_1_92' title='bbox 1418 2276 1478 2325; x_wconf 91' lang='lat' dir='ltr'><strong>et</strong></span> <span class='ocrx_word' id='word_1_93' title='bbox 1502 2268 1588 2325; x_wconf 83' lang='lat' dir='ltr'><strong>sic</strong></span> <span class='ocrx_word' id='word_1_94' title='bbox 1615 2270 1806 2327; x_wconf 91' lang='lat' dir='ltr'><strong>animo</strong></span> <span class='ocrx_word' id='word_1_95' title='bbox 1833 2268 2036 2335; x_wconf 86' lang='lat' dir='ltr'><strong>vitiari,</strong></span> <span class='ocrx_word' id='word_1_96' title='bbox 2065 2264 2392 2323; x_wconf 88' lang='lat' dir='ltr'><strong>scandalum</strong></span> <span class='ocrx_word' id='word_1_97' title='bbox 2423 2283 2525 2341; x_wconf 89' lang='lat' dir='ltr'><strong>per</strong></span> <span class='ocrx_word' id='word_1_98' title='bbox 2563 2283 2663 2321; x_wconf 84' lang='lat' dir='ltr'><strong>ac·</strong></span> 
     </span>
     <span class='ocr_line' id='line_1_13' title="bbox 464 2362 2658 2443; baseline -0.001 -20"><span class='ocrx_word' id='word_1_99' title='bbox 464 2367 663 2425; x_wconf 78' lang='lat' dir='ltr'><strong>cidens</strong></span> <span class='ocrx_word' id='word_1_100' title='bbox 692 2376 797 2424; x_wconf 85' lang='lat' dir='ltr'><strong>est.</strong></span> <span class='ocrx_word' id='word_1_101' title='bbox 850 2366 1195 2425; x_wconf 86' lang='lat' dir='ltr'><strong>Scandalum</strong></span> <span class='ocrx_word' id='word_1_102' title='bbox 1217 2366 1485 2425; x_wconf 79' lang='lat' dir='ltr'><strong>activum</strong></span> <span class='ocrx_word' id='word_1_103' title='bbox 1510 2366 1780 2441; x_wconf 86' lang='lat' dir='ltr'><strong>estquod</strong></span> <span class='ocrx_word' id='word_1_104' title='bbox 1806 2366 1967 2424; x_wconf 89' lang='lat' dir='ltr'><strong>datur</strong></span> <span class='ocrx_word' id='word_1_105' title='bbox 1991 2366 2060 2423; x_wconf 92' lang='lat' dir='ltr'><strong>ab</strong></span> <span class='ocrx_word' id='word_1_106' title='bbox 2087 2365 2309 2439; x_wconf 86' lang='lat' dir='ltr'><strong>aliqua:</strong></span> <span class='ocrx_word' id='word_1_107' title='bbox 2328 2362 2658 2443; x_wconf 73' lang='lat' dir='ltr'><strong>passivum</strong></span> 
     </span>
     <span class='ocr_line' id='line_1_14' title="bbox 462 2462 2660 2545; baseline -0.001 -23"><span class='ocrx_word' id='word_1_108' title='bbox 462 2474 696 2523; x_wconf 76' lang='lat' dir='ltr'><strong>vocatur</strong></span> <span class='ocrx_word' id='word_1_109' title='bbox 722 2466 887 2523; x_wconf 89' lang='lat' dir='ltr'><strong>ruina</strong></span> <span class='ocrx_word' id='word_1_110' title='bbox 912 2465 1163 2535; x_wconf 83' lang='lat' dir='ltr'><strong>alterius,</strong></span> <span class='ocrx_word' id='word_1_111' title='bbox 1192 2468 1357 2545; x_wconf 82' lang='lat' dir='ltr'><strong>cujus</strong></span> <span class='ocrx_word' id='word_1_112' title='bbox 1385 2467 1612 2525; x_wconf 83' lang='lat' dir='ltr'><strong>occasio</strong></span> <span class='ocrx_word' id='word_1_113' title='bbox 1639 2485 1712 2524; x_wconf 84' lang='lat' dir='ltr'><strong>ex</strong></span> <span class='ocrx_word' id='word_1_114' title='bbox 1753 2466 1905 2527; x_wconf 89' lang='lat' dir='ltr'><strong>dicto</strong></span> <span class='ocrx_word' id='word_1_115' title='bbox 1933 2464 2022 2522; x_wconf 85' lang='lat' dir='ltr'><strong>vel</strong></span> <span class='ocrx_word' id='word_1_116' title='bbox 2046 2464 2197 2522; x_wconf 85' lang='lat' dir='ltr'><strong>facto</strong></span> <span class='ocrx_word' id='word_1_117' title='bbox 2225 2464 2412 2522; x_wconf 89' lang='lat' dir='ltr'><strong>alieno</strong></span> <span class='ocrx_word' id='word_1_118' title='bbox 2440 2462 2660 2520; x_wconf 84' lang='lat' dir='ltr'><strong>deriva-</strong></span> 
     </span>
     <span class='ocr_line' id='line_1_15' title="bbox 465 2561 2652 2643; baseline -0.003 -20"><span class='ocrx_word' id='word_1_119' title='bbox 465 2575 575 2623; x_wconf 85' lang='lat' dir='ltr'><strong>tur.</strong></span> <span class='ocrx_word' id='word_1_120' title='bbox 658 2563 883 2623; x_wconf 87' lang='lat' dir='ltr'><strong>Dicitur</strong></span> <span class='ocrx_word' id='word_1_121' title='bbox 908 2563 1281 2643; x_wconf 77' lang='lat' dir='ltr'><strong>pusillorum</strong></span> <span class='ocrx_word' id='word_1_122' title='bbox 1320 2565 1673 2634; x_wconf 89' lang='lat' dir='ltr'><strong>scandalum,</strong></span> <span class='ocrx_word' id='word_1_123' title='bbox 1703 2565 1854 2639; x_wconf 91' lang='lat' dir='ltr'><strong>quod</strong></span> <span class='ocrx_word' id='word_1_124' title='bbox 1895 2564 2107 2623; x_wconf 81' lang='lat' dir='ltr'><strong>datum</strong></span> <span class='ocrx_word' id='word_1_125' title='bbox 2133 2572 2238 2631; x_wconf 86' lang='lat' dir='ltr'><strong>est,</strong></span> <span class='ocrx_word' id='word_1_126' title='bbox 2267 2562 2496 2635; x_wconf 86' lang='lat' dir='ltr'><strong>quando</strong></span> <span class='ocrx_word' id='word_1_127' title='bbox 2525 2561 2652 2635; x_wconf 90' lang='lat' dir='ltr'><strong>quis</strong></span> 
     </span>
     <span class='ocr_line' id='line_1_16' title="bbox 466 2663 2660 2742; baseline -0.002 -21"><span class='ocrx_word' id='word_1_128' title='bbox 466 2682 767 2741; x_wconf 78' lang='lat' dir='ltr'><strong>perperam</strong></span> <span class='ocrx_word' id='word_1_129' title='bbox 793 2663 1036 2741; x_wconf 88' lang='lat' dir='ltr'><strong>agendo,</strong></span> <span class='ocrx_word' id='word_1_130' title='bbox 1063 2665 1156 2723; x_wconf 86' lang='lat' dir='ltr'><strong>vel</strong></span> <span class='ocrx_word' id='word_1_131' title='bbox 1179 2664 1490 2739; x_wconf 90' lang='lat' dir='ltr'><strong>loquend0‚</strong></span> <span class='ocrx_word' id='word_1_132' title='bbox 1520 2666 1759 2742; x_wconf 87' lang='lat' dir='ltr'><strong>praebuit</strong></span> <span class='ocrx_word' id='word_1_133' title='bbox 1794 2683 1988 2721; x_wconf 85' lang='lat' dir='ltr'><strong>revera</strong></span> <span class='ocrx_word' id='word_1_134' title='bbox 2025 2664 2388 2721; x_wconf 80' lang='lat' dir='ltr'><strong>occasionem</strong></span> <span class='ocrx_word' id='word_1_135' title='bbox 2421 2670 2660 2738; x_wconf 84' lang='lat' dir='ltr'><strong>peccato</strong></span> 
     </span>
     <span class='ocr_line' id='line_1_17' title="bbox 467 2758 2655 2841; baseline -0.003 -20"><span class='ocrx_word' id='word_1_136' title='bbox 467 2763 690 2822; x_wconf 82' lang='lat' dir='ltr'><strong>alieno:</strong></span> <span class='ocrx_word' id='word_1_137' title='bbox 730 2763 898 2821; x_wconf 90' lang='lat' dir='ltr'><strong>sicuti</strong></span> <span class='ocrx_word' id='word_1_138' title='bbox 938 2764 1215 2839; x_wconf 88' lang='lat' dir='ltr'><strong>contingit</strong></span> <span class='ocrx_word' id='word_1_139' title='bbox 1252 2783 1429 2840; x_wconf 87' lang='lat' dir='ltr'><strong>prava</strong></span> <span class='ocrx_word' id='word_1_140' title='bbox 1465 2763 1726 2841; x_wconf 82' lang='lat' dir='ltr'><strong>dogmata</strong></span> <span class='ocrx_word' id='word_1_141' title='bbox 1765 2763 2166 2840; x_wconf 87' lang='lat' dir='ltr'><strong>propugnanti,</strong></span> <span class='ocrx_word' id='word_1_142' title='bbox 2195 2761 2287 2818; x_wconf 84' lang='lat' dir='ltr'><strong>vel</strong></span> <span class='ocrx_word' id='word_1_143' title='bbox 2327 2762 2541 2819; x_wconf 88' lang='lat' dir='ltr'><strong>animas</strong></span> <span class='ocrx_word' id='word_1_144' title='bbox 2581 2758 2655 2816; x_wconf 93' lang='lat' dir='ltr'><strong>ad</strong></span> 
     </span>
     <span class='ocr_line' id='line_1_18' title="bbox 466 2858 2659 2939; baseline -0.001 -21"><span class='ocrx_word' id='word_1_145' title='bbox 466 2862 649 2937; x_wconf 85' lang='lat' dir='ltr'><strong>turpia</strong></span> <span class='ocrx_word' id='word_1_146' title='bbox 676 2860 995 2919; x_wconf 85' lang='lat' dir='ltr'><strong>solicitanti.</strong></span> <span class='ocrx_word' id='word_1_147' title='bbox 1078 2860 1537 2921; x_wconf 63' lang='lat' dir='ltr'><strong>Pharisaeorum</strong></span> <span class='ocrx_word' id='word_1_148' title='bbox 1577 2862 1906 2920; x_wconf 85' lang='lat' dir='ltr'><strong>scandalum</strong></span> <span class='ocrx_word' id='word_1_149' title='bbox 1945 2867 2248 2939; x_wconf 78' lang='lat' dir='ltr'><strong>acceptum</strong></span> <span class='ocrx_word' id='word_1_150' title='bbox 2282 2858 2505 2927; x_wconf 79' lang='lat' dir='ltr'><strong>dicitur,</strong></span> <span class='ocrx_word' id='word_1_151' title='bbox 2531 2875 2659 2916; x_wconf 80' lang='lat' dir='ltr'><strong>non</strong></span> 
     </span>
     <span class='ocr_line' id='line_1_19' title="bbox 470 2957 2658 3036; baseline -0.001 -18"><span class='ocrx_word' id='word_1_152' title='bbox 470 2959 703 3026; x_wconf 84' lang='lat' dir='ltr'><strong>datum,</strong></span> <span class='ocrx_word' id='word_1_153' title='bbox 734 2958 959 3029; x_wconf 90' lang='lat' dir='ltr'><strong>quando</strong></span> <span class='ocrx_word' id='word_1_154' title='bbox 986 2962 1115 3033; x_wconf 89' lang='lat' dir='ltr'><strong>quis</strong></span> <span class='ocrx_word' id='word_1_155' title='bbox 1142 2978 1218 3018; x_wconf 89' lang='lat' dir='ltr'><strong>ex</strong></span> <span class='ocrx_word' id='word_1_156' title='bbox 1246 2972 1369 3020; x_wconf 86' lang='lat' dir='ltr'><strong>actu</strong></span> <span class='ocrx_word' id='word_1_157' title='bbox 1397 2962 1568 3029; x_wconf 90' lang='lat' dir='ltr'><strong>bono,</strong></span> <span class='ocrx_word' id='word_1_158' title='bbox 1599 2962 1688 3019; x_wconf 85' lang='lat' dir='ltr'><strong>vel</strong></span> <span class='ocrx_word' id='word_1_159' title='bbox 1729 2961 1929 3018; x_wconf 80' lang='lat' dir='ltr'><strong>saltem</strong></span> <span class='ocrx_word' id='word_1_160' title='bbox 1967 2960 2141 3027; x_wconf 83' lang='lat' dir='ltr'><strong>licito,</strong></span> <span class='ocrx_word' id='word_1_161' title='bbox 2167 2960 2344 3017; x_wconf 86' lang='lat' dir='ltr'><strong>sumit</strong></span> <span class='ocrx_word' id='word_1_162' title='bbox 2381 2957 2658 3036; x_wconf 87' lang='lat' dir='ltr'><strong>peccandi</strong></span> 
     </span>
     <span class='ocr_line' id='line_1_20' title="bbox 468 3054 2661 3127; baseline -0.002 -10"><span class='ocrx_word' id='word_1_163' title='bbox 468 3059 853 3127; x_wconf 84' lang='lat' dir='ltr'><strong>occasionem,</strong></span> <span class='ocrx_word' id='word_1_164' title='bbox 908 3058 1121 3118; x_wconf 92' lang='lat' dir='ltr'><strong>malitia</strong></span> <span class='ocrx_word' id='word_1_165' title='bbox 1171 3078 1273 3118; x_wconf 87' lang='lat' dir='ltr'><strong>sua</strong></span> <span class='ocrx_word' id='word_1_166' title='bbox 1338 3079 1471 3118; x_wconf 89' lang='lat' dir='ltr'><strong>eum</strong></span> <span class='ocrx_word' id='word_1_167' title='bbox 1534 3070 1877 3119; x_wconf 81' lang='lat' dir='ltr'><strong>excaecante.</strong></span> <span class='ocrx_word' id='word_1_168' title='bbox 1959 3059 2060 3116; x_wconf 88' lang='lat' dir='ltr'><strong>Sic</strong></span> <span class='ocrx_word' id='word_1_169' title='bbox 2113 3058 2410 3125; x_wconf 68' lang='lat' dir='ltr'><strong>Pharisaei,</strong></span> <span class='ocrx_word' id='word_1_170' title='bbox 2465 3054 2661 3115; x_wconf 86' lang='lat' dir='ltr'><strong>audito</strong></span> 
     </span>
     <span class='ocr_line' id='line_1_21' title="bbox 468 3148 2659 3232; baseline -0.001 -17"><span class='ocrx_word' id='word_1_171' title='bbox 468 3157 687 3215; x_wconf 86' lang='lat' dir='ltr'><strong>Christi</strong></span> <span class='ocrx_word' id='word_1_172' title='bbox 738 3155 927 3215; x_wconf 82' lang='lat' dir='ltr'><strong>dicto:</strong></span> <span class='ocrx_word' id='word_1_173' title='bbox 1017 3167 1057 3193; x_wconf 81' lang='lat'><strong>‘⁶</strong></span> <span class='ocrx_word' id='word_1_174' title='bbox 1080 3159 1220 3217; x_wconf 90' lang='lat' dir='ltr'><strong>Non</strong></span> <span class='ocrx_word' id='word_1_175' title='bbox 1272 3158 1427 3232; x_wconf 90' lang='lat' dir='ltr'><strong>quod</strong></span> <span class='ocrx_word' id='word_1_176' title='bbox 1466 3160 1634 3215; x_wconf 85' lang='lat' dir='ltr'><strong>intrat</strong></span> <span class='ocrx_word' id='word_1_177' title='bbox 1681 3159 1740 3216; x_wconf 88' lang='lat' dir='ltr'><strong>in</strong></span> <span class='ocrx_word' id='word_1_178' title='bbox 1786 3177 1876 3227; x_wconf 90' lang='lat' dir='ltr'><strong>os,</strong></span> <span class='ocrx_word' id='word_1_179' title='bbox 1923 3158 2252 3231; x_wconf 87' lang='lat' dir='ltr'><strong>coinquinat</strong></span> <span class='ocrx_word' id='word_1_180' title='bbox 2297 3158 2542 3216; x_wconf 79' lang='lat' dir='ltr'><strong>animam</strong></span> <span class='ocrx_word' id='word_1_181' title='bbox 2561 3148 2659 3223; x_wconf 82' lang='lat'><strong>;”¹</strong></span> 
     </span>
     <span class='ocr_line' id='line_1_22' title="bbox 466 3253 2664 3327; baseline -0 -15"><span class='ocrx_word' id='word_1_182' title='bbox 466 3253 830 3312; x_wconf 85' lang='lat' dir='ltr'><strong>scandalizati</strong></span> <span class='ocrx_word' id='word_1_183' title='bbox 858 3264 1009 3310; x_wconf 84' lang='lat' dir='ltr'><strong>sunt.</strong></span> <span class='ocrx_word' id='word_1_184' title='bbox 1094 3256 1193 3312; x_wconf 88' lang='lat' dir='ltr'><strong>Sic</strong></span> <span class='ocrx_word' id='word_1_185' title='bbox 1226 3266 1281 3313; x_wconf 87' lang='lat' dir='ltr'><strong>et</strong></span> <span class='ocrx_word' id='word_1_186' title='bbox 1318 3257 1543 3314; x_wconf 85' lang='lat' dir='ltr'><strong>sectarii</strong></span> <span class='ocrx_word' id='word_1_187' title='bbox 1582 3257 2054 3327; x_wconf 78' lang='lat' dir='ltr'><strong>scandalizantur,</strong></span> <span class='ocrx_word' id='word_1_188' title='bbox 2084 3255 2379 3315; x_wconf 86' lang='lat' dir='ltr'><strong>catholicis</strong></span> <span class='ocrx_word' id='word_1_189' title='bbox 2415 3255 2664 3315; x_wconf 81' lang='lat' dir='ltr'><strong>nolenti-</strong></span> 
     </span>
     <span class='ocr_line' id='line_1_23' title="bbox 466 3352 2666 3432; baseline -0 -22"><span class='ocrx_word' id='word_1_190' title='bbox 466 3354 573 3410; x_wconf 89' lang='lat' dir='ltr'><strong>bus</strong></span> <span class='ocrx_word' id='word_1_191' title='bbox 601 3352 949 3409; x_wconf 85' lang='lat' dir='ltr'><strong>consortium</strong></span> <span class='ocrx_word' id='word_1_192' title='bbox 976 3371 1107 3411; x_wconf 89' lang='lat' dir='ltr'><strong>cum</strong></span> <span class='ocrx_word' id='word_1_193' title='bbox 1133 3354 1205 3413; x_wconf 87' lang='lat' dir='ltr'><strong>iis</strong></span> <span class='ocrx_word' id='word_1_194' title='bbox 1232 3355 1293 3413; x_wconf 86' lang='lat' dir='ltr'><strong>in</strong></span> <span class='ocrx_word' id='word_1_195' title='bbox 1318 3355 1486 3413; x_wconf 86' lang='lat' dir='ltr'><strong>rebus</strong></span> <span class='ocrx_word' id='word_1_196' title='bbox 1510 3355 1804 3432; x_wconf 85' lang='lat' dir='ltr'><strong>religionis</strong></span> <span class='ocrx_word' id='word_1_197' title='bbox 1831 3356 2010 3417; x_wconf 81' lang='lat' dir='ltr'><strong>inire:</strong></span> <span class='ocrx_word' id='word_1_198' title='bbox 2050 3373 2195 3430; x_wconf 90' lang='lat' dir='ltr'><strong>quos</strong></span> <span class='ocrx_word' id='word_1_199' title='bbox 2221 3354 2441 3414; x_wconf 87' lang='lat' dir='ltr'><strong>idcirco</strong></span> <span class='ocrx_word' id='word_1_200' title='bbox 2461 3353 2666 3412; x_wconf 85' lang='lat' dir='ltr'><strong>existi-</strong></span> 
     </span>
     <span class='ocr_line' id='line_1_24' title="bbox 467 3440 1155 3512; baseline 0 0"><span class='ocrx_word' id='word_1_201' title='bbox 467 3460 626 3512; x_wconf 84' lang='lat' dir='ltr'><strong>mant</strong></span> <span class='ocrx_word' id='word_1_202' title='bbox 650 3451 920 3509; x_wconf 84' lang='lat' dir='ltr'><strong>charitate</strong></span> <span class='ocrx_word' id='word_1_203' title='bbox 944 3440 1155 3512; x_wconf 75' lang='lat' dir='ltr'><strong>carere.</strong></span> 
     </span>
    </p>

    <p class='ocr_par' dir='ltr' id='par_1_5' title="bbox 466 3550 2660 4425">
     <span class='ocr_line' id='line_1_25' title="bbox 553 3550 2652 3628; baseline -0.001 -20"><span class='ocrx_word' id='word_1_204' title='bbox 553 3556 689 3611; x_wconf 83' lang='lat'>121.</span> <span class='ocrx_word' id='word_1_205' title='bbox 733 3552 1079 3611; x_wconf 87' lang='lat' dir='ltr'><strong>Scandalum</strong></span> <span class='ocrx_word' id='word_1_206' title='bbox 1106 3553 1375 3613; x_wconf 82' lang='lat' dir='ltr'><strong>activum</strong></span> <span class='ocrx_word' id='word_1_207' title='bbox 1414 3553 1578 3613; x_wconf 87' lang='lat' dir='ltr'><strong>datur</strong></span> <span class='ocrx_word' id='word_1_208' title='bbox 1602 3553 1830 3628; x_wconf 90' lang='lat' dir='ltr'><strong>quando</strong></span> <span class='ocrx_word' id='word_1_209' title='bbox 1859 3564 2036 3622; x_wconf 87' lang='lat' dir='ltr'><strong>actus,</strong></span> <span class='ocrx_word' id='word_1_210' title='bbox 2077 3555 2169 3613; x_wconf 86' lang='lat' dir='ltr'><strong>vel</strong></span> <span class='ocrx_word' id='word_1_211' title='bbox 2206 3554 2444 3621; x_wconf 86' lang='lat' dir='ltr'><strong>dictum,</strong></span> <span class='ocrx_word' id='word_1_212' title='bbox 2473 3550 2652 3612; x_wconf 85' lang='lat' dir='ltr'><strong>tendit</strong></span> 
     </span>
     <span class='ocr_line' id='line_1_26' title="bbox 470 3650 2654 3731; baseline -0.001 -22"><span class='ocrx_word' id='word_1_213' title='bbox 470 3650 541 3709; x_wconf 91' lang='lat' dir='ltr'><strong>ad</strong></span> <span class='ocrx_word' id='word_1_214' title='bbox 566 3653 789 3711; x_wconf 87' lang='lat' dir='ltr'><strong>ruinam</strong></span> <span class='ocrx_word' id='word_1_215' title='bbox 818 3653 1065 3722; x_wconf 86' lang='lat' dir='ltr'><strong>alterius,</strong></span> <span class='ocrx_word' id='word_1_216' title='bbox 1091 3654 1225 3711; x_wconf 89' lang='lat' dir='ltr'><strong>licet</strong></span> <span class='ocrx_word' id='word_1_217' title='bbox 1259 3653 1383 3711; x_wconf 84' lang='lat' dir='ltr'><strong>haec</strong></span> <span class='ocrx_word' id='word_1_218' title='bbox 1422 3654 1612 3730; x_wconf 89' lang='lat' dir='ltr'><strong>reipsa</strong></span> <span class='ocrx_word' id='word_1_219' title='bbox 1651 3672 1766 3713; x_wconf 89' lang='lat' dir='ltr'><strong>non</strong></span> <span class='ocrx_word' id='word_1_220' title='bbox 1810 3664 2096 3727; x_wconf 87' lang='lat' dir='ltr'><strong>sequatur.</strong></span> <span class='ocrx_word' id='word_1_221' title='bbox 2180 3654 2279 3713; x_wconf 86' lang='lat' dir='ltr'><strong>Sic</strong></span> <span class='ocrx_word' id='word_1_222' title='bbox 2306 3662 2494 3731; x_wconf 78' lang='lat' dir='ltr'><strong>potest</strong></span> <span class='ocrx_word' id='word_1_223' title='bbox 2530 3651 2654 3708; x_wconf 87' lang='lat' dir='ltr'><strong>fieri</strong></span> 
     </span>
     <span class='ocr_line' id='line_1_27' title="bbox 466 3750 2656 3829; baseline -0 -20"><span class='ocrx_word' id='word_1_224' title='bbox 466 3760 529 3809; x_wconf 91' lang='lat' dir='ltr'><strong>ut</strong></span> <span class='ocrx_word' id='word_1_225' title='bbox 553 3750 680 3824; x_wconf 87' lang='lat' dir='ltr'><strong>quis</strong></span> <span class='ocrx_word' id='word_1_226' title='bbox 709 3770 885 3829; x_wconf 89' lang='lat' dir='ltr'><strong>pravo</strong></span> <span class='ocrx_word' id='word_1_227' title='bbox 926 3753 1215 3829; x_wconf 79' lang='lat' dir='ltr'><strong>exemplu,</strong></span> <span class='ocrx_word' id='word_1_228' title='bbox 1244 3754 1337 3811; x_wconf 81' lang='lat' dir='ltr'><strong>vel</strong></span> <span class='ocrx_word' id='word_1_229' title='bbox 1376 3754 1737 3811; x_wconf 86' lang='lat' dir='ltr'><strong>solicitationi</strong></span> <span class='ocrx_word' id='word_1_230' title='bbox 1777 3755 2019 3820; x_wconf 86' lang='lat' dir='ltr'><strong>resistat,</strong></span> <span class='ocrx_word' id='word_1_231' title='bbox 2049 3754 2187 3828; x_wconf 90' lang='lat' dir='ltr'><strong>quin</strong></span> <span class='ocrx_word' id='word_1_232' title='bbox 2227 3754 2467 3811; x_wconf 82' lang='lat' dir='ltr'><strong>crimine</strong></span> <span class='ocrx_word' id='word_1_233' title='bbox 2493 3770 2656 3809; x_wconf 85' lang='lat' dir='ltr'><strong>scan-</strong></span> 
     </span>
     <span class='ocr_line' id='line_1_28' title="bbox 470 3848 2655 3928; baseline 0 -22"><span class='ocrx_word' id='word_1_234' title='bbox 470 3848 583 3906; x_wconf 90' lang='lat' dir='ltr'><strong>dali</strong></span> <span class='ocrx_word' id='word_1_235' title='bbox 610 3850 749 3907; x_wconf 89' lang='lat' dir='ltr'><strong>alter</strong></span> <span class='ocrx_word' id='word_1_236' title='bbox 774 3850 905 3909; x_wconf 90' lang='lat' dir='ltr'><strong>ideo</strong></span> <span class='ocrx_word' id='word_1_237' title='bbox 938 3853 1013 3909; x_wconf 88' lang='lat' dir='ltr'><strong>sit</strong></span> <span class='ocrx_word' id='word_1_238' title='bbox 1036 3852 1329 3911; x_wconf 87' lang='lat' dir='ltr'><strong>immunis.</strong></span> <span class='ocrx_word' id='word_1_239' title='bbox 1414 3853 1555 3910; x_wconf 89' lang='lat' dir='ltr'><strong>Non</strong></span> <span class='ocrx_word' id='word_1_240' title='bbox 1583 3861 1768 3910; x_wconf 89' lang='lat' dir='ltr'><strong>autem</strong></span> <span class='ocrx_word' id='word_1_241' title='bbox 1796 3852 2047 3911; x_wconf 87' lang='lat' dir='ltr'><strong>scandali</strong></span> <span class='ocrx_word' id='word_1_242' title='bbox 2073 3854 2286 3913; x_wconf 85' lang='lat' dir='ltr'><strong>malitia</strong></span> <span class='ocrx_word' id='word_1_243' title='bbox 2311 3870 2540 3928; x_wconf 88' lang='lat' dir='ltr'><strong>semper</strong></span> <span class='ocrx_word' id='word_1_244' title='bbox 2565 3869 2655 3907; x_wconf 88' lang='lat' dir='ltr'><strong>ac-</strong></span> 
     </span>
     <span class='ocr_line' id='line_1_29' title="bbox 470 3946 2653 4035; baseline 0 -28"><span class='ocrx_word' id='word_1_245' title='bbox 470 3946 622 4007; x_wconf 85' lang='lat' dir='ltr'><strong>cedit</strong></span> <span class='ocrx_word' id='word_1_246' title='bbox 662 3959 914 4025; x_wconf 86' lang='lat' dir='ltr'><strong>peccato,</strong></span> <span class='ocrx_word' id='word_1_247' title='bbox 957 3969 1026 4035; x_wconf 85' lang='lat' dir='ltr'><strong>eo</strong></span> <span class='ocrx_word' id='word_1_248' title='bbox 1074 3951 1227 4025; x_wconf 88' lang='lat' dir='ltr'><strong>quod</strong></span> <span class='ocrx_word' id='word_1_249' title='bbox 1272 3970 1465 4011; x_wconf 83' lang='lat' dir='ltr'><strong>coram</strong></span> <span class='ocrx_word' id='word_1_250' title='bbox 1511 3952 1636 4010; x_wconf 91' lang='lat' dir='ltr'><strong>aliis</strong></span> <span class='ocrx_word' id='word_1_251' title='bbox 1675 3952 1808 4019; x_wconf 89' lang='lat' dir='ltr'><strong>fiat;</strong></span> <span class='ocrx_word' id='word_1_252' title='bbox 1839 3951 1952 4009; x_wconf 84' lang='lat' dir='ltr'><strong>sed</strong></span> <span class='ocrx_word' id='word_1_253' title='bbox 1991 3953 2062 4010; x_wconf 84' lang='lat' dir='ltr'><strong>iis</strong></span> <span class='ocrx_word' id='word_1_254' title='bbox 2101 3963 2316 4011; x_wconf 82' lang='lat' dir='ltr'><strong>tantum</strong></span> <span class='ocrx_word' id='word_1_255' title='bbox 2357 3953 2418 4009; x_wconf 90' lang='lat' dir='ltr'><strong>in</strong></span> <span class='ocrx_word' id='word_1_256' title='bbox 2461 3968 2653 4008; x_wconf 88' lang='lat' dir='ltr'><strong>rerum</strong></span> 
     </span>
     <span class='ocr_line' id='line_1_30' title="bbox 470 4044 2656 4127; baseline 0.001 -24"><span class='ocrx_word' id='word_1_257' title='bbox 470 4044 770 4123; x_wconf 83' lang='lat' dir='ltr'><strong>adjunctis,</strong></span> <span class='ocrx_word' id='word_1_258' title='bbox 799 4048 859 4106; x_wconf 90' lang='lat' dir='ltr'><strong>in</strong></span> <span class='ocrx_word' id='word_1_259' title='bbox 888 4051 1090 4121; x_wconf 88' lang='lat' dir='ltr'><strong>quibus</strong></span> <span class='ocrx_word' id='word_1_260' title='bbox 1116 4050 1261 4109; x_wconf 84' lang='lat' dir='ltr'><strong>alios</strong></span> <span class='ocrx_word' id='word_1_261' title='bbox 1282 4050 1353 4109; x_wconf 88' lang='lat' dir='ltr'><strong>ad</strong></span> <span class='ocrx_word' id='word_1_262' title='bbox 1380 4059 1676 4127; x_wconf 86' lang='lat' dir='ltr'><strong>peccatum</strong></span> <span class='ocrx_word' id='word_1_263' title='bbox 1703 4050 1972 4109; x_wconf 90' lang='lat' dir='ltr'><strong>inducere</strong></span> <span class='ocrx_word' id='word_1_264' title='bbox 2001 4060 2194 4111; x_wconf 88' lang='lat' dir='ltr'><strong>natum</strong></span> <span class='ocrx_word' id='word_1_265' title='bbox 2219 4051 2312 4107; x_wconf 85' lang='lat' dir='ltr'><strong>sit.</strong></span> <span class='ocrx_word' id='word_1_266' title='bbox 2355 4050 2456 4109; x_wconf 86' lang='lat' dir='ltr'><strong>Sic</strong></span> <span class='ocrx_word' id='word_1_267' title='bbox 2473 4049 2656 4107; x_wconf 85' lang='lat' dir='ltr'><strong>laicus</strong></span> 
     </span>
     <span class='ocr_line' id='line_1_31' title="bbox 469 4134 2660 4227; baseline 0.001 -25"><span class='ocrx_word' id='word_1_268' title='bbox 469 4146 655 4219; x_wconf 89' lang='lat' dir='ltr'><strong>quiin</strong></span> <span class='ocrx_word' id='word_1_269' title='bbox 684 4153 892 4203; x_wconf 88' lang='lat' dir='ltr'><strong>coetum</strong></span> <span class='ocrx_word' id='word_1_270' title='bbox 934 4147 1225 4224; x_wconf 88' lang='lat' dir='ltr'><strong>publicum</strong></span> <span class='ocrx_word' id='word_1_271' title='bbox 1264 4151 1455 4209; x_wconf 89' lang='lat' dir='ltr'><strong>ebrius</strong></span> <span class='ocrx_word' id='word_1_272' title='bbox 1494 4134 1829 4227; x_wconf 76' lang='lat' dir='ltr'><strong>ingreditur,</strong></span> <span class='ocrx_word' id='word_1_273' title='bbox 1861 4150 2022 4208; x_wconf 83' lang='lat' dir='ltr'><strong>famae</strong></span> <span class='ocrx_word' id='word_1_274' title='bbox 2050 4150 2280 4223; x_wconf 89' lang='lat' dir='ltr'><strong>quidem</strong></span> <span class='ocrx_word' id='word_1_275' title='bbox 2310 4149 2441 4207; x_wconf 88' lang='lat' dir='ltr'><strong>facit</strong></span> <span class='ocrx_word' id='word_1_276' title='bbox 2471 4150 2660 4227; x_wconf 87' lang='lat' dir='ltr'><strong>jactu-</strong></span> 
     </span>
     <span class='ocr_line' id='line_1_32' title="bbox 470 4244 2654 4325; baseline -0 -21"><span class='ocrx_word' id='word_1_277' title='bbox 470 4264 613 4313; x_wconf 87' lang='lat' dir='ltr'><strong>ram,</strong></span> <span class='ocrx_word' id='word_1_278' title='bbox 643 4244 743 4302; x_wconf 88' lang='lat' dir='ltr'><strong>sed</strong></span> <span class='ocrx_word' id='word_1_279' title='bbox 773 4246 1101 4305; x_wconf 85' lang='lat' dir='ltr'><strong>scandalum</strong></span> <span class='ocrx_word' id='word_1_280' title='bbox 1146 4250 1395 4325; x_wconf 83' lang='lat' dir='ltr'><strong>praebere</strong></span> <span class='ocrx_word' id='word_1_281' title='bbox 1422 4250 1519 4306; x_wconf 82' lang='lat' dir='ltr'><strong>vix</strong></span> <span class='ocrx_word' id='word_1_282' title='bbox 1561 4248 1836 4308; x_wconf 89' lang='lat' dir='ltr'><strong>dicendus</strong></span> <span class='ocrx_word' id='word_1_283' title='bbox 1878 4258 1986 4313; x_wconf 82' lang='lat' dir='ltr'><strong>est,</strong></span> <span class='ocrx_word' id='word_1_284' title='bbox 2015 4268 2190 4323; x_wconf 90' lang='lat' dir='ltr'><strong>quum</strong></span> <span class='ocrx_word' id='word_1_285' title='bbox 2232 4249 2330 4307; x_wconf 88' lang='lat' dir='ltr'><strong>alii</strong></span> <span class='ocrx_word' id='word_1_286' title='bbox 2356 4266 2520 4306; x_wconf 87' lang='lat' dir='ltr'><strong>suum</strong></span> <span class='ocrx_word' id='word_1_287' title='bbox 2551 4266 2654 4304; x_wconf 85' lang='lat' dir='ltr'><strong>ex-</strong></span> 
     </span>
     <span class='ocr_line' id='line_1_33' title="bbox 470 4330 2659 4425; baseline 0 -22"><span class='ocrx_word' id='word_1_288' title='bbox 470 4344 723 4423; x_wconf 89' lang='lat' dir='ltr'><strong>emplum</strong></span> <span class='ocrx_word' id='word_1_289' title='bbox 750 4343 904 4403; x_wconf 91' lang='lat' dir='ltr'><strong>haud</strong></span> <span class='ocrx_word' id='word_1_290' title='bbox 929 4346 1044 4403; x_wconf 87' lang='lat' dir='ltr'><strong>sint</strong></span> <span class='ocrx_word' id='word_1_291' title='bbox 1068 4346 1351 4405; x_wconf 88' lang='lat' dir='ltr'><strong>imitaturi.</strong></span> <span class='ocrx_word' id='word_1_292' title='bbox 1436 4348 1489 4406; x_wconf 87' lang='lat' dir='ltr'><strong>E</strong></span> <span class='ocrx_word' id='word_1_293' title='bbox 1530 4358 1724 4407; x_wconf 89' lang='lat' dir='ltr'><strong>contra</strong></span> <span class='ocrx_word' id='word_1_294' title='bbox 1762 4330 2088 4408; x_wconf 78' lang='lat' dir='ltr'><strong>scandalum</strong></span> <span class='ocrx_word' id='word_1_295' title='bbox 2128 4348 2291 4407; x_wconf 89' lang='lat' dir='ltr'><strong>facile</strong></span> <span class='ocrx_word' id='word_1_296' title='bbox 2317 4348 2531 4425; x_wconf 80' lang='lat' dir='ltr'><strong>praebet</strong></span> <span class='ocrx_word' id='word_1_297' title='bbox 2557 4348 2659 4418; x_wconf 89' lang='lat' dir='ltr'><strong>qui</strong></span> 
     </span>
    </p>
   </div>
   <div class='ocr_carea' id='block_1_5' title="bbox 1313 4522 1786 4589">
    <p class='ocr_par' dir='ltr' id='par_1_6' title="bbox 1313 4522 1786 4589">
     <span class='ocr_line' id='line_1_34' title="bbox 1313 4522 1786 4589; baseline 0.008 -20"><span class='ocrx_word' id='word_1_298' title='bbox 1313 4523 1398 4589; x_wconf 90' lang='lat'><strong>(1)</strong></span> <span class='ocrx_word' id='word_1_299' title='bbox 1438 4522 1577 4573; x_wconf 78' lang='lat' dir='ltr'><strong>Matt.</strong></span> <span class='ocrx_word' id='word_1_300' title='bbox 1601 4538 1682 4573; x_wconf 72' lang='lat' dir='ltr'><strong>xv.</strong></span> <span class='ocrx_word' id='word_1_301' title='bbox 1709 4526 1786 4573; x_wconf 87' lang='lat'><strong>11.</strong></span> 
     </span>
    </p>
   </div>
  </div>
 </body>
</html>
