3117 5217
963 575 1077 636 DE
1120 575 1492 636 DOMINIO
1534 576 2048 637 SEMIPLENO.
2525 587 2603 640 85

512 747 643 800 104.
686 743 999 802 Servitutes
1027 743 1251 822 legales
1279 754 1414 802 sunt
1454 763 1581 817 quae
1621 743 1749 821 lege
1789 753 2125 802 statuuntur.
2209 744 2310 802 Sic
2336 747 2430 804 via
2468 749 2608 822 pub-

421 843 529 898 lica
546 843 711 919 juxta
734 844 989 901 canalem
1018 844 1195 901 libera
1233 843 1604 916 relinquenda
1620 852 1752 900 est:
1797 845 1882 900 sic
1925 851 1982 900 et
2005 843 2112 900 viae
2143 843 2242 919 jus
2267 844 2394 920 lege
2421 845 2606 904 vindi-

355 929 367 936 ”
426 947 579 998 catur
603 941 802 1016 praedii
828 943 1149 1001 remotioris
1175 941 1411 1000 domino
1436 951 1499 1000 ut
1522 951 1690 999 exeat
1715 943 1775 999 in
1799 943 1951 1000 viam
1977 942 2284 1018 publicam.

506 1043 640 1097 105.
683 1041 999 1099 Servitutes
1040 1040 1521 1103 conventionales
1567 1059 1642 1097 ex
1680 1050 1848 1117 pacto
1892 1040 2215 1098 derivantur
2261 1043 2406 1099 inter
2451 1045 2606 1102 cives

421 1138 595 1196 libere
624 1141 785 1197 inito,
871 1142 1015 1199 Aliae
1041 1143 1308 1200 dicuntur
1334 1140 1656 1208 continuae,
1685 1159 1812 1212 quae
1841 1138 2052 1212 absque
2073 1151 2202 1198 actu
2228 1141 2478 1199 hominis
2506 1161 2606 1200 ex·

422 1248 704 1307 creentur,
752 1241 900 1296 sicut
944 1240 1329 1311 aquaeductus,
1376 1237 1762 1297 stillicidium:
1805 1239 1930 1296 aliae
1967 1257 2090 1297 non
2133 1239 2432 1299 continuae
2477 1260 2603 1314 quae

423 1347 551 1394 actu
576 1338 829 1396 hominis
858 1337 1114 1414 indigent
1148 1347 1212 1396 ut
1240 1346 1640 1395 exerceantur:
1683 1337 1832 1394 sicut
1869 1337 2090 1394 haurire
2131 1357 2358 1410 aquam,
2397 1359 2606 1416 pecora

421 1454 680 1512 pascere.
764 1437 907 1493 Aliae
936 1445 1066 1493 sunt
1088 1443 1463 1515 apparentes,
1492 1454 1619 1508 quae
1659 1453 1787 1493 sese
1829 1435 2078 1511 produnt
2101 1439 2386 1496 exterius:
2428 1458 2499 1496 v:
2529 1457 2603 1516 g:

410 1535 611 1611 janua,
633 1534 906 1592 fenestra:
951 1535 1072 1592 aliae
1100 1555 1226 1594 non
1259 1541 1612 1614 apparentes
1631 1557 1656 1604 ‚-
1701 1554 1772 1591 v:
1802 1554 1875 1612 g:
1919 1544 1982 1592 ut
2006 1554 2202 1593 murus
2228 1537 2318 1594 vel
2355 1536 2504 1594 oedes
2530 1538 2606 1595 al·

420 1634 535 1698 tius
562 1652 679 1690 non
704 1632 1063 1692 extollantur.

507 1736 641 1789 106.
685 1731 991 1796 Dominus,
1032 1752 1149 1791 non
1174 1731 1307 1790 vero
1346 1732 1817 1799 usufructuariuS,
1843 1731 1936 1789 vel
1973 1731 2116 1789 alius
2157 1732 2228 1790 ad
2253 1743 2477 1809 tempus
2505 1734 2603 1793 do-

422 1849 579 1888 mum
607 1831 697 1889 vel
724 1849 919 1906 agrum
945 1849 1254 1909 occupanS‚
1283 1841 1474 1907 potest
1499 1849 1608 1888 suo
1635 1849 1918 1888 consensu
1949 1833 2278 1891 servitutem
2310 1833 2394 1890 rei
2421 1834 2605 1910 impo-

420 1947 590 1987 nere:
634 1929 734 1986 sed
761 1939 819 1987 et
844 1931 1241 1988 usufructuarii
1266 1947 1584 1989 consensus
1624 1930 1888 2006 exigitur,
1919 1932 2145 2001 quoties
2169 1931 2321 1991 illius
2349 1934 2600 1992 interest.

421 2029 487 2086 Si
514 2028 627 2087 duo
653 2029 897 2087 habeant
916 2047 1223 2088 commune
1249 2030 1333 2086 rei
1353 2029 1691 2096 dominium,
1720 2038 1918 2086 neuter
1957 2030 2173 2103 absque
2213 2030 2390 2089 altero
2417 2042 2604 2107 potest

420 2128 747 2185 servitutem
775 2126 1183 2186 consentiendo
1210 2127 1500 2198 inducere.
1545 2127 1650 2186 Nil
1675 2136 1825 2184 vetat
1845 2129 1984 2199 quin
2003 2129 2206 2187 modus
2233 2129 2327 2186 vel
2353 2131 2602 2189 conditio

418 2229 472 2285 ei
496 2235 828 2303 apponatur.
841 2223 860 2256 ¹
875 2237 879 2245 ’

505 2330 638 2385 107.
680 2326 995 2384 Deficiente
1023 2342 1307 2386 consensu
1332 2345 1473 2384 usus
1499 2325 1797 2384 diuturnus
1825 2327 1940 2384 vim
1981 2327 2214 2385 obtinet.
2297 2326 2436 2384 Jure
2467 2327 2604 2386 Gal·

416 2425 533 2483 lico
560 2444 711 2483 novo
751 2426 979 2501 triginta
1018 2445 1293 2484 annorum
1333 2444 1471 2483 usus
1512 2425 1956 2500 praescriptionis
1997 2427 2114 2483 vim
2142 2426 2330 2492 habet,
2375 2428 2604 2497 quando

422 2525 606 2600 agitur
630 2523 699 2580 de
728 2525 1087 2582 servitutibus
1127 2525 1413 2582 continuis
1455 2533 1513 2580 et
1538 2524 1940 2598 apparentibus
1966 2543 1980 2579 ε
2021 2543 2140 2583 non
2167 2527 2244 2582 ita
2269 2523 2340 2580 de
2368 2526 2604 2583 servitu-

419 2623 571 2680 tibus
598 2641 712 2679 non
739 2623 1157 2698 apparentibus,
1188 2641 1313 2695 quae
1340 2623 1584 2698 exigunt
1607 2622 1840 2678 omnino
1867 2630 2082 2678 certum
2114 2615 2387 2679 titulum.²
2431 2624 2603 2699 Apud

422 2723 644 2799 Anglos
671 2722 872 2799 viginti
898 2723 1031 2780 anni
1060 2721 1351 2779 sufficiunt
1388 2730 1449 2778 ut
1487 2720 1841 2797 praescriptio
1877 2720 2160 2777 servitutis
2189 2719 2406 2776 valeat:
2451 2722 2606 2794 quod

414 2824 511 2900 jus
539 2830 627 2878 est
650 2821 801 2898 apud
827 2841 935 2880 nos
961 2830 1275 2898 receptum,
1304 2799 1566 2894 duamvis
1594 2820 1784 2892 aliqua
1809 2819 1888 2876 sit
1913 2819 2116 2878 alicubi
2145 2820 2404 2877 varietas.

492 3011 574 3074 (1)
612 3007 818 3057 “These
839 3005 1101 3055 servitudes
1122 3023 1176 3054 or
1196 3013 1464 3055 easements
1496 3013 1629 3055 must
1658 3007 1718 3054 be
1752 3005 1942 3054 created
1979 3007 2041 3069 by
2066 3007 2148 3055 the
2182 3023 2360 3066 owner,
2383 3007 2480 3056 and
2501 3023 2595 3057 one

417 3101 586 3142 tenant
604 3094 659 3142 in
679 3109 907 3142 common
928 3099 1108 3141 cannot
1128 3091 1354 3141 establish
1374 3092 1507 3140 them
1530 3107 1666 3155 upon
1687 3091 1768 3140 the
1791 3107 2018 3140 common
2039 3099 2261 3156 property
2284 3093 2491 3142 without
2513 3093 2594 3142 the

419 3186 622 3228 consent
641 3179 698 3227 of
721 3179 801 3227 his
821 3185 1079 3228 co-tenant.
1147 3178 1259 3226 The
1281 3177 1491 3226 exercise
1514 3177 1572 3226 of
1595 3177 1732 3226 these
1753 3179 1907 3226 urban
1930 3177 2026 3227 and
2047 3177 2175 3226 rura]
2197 3178 2460 3227 servitudes
2481 3194 2596 3242 may

418 3267 477 3313 be
498 3263 681 3312 limited
702 3269 753 3310 ιο
774 3261 955 3311 certain
976 3261 1131 3310 times.
1201 3251 1313 3310 The
1333 3261 1460 3323 right
1482 3261 1540 3310 of
1565 3261 1783 3323 drawing
1823 3268 1986 3321 water,
2026 3262 2099 3310 for
2137 3261 2368 3322 iiistauce,
2406 3262 2531 3312 from
2563 3279 2596 3311 a

418 3347 726 3410 neighbour's
747 3349 872 3406 well,
895 3364 1007 3410 may
1029 3349 1091 3396 be
1111 3346 1335 3396 confined
1356 3353 1407 3396 ιο
1430 3347 1610 3396 certain
1631 3347 1794 3406 heure,
1817 3362 1871 3395 or
1891 3363 1921 3395 a
1947 3346 2076 3408 right
2095 3347 2154 3397 of
2177 3363 2379 3410 passage
2401 3363 2514 3410 may
2535 3349 2596 3396 be

416 3433 642 3484 confined
665 3440 715 3482 to
737 3449 767 3482 a
786 3439 893 3497 part
914 3433 971 3482 of
995 3433 1077 3481 the
1098 3432 1239 3496 day.''
1311 3432 1485 3482 Kent’s
1509 3432 1703 3483 Comm.
1725 3433 1820 3482 vol.
1843 3432 1910 3482 iii,
1932 3448 1982 3481 n.
2005 3433 2123 3480 436.

490 3519 575 3584 (2)
615 3514 845 3575 Carriere,
866 3515 925 3565 de
942 3512 1160 3583 justitia
1182 3520 1229 3566 et
1234 3517 1375 3584 jure,
1396 3516 1490 3565 vol.
1512 3515 1561 3564 ii.
1584 3533 1634 3564 11.
1658 3517 1773 3564 697.

491 3603 576 3667 (3)
616 3600 767 3649 “The
789 3599 905 3648 time
926 3601 983 3649 of
996 3601 1251 3650 limitation
1272 3600 1424 3649 varies
1446 3600 1499 3649 in
1521 3599 1776 3664 particular
1797 3605 1958 3646 states.
2027 3597 2185 3655 Thus,
2203 3597 2255 3644 in
2275 3595 2604 3645 Oonnecticut

419 3686 517 3735 and
538 3685 791 3744 Vermont,
811 3685 894 3734 the
916 3693 1038 3734 term
1071 3686 1128 3735 of
1155 3685 1469 3749 prescription
1501 3685 1546 3734 is
1577 3685 1744 3733 fisteen
1777 3697 1932 3746 years,
1966 3681 2061 3730 and
2093 3680 2146 3728 in
2171 3681 2328 3729 South
2361 3679 2607 3741 carolina,

418 3773 513 3821 five
532 3787 686 3835 years.
753 3771 814 3820 In
835 3771 1101 3826 Louisiana
1122 3771 1205 3820 the
1226 3771 1343 3820 time
1364 3771 1421 3820 of
1434 3769 1748 3837 prescription
1769 3766 1924 3815 varies
1945 3764 2202 3826 according
2223 3772 2273 3813 ιο
2295 3765 2378 3814 the
2399 3767 2598 3832 subject,

421 3859 547 3908 from
566 3859 701 3908 three
722 3865 773 3907 ιο
792 3859 941 3924 thirty
961 3875 1115 3922 years.
1184 3859 1287 3908 But
1320 3858 1343 3906 I
1374 3873 1598 3922 presumo
1631 3855 1737 3903 that
1769 3852 2028 3914 generally,
2061 3851 2114 3900 in
2153 3851 2250 3900 this
2281 3859 2502 3917 country,
2522 3870 2600 3904 we

417 3944 579 3993 follow
601 3944 684 3993 the
705 3943 916 4007 English
936 3943 1052 3993 time
1074 3944 1133 3994 of
1155 3942 1481 4007 prescription.
1546 3939 1593 3989 It
1608 3955 1712 3988 was
1731 3953 1786 3986 so
1808 3936 2098 3986 understood
2119 3938 2182 4000 by
2207 3936 2302 3987 Oh.
2323 3937 2356 3987 J
2359 3972 2372 3985 .
2395 3939 2590 4000 Par-ker,

418 4027 473 4076 in
502 4027 721 4098 Gayetty
742 4044 789 4079 v,
811 4028 1055 4088 Betlzwne,
1084 4031 1161 4076 14.
1185 4026 1335 4077 Mass.
1358 4026 1485 4094 Rep.
1504 4027 1588 4084 49,
1623 4023 1720 4074 and
1751 4039 1820 4085 sc,
1853 4025 1970 4084 also,
2001 4022 2056 4074 in
2093 4021 2302 4074 Gilman
2336 4040 2384 4073 v.
2417 4022 2598 4084 thon,

424 4115 456 4159 5
480 4112 547 4160 N.
569 4113 637 4162 H.
661 4113 786 4182 Rep.
810 4115 926 4171 231.
990 4114 1055 4164 In
1077 4111 1344 4161 Louisiana
1364 4111 1447 4159 the
1468 4109 1600 4172 right
1636 4110 1693 4159 of
1717 4110 1833 4182 drip
1866 4109 1910 4158 is
1947 4109 2172 4172 acquir-ed
2192 4110 2256 4172 by
2278 4110 2593 4173 prescription

420 4213 489 4245 on
510 4213 575 4246 an
592 4200 875 4264 enjoyment
894 4197 951 4247 of
964 4206 1047 4248 ten
1066 4211 1207 4261 years
1226 4195 1432 4246 without
1455 4195 1762 4261 complaint.”
1799 4194 1974 4245 Kent's
1998 4193 2190 4244 Comm.
2212 4195 2305 4243 vol.
2323 4193 2392 4244 iii.
2412 4211 2462 4244 n.
2479 4195 2596 4253 442,

422 4281 561 4333 Note.

579 4380 733 4438 Vox„
776 4377 981 4441 IL-s
