3117 5217
483 564 601 617 202
1241 559 1354 617 DE
1397 556 1904 617 SOCIETATE.

558 728 692 783 134.
739 724 991 783 Peccant
1033 726 1178 783 socii
1220 728 1390 785 rebus
1437 724 1837 788 communibus
1878 732 2101 781 utentes
2143 721 2203 777 in
2241 721 2525 797 privatum
2567 721 2657 778 sui

475 822 863 891 commodum,
895 825 1018 883 aliis
1048 823 1236 882 invitis
1260 843 1275 892 3
1305 825 1397 883 vel
1425 824 1647 901 privato
1676 821 1967 881 studentes
1994 822 2173 887 lucr0,
2202 818 2337 877 dum
2366 819 2657 877 communi

478 941 674 980 vacare
701 921 929 981 debent.
1015 925 1256 991 Quoties
1284 943 1382 982 eas
1409 924 1735 999 prodigunt,
1764 921 1973 980 debent
1996 920 2267 978 damnum
2294 919 2420 976 aliis
2442 917 2658 974 illatum

476 1022 782 1107 resarcire3
819 1022 966 1081 sicut
991 1035 1048 1081 et
1096 1023 1304 1081 debent
1345 1026 1404 1082 in
1447 1040 1753 1082 commune
1795 1022 2055 1079 aerarium
2098 1018 2356 1076 conferre
2386 1015 2661 1101 quidquid

479 1121 823 1196 negotiando
865 1124 1248 1194 acquisierint.
1333 1123 1396 1179 Si
1439 1121 1732 1199 negligant
1772 1138 1903 1177 suas
1942 1126 2128 1195 partes
2170 1116 2429 1192 implere,
2477 1115 2569 1171 vel
2610 1112 2661 1169 si

481 1228 692 1276 temere
718 1238 780 1277 se
808 1221 1103 1296 implicent
1143 1222 1384 1297 negotiis
1424 1241 1550 1294 quae
1592 1221 1820 1279 felicem
1857 1219 2072 1276 exitum
2100 1216 2199 1273 vix
2226 1224 2359 1273 sunt
2384 1213 2658 1279 habitura,

483 1320 653 1376 sociis
681 1317 1004 1379 satisfacere
1033 1320 1257 1379 debent.

565 1420 698 1474 135.
732 1419 946 1495 Magna
973 1422 1110 1479 olim
1140 1420 1354 1478 exarsit
1378 1418 1764 1477 controversia
1782 1418 1929 1475 inter
1955 1412 2249 1489 theologos
2278 1413 2348 1469 de
2376 1420 2659 1469 contractu

484 1516 650 1582 trine,
679 1518 780 1589 qui
807 1518 1024 1576 scilicet
1063 1532 1175 1577 tres
1204 1521 1262 1577 in
1306 1536 1368 1575 se
1409 1518 1910 1593 complectebatur,
1953 1513 2213 1586 quamvis
2254 1512 2455 1569 unicus
2500 1510 2660 1566 foret.

489 1610 684 1672 Fiebat
709 1615 834 1673 data
862 1619 930 1674 ab
959 1618 1150 1691 aliquo
1177 1617 1334 1675 alteri
1375 1617 1617 1693 pecunia
1654 1615 1725 1675 ad
1766 1592 2191 1691 negotiandum,
2233 1630 2301 1667 ea
2338 1608 2662 1667 conditione

482 1724 565 1781 ut,
595 1715 654 1771 in
682 1716 841 1773 omni
869 1734 1054 1774 rerum
1082 1727 1310 1782 eventu,
1352 1734 1476 1773 sors
1516 1714 1600 1772 illi
1629 1714 1892 1773 reddetur
1927 1713 2162 1787 integra,
2180 1728 2321 1766 cum
2349 1720 2500 1766 certo
2528 1725 2665 1780 quo-

487 1810 614 1868 dam
656 1813 832 1871 lucr0.
919 1816 1174 1873 Societas
1213 1814 1344 1873 iniri
1379 1816 1738 1881 censebatur,
1782 1831 1955 1885 quum
2002 1811 2142 1868 alter
2167 1809 2490 1885 pecuniam,
2534 1806 2669 1863 alter

486 1910 818 1969 industriam
848 1913 1151 1981 conferret,
1181 1924 1238 1971 et
1263 1913 1490 1988 negotia
1516 1920 1841 1987 gererentur
1879 1912 1938 1968 in
1979 1926 2343 1967 communem
2371 1908 2666 1977 utriusque

489 2009 806 2066 utilitatem.
892 2009 1150 2069 Cavebat
1174 2012 1244 2069 de
1272 2010 1516 2087 pecunia
1546 2014 1737 2073 socius
1781 2010 1938 2078 alter,
1966 2028 2036 2067 ea
2058 2008 2186 2084 lege
2230 2018 2294 2063 ut
2334 2007 2518 2081 major
2542 2021 2669 2081 pars

485 2106 627 2164 lucri
653 2109 762 2166 sibi
790 2109 1034 2179 cederet,
1066 2112 1164 2183 qui
1191 2120 1508 2169 contractus
1537 2108 2010 2171 assecurationis
2038 2106 2221 2164 sortis
2250 2106 2569 2163 dicebatur:
2614 2113 2671 2158 et

484 2224 661 2277 quum
702 2208 918 2268 lucrum
952 2210 1094 2267 soret
1118 2210 1417 2276 incertum,
1445 2208 1516 2265 de
1557 2220 1711 2269 certo
1737 2204 1984 2283 quodam
2010 2206 2169 2265 lucro
2196 2204 2384 2263 dando
2413 2204 2664 2280 pacisce·

488 2303 669 2373 batur,
698 2309 797 2379 qui
825 2320 944 2367 erat
969 2318 1289 2366 contractus
1316 2308 1789 2367 assecurationis
1812 2306 1989 2365 lucri.
2072 2305 2191 2363 Vix
2218 2303 2459 2363 dubitari
2484 2309 2673 2379 potest

487 2414 804 2462 contractus
831 2406 938 2465 hos
966 2406 1220 2465 diversos
1250 2406 1379 2464 iniri
1420 2424 1591 2481 posse
1644 2426 1775 2465 cum
1813 2404 2053 2464 diversis
2095 2404 2423 2463 hominibus
2454 2402 2667 2473 absque

491 2501 608 2558 ulla
631 2521 818 2561 usurae
844 2504 993 2574 labe,
1023 2524 1198 2579 quum
1225 2506 1394 2563 liceat
1422 2503 1492 2561 de
1531 2506 1698 2563 rebus
1725 2505 1956 2564 incertis
1998 2521 2127 2560 cum
2153 2505 2449 2573 utriusque
2478 2498 2671 2557 discri-

487 2601 642 2658 mine
671 2604 882 2679 pacisci
906 2627 920 2663 :
967 2604 1068 2663 sed
1095 2606 1316 2678 quoti‘es
1345 2605 1490 2662 inter
1515 2604 1753 2663 eosdem
1773 2604 1974 2679 agitur,
1997 2600 2412 2659 contendebant
2436 2596 2668 2676 plurimi

489 2697 739 2778 theologi
751 2706 1086 2763 cautionem
1113 2704 1419 2781 praestitam
1462 2700 1531 2759 de
1572 2714 1722 2761 sorte
1761 2700 2053 2760 reddenda
2079 2699 2276 2758 tollere
2316 2700 2667 2760 societatem,

491 2806 548 2853 et
573 2810 832 2859 mutuum
863 2805 1228 2862 constituere.
1313 2799 1605 2873 Equidem
1649 2802 1829 2875 liquet
1870 2808 2124 2858 mutuum
2152 2817 2219 2855 ea
2263 2800 2477 2856 ratione
2518 2812 2673 2869 saepe

493 2897 801 2966 obtectum,
832 2911 1174 2979 quapropter
1214 2900 1410 2957 Sixtus
1451 2898 1528 2955 V.
1559 2909 1908 2958 contractum
1948 2897 2281 2977 hujusmodi
2321 2884 2676 2954 damnavit:¹

492 3005 760 3055 caeterum
787 3017 900 3057 non
931 3009 1152 3059 constat
1189 3018 1318 3057 eum
1360 2996 1534 3056 veluti
1576 3017 1679 3073 per
1715 3016 1779 3055 se
1821 2998 2077 3056 illicitum
2124 2997 2507 3073 reprobatum,
2536 3010 2673 3064 qua-

494 3105 725 3171 propter
752 3116 819 3154 ea
844 3101 985 3157 ratio
1006 3097 1374 3157 contrahendi
1396 3096 1685 3173 plerisque
1706 3099 1765 3155 in
1786 3097 1928 3154 locis
1955 3096 2215 3162 obtinuit,
2243 3096 2341 3153 ubi
2368 3080 2697 3170 prohibitio

495 3194 905 3253 consuetudine
933 3198 1184 3273 mitigata
1209 3205 1313 3263 est,
1342 3215 1440 3253 seu
1474 3196 1761 3273 abrogata.
1844 3195 1991 3253 Litis
2021 3194 2325 3271 diremptio
2352 3213 2425 3251 ex
2452 3198 2676 3249 contro·

493 3293 679 3347 versia
707 3292 774 3351 de
802 3312 973 3351 usura
999 3293 1228 3373 pendet,
1272 3314 1418 3367 quae,
1448 3293 1602 3367 quod
1644 3296 1884 3371 pertinet
1923 3294 1992 3351 ad
2035 3295 2462 3357 commercium,
2492 3287 2677 3346 adhuc

497 3390 602 3447 sub
621 3390 816 3467 judice
844 3389 983 3451 est.²
1062 3395 1130 3453 ln
1157 3393 1584 3470 Pennsylvania
1608 3393 1734 3471 lege
1761 3403 1990 3451 cavetur
2014 3412 2086 3451 ne
2126 3392 2367 3469 pecunia
2410 3391 2468 3447 in
2495 3388 2678 3444 socie·

498 3497 667 3547 tatem
701 3491 900 3549 collata
929 3513 960 3550 a
988 3494 1145 3552 socio
1172 3492 1407 3569 speciali
1434 3493 1489 3551 ei
1514 3491 1795 3560 reddatur,
1825 3493 1935 3550 nisi
1975 3500 2278 3568 postquam
2306 3485 2677 3547 creditoribus

425 3660 432 3665 ι
493 3589 840 3648 satisfactum
886 3592 1071 3651 fuerit.
1157 3590 1444 3650 Caeterum
1486 3593 1827 3666 permittitur
1870 3592 2171 3663 quotannis
2212 3607 2444 3648 usuram
2492 3585 2674 3661 legiti-
2744 3612 2753 3620 ·

499 3706 650 3746 mam
679 3692 958 3767 accipere,
989 3701 1043 3750 et
1068 3692 1210 3750 lucri
1237 3701 1476 3769 partem,
1505 3691 1556 3747 si
1583 3689 1721 3763 quid
1749 3681 2048 3766 supersit.³

572 3875 656 3938 (1)
695 3875 755 3923 In
780 3874 927 3926 Bulla
947 3894 1052 3939 quae
1075 3878 1245 3942 incipit
1267 3877 1600 3930 Detestabilis.

572 3959 656 4021 (2)
697 3958 933 4017 Quamvis
955 3962 1145 4023 pondus
1167 3964 1461 4012 auctoritatis
1485 3964 1712 4012 adversus
1734 3960 2023 4010 sententiam
2047 3976 2153 4022 quae
2176 3960 2307 4009 favet
2328 3972 2484 4007 usurae
2506 3956 2675 4019 huju»

499 4040 632 4089 modi
651 4041 864 4102 inclinet,
887 4050 1098 4093 attamen
1121 4046 1320 4094 libenter
1358 4048 1667 4108 agnoscimus
1702 4053 1919 4095 nostrum
1965 4061 2067 4094 non
2089 4060 2195 4093 esse
2216 4050 2375 4091 tantas
2397 4054 2683 4104 componere

499 4124 622 4173 lites.
689 4134 718 4157 ‘⁴
736 4125 881 4174 Nous
900 4142 964 4175 ne
985 4128 1249 4190 prendrons
1269 4144 1358 4191 pas
1380 4146 1463 4179 sur
1483 4146 1611 4194 nous
1632 4131 1693 4179 de
1732 4129 1927 4179 decidet
1966 4129 2016 4177 la
2038 4127 2263 4190 question
2284 4124 2477 4175 celebre
2499 4124 2583 4186 qui
2604 4128 2679 4171 est

499 4223 671 4257 encore
693 4210 852 4270 agites
873 4217 1005 4258 entre
1027 4212 1097 4260 les
1117 4211 1434 4273 theologiens,
1469 4230 1593 4277 pour
1624 4214 1781 4263 saveir
1812 4213 1855 4261 si
1892 4210 1928 4261 l’
1948 4226 2105 4262 usare
2144 4210 2319 4271 legale,
2353 4225 2421 4257 ou
2443 4207 2475 4257 l’
2498 4206 2682 4255 infir&

498 4293 590 4343 tire
626 4294 694 4342 du
733 4297 846 4357 pret
883 4295 944 4343 de
975 4311 1241 4345 commeree
1275 4305 1348 4346 est
1381 4299 1617 4361 legitime,
1651 4314 1717 4347 ou
1750 4297 1793 4346 si
1826 4296 1869 4346 c’
1905 4304 1979 4345 est
1999 4312 2097 4345 une
2118 4294 2341 4360 injustice
2363 4293 2681 4355 qui-emporte

500 4380 718 4443 toujours
756 4378 788 4428 l’
812 4380 1072 4441 obligation
1110 4381 1170 4429 de
1207 4382 1471 4431 restituer.”
1541 4382 1755 4444 Bergier,
1792 4379 2123 4431 Dictionnaire
2178 4378 2239 4427 de
2276 4375 2565 4437 Theologie,
2598 4380 2685 4425 ⁰¹²·

516 4462 686 4514 Usure.

575 4550 659 4615 (3)
696 4548 824 4599 Vide
846 4547 1002 4617 legem
1022 4566 1182 4619 supra
1203 4551 1284 4603 cit.
