<?xml version="1.0" encoding="UTF-8"?>
<!DOCTYPE html PUBLIC "-//W3C//DTD XHTML 1.0 Transitional//EN"
    "http://www.w3.org/TR/xhtml1/DTD/xhtml1-transitional.dtd">
<html xmlns="http://www.w3.org/1999/xhtml" xml:lang="en" lang="en">
 <head>
  <title>
</title>
<meta http-equiv="Content-Type" content="text/html;charset=utf-8" />
  <meta name='ocr-system' content='tesseract 3.04.00' />
  <meta name='ocr-capabilities' content='ocr_page ocr_carea ocr_par ocr_line ocrx_word'/>
</head>
<body>
  <div class='ocr_page' id='page_1' title='image "./theologiaemoral00unkngoog_0044.png"; bbox 0 0 3117 5217; ppageno 0'>
   <div class='ocr_carea' id='block_1_1' title="bbox 591 600 2425 673">
    <p class='ocr_par' dir='ltr' id='par_1_1' title="bbox 591 600 2425 673">
     <span class='ocr_line' id='line_1_1' title="bbox 591 600 2425 673; baseline -0.003 -10"><span class='ocrx_word' id='word_1_1' title='bbox 591 608 670 663; x_wconf 79' lang='lat'>30</span> <span class='ocrx_word' id='word_1_2' title='bbox 936 604 1048 663; x_wconf 88' lang='lat' dir='ltr'>DE</span> <span class='ocrx_word' id='word_1_3' title='bbox 1097 604 1203 663; x_wconf 86' lang='lat' dir='ltr'>IIS</span> <span class='ocrx_word' id='word_1_4' title='bbox 1245 604 1446 673; x_wconf 84' lang='lat' dir='ltr'>QUAE</span> <span class='ocrx_word' id='word_1_5' title='bbox 1491 600 1863 661; x_wconf 89' lang='lat' dir='ltr'>DOMINIO</span> <span class='ocrx_word' id='word_1_6' title='bbox 1904 601 2425 663; x_wconf 81' lang='lat' dir='ltr'>SUBJACENT.</span> 
     </span>
    </p>
   </div>
   <div class='ocr_carea' id='block_1_2' title="bbox 1511 1169 1922 1229">
    <p class='ocr_par' dir='ltr' id='par_1_2' title="bbox 1511 1169 1922 1229">
     <span class='ocr_line' id='line_1_2' title="bbox 1511 1169 1922 1229; baseline 0 -2"><span class='ocrx_word' id='word_1_7' title='bbox 1511 1169 1801 1229; x_wconf 87' lang='lat' dir='ltr'><strong>CAPUT</strong></span> <span class='ocrx_word' id='word_1_8' title='bbox 1842 1170 1922 1229; x_wconf 94' lang='lat'>11.</span> 
     </span>
    </p>
   </div>
   <div class='ocr_carea' id='block_1_3' title="bbox 1151 1378 2232 1424">
    <p class='ocr_par' dir='ltr' id='par_1_3' title="bbox 1151 1378 2232 1424">
     <span class='ocr_line' id='line_1_3' title="bbox 1151 1378 2232 1424; baseline -0.002 -5"><span class='ocrx_word' id='word_1_9' title='bbox 1151 1379 1228 1419; x_wconf 77' lang='lat' dir='ltr'>DE</span> <span class='ocrx_word' id='word_1_10' title='bbox 1271 1379 1350 1419; x_wconf 89' lang='lat' dir='ltr'>11s</span> <span class='ocrx_word' id='word_1_11' title='bbox 1393 1378 1529 1424; x_wconf 71' lang='lat' dir='ltr'>QUAE:</span> <span class='ocrx_word' id='word_1_12' title='bbox 1575 1378 1833 1419; x_wconf 77' lang='lat' dir='ltr'>nomme</span> <span class='ocrx_word' id='word_1_13' title='bbox 1872 1378 2232 1419; x_wconf 56' lang='lat' dir='ltr'>sumam-:Nm</span> 
     </span>
    </p>
   </div>
   <div class='ocr_carea' id='block_1_4' title="bbox 535 1529 2777 4277">
    <p class='ocr_par' dir='ltr' id='par_1_4' title="bbox 535 1529 2773 3090">
     <span class='ocr_line' id='line_1_4' title="bbox 677 1529 2755 1603; baseline -0.004 -10"><span class='ocrx_word' id='word_1_14' title='bbox 677 1537 736 1592; x_wconf 83' lang='lat'>6.</span> <span class='ocrx_word' id='word_1_15' title='bbox 779 1532 971 1592; x_wconf 85' lang='lat' dir='ltr'>Famae</span> <span class='ocrx_word' id='word_1_16' title='bbox 999 1550 1117 1589; x_wconf 81' lang='lat' dir='ltr'>suoe</span> <span class='ocrx_word' id='word_1_17' title='bbox 1143 1530 1318 1589; x_wconf 89' lang='lat' dir='ltr'>homo</span> <span class='ocrx_word' id='word_1_18' title='bbox 1344 1529 1585 1603; x_wconf 81' lang='lat' dir='ltr'><strong>quilibet</strong></span> <span class='ocrx_word' id='word_1_19' title='bbox 1608 1540 1697 1587; x_wconf 88' lang='lat' dir='ltr'>est</span> <span class='ocrx_word' id='word_1_20' title='bbox 1720 1529 2023 1598; x_wconf 89' lang='lat' dir='ltr'>dominus;</span> <span class='ocrx_word' id='word_1_21' title='bbox 2052 1548 2179 1587; x_wconf 89' lang='lat' dir='ltr'>eam</span> <span class='ocrx_word' id='word_1_22' title='bbox 2204 1538 2395 1589; x_wconf 87' lang='lat' dir='ltr'>tamen</span> <span class='ocrx_word' id='word_1_23' title='bbox 2416 1548 2585 1588; x_wconf 86' lang='lat' dir='ltr'>nemo</span> <span class='ocrx_word' id='word_1_24' title='bbox 2610 1530 2755 1589; x_wconf 85' lang='lat' dir='ltr'>debet</span> 
     </span>
     <span class='ocr_line' id='line_1_5' title="bbox 597 1628 2757 1710; baseline -0.003 -19"><span class='ocrx_word' id='word_1_25' title='bbox 597 1634 814 1707; x_wconf 78' lang='lat' dir='ltr'>absque</span> <span class='ocrx_word' id='word_1_26' title='bbox 843 1632 1001 1710; x_wconf 88' lang='lat' dir='ltr'>gravi</span> <span class='ocrx_word' id='word_1_27' title='bbox 1028 1648 1200 1689; x_wconf 89' lang='lat' dir='ltr'>causa</span> <span class='ocrx_word' id='word_1_28' title='bbox 1217 1629 1538 1705; x_wconf 84' lang='lat' dir='ltr'>prodigere,</span> <span class='ocrx_word' id='word_1_29' title='bbox 1570 1648 1745 1701; x_wconf 89' lang='lat' dir='ltr'>quum</span> <span class='ocrx_word' id='word_1_30' title='bbox 1764 1630 2103 1706; x_wconf 86' lang='lat' dir='ltr'>plerumque</span> <span class='ocrx_word' id='word_1_31' title='bbox 2128 1629 2190 1687; x_wconf 87' lang='lat' dir='ltr'>in</span> <span class='ocrx_word' id='word_1_32' title='bbox 2216 1628 2457 1687; x_wconf 86' lang='lat' dir='ltr'>aliorum</span> <span class='ocrx_word' id='word_1_33' title='bbox 2483 1631 2757 1688; x_wconf 84' lang='lat' dir='ltr'>utilitatem</span> 
     </span>
     <span class='ocr_line' id='line_1_6' title="bbox 597 1727 2753 1809; baseline -0.004 -19"><span class='ocrx_word' id='word_1_34' title='bbox 597 1734 816 1809; x_wconf 83' lang='lat' dir='ltr'>integ-ra</span> <span class='ocrx_word' id='word_1_35' title='bbox 839 1731 989 1792; x_wconf 88' lang='lat' dir='ltr'>fama</span> <span class='ocrx_word' id='word_1_36' title='bbox 1014 1738 1208 1789; x_wconf 85' lang='lat' dir='ltr'>nostra</span> <span class='ocrx_word' id='word_1_37' title='bbox 1226 1727 1503 1785; x_wconf 87' lang='lat' dir='ltr'>redundet</span> <span class='ocrx_word' id='word_1_38' title='bbox 1520 1747 1535 1796; x_wconf 86' lang='lat'><strong>;</strong></span> <span class='ocrx_word' id='word_1_39' title='bbox 1565 1738 1913 1806; x_wconf 88' lang='lat' dir='ltr'>quapropter</span> <span class='ocrx_word' id='word_1_40' title='bbox 1930 1746 2093 1787; x_wconf 84' lang='lat' dir='ltr'>sacra</span> <span class='ocrx_word' id='word_1_41' title='bbox 2112 1728 2404 1802; x_wconf 85' lang='lat' dir='ltr'><strong>Scriptura</strong></span> <span class='ocrx_word' id='word_1_42' title='bbox 2430 1747 2535 1785; x_wconf 87' lang='lat' dir='ltr'>nos</span> <span class='ocrx_word' id='word_1_43' title='bbox 2554 1740 2753 1787; x_wconf 89' lang='lat' dir='ltr'>monet:</span> 
     </span>
     <span class='ocr_line' id='line_1_7' title="bbox 601 1820 2763 1905; baseline -0.003 -17"><span class='ocrx_word' id='word_1_44' title='bbox 601 1842 640 1865; x_wconf 92' lang='grc'>“</span> <span class='ocrx_word' id='word_1_45' title='bbox 659 1850 850 1888; x_wconf 86' lang='lat' dir='ltr'>curam</span> <span class='ocrx_word' id='word_1_46' title='bbox 877 1830 1020 1887; x_wconf 85' lang='lat' dir='ltr'>habe</span> <span class='ocrx_word' id='word_1_47' title='bbox 1049 1827 1119 1885; x_wconf 91' lang='lat' dir='ltr'>de</span> <span class='ocrx_word' id='word_1_48' title='bbox 1159 1829 1309 1885; x_wconf 90' lang='lat' dir='ltr'>bono</span> <span class='ocrx_word' id='word_1_49' title='bbox 1337 1828 1568 1884; x_wconf 89' lang='lat' dir='ltr'>nomine</span> <span class='ocrx_word' id='word_1_50' title='bbox 1588 1820 1675 1883; x_wconf 87' lang='lat'><strong>:’&#39;¹</strong></span> <span class='ocrx_word' id='word_1_51' title='bbox 1698 1837 1755 1885; x_wconf 87' lang='lat' dir='ltr'>et</span> <span class='ocrx_word' id='word_1_52' title='bbox 1779 1828 2177 1905; x_wconf 79' lang='lat' dir='ltr'>Augustinus:</span> <span class='ocrx_word' id='word_1_53' title='bbox 2210 1835 2249 1862; x_wconf 80' lang='lat'>‘⁸</span> <span class='ocrx_word' id='word_1_54' title='bbox 2266 1828 2433 1885; x_wconf 86' lang='lat' dir='ltr'>nobis</span> <span class='ocrx_word' id='word_1_55' title='bbox 2462 1828 2763 1885; x_wconf 88' lang='lat' dir='ltr'>necessaria</span> 
     </span>
     <span class='ocr_line' id='line_1_8' title="bbox 597 1917 2767 2001; baseline -0.002 -15"><span class='ocrx_word' id='word_1_56' title='bbox 597 1941 686 1986; x_wconf 88' lang='lat' dir='ltr'>est</span> <span class='ocrx_word' id='word_1_57' title='bbox 711 1929 824 1986; x_wconf 85' lang='lat' dir='ltr'>vita</span> <span class='ocrx_word' id='word_1_58' title='bbox 849 1938 1061 1993; x_wconf 86' lang='lat' dir='ltr'>nostra,</span> <span class='ocrx_word' id='word_1_59' title='bbox 1090 1926 1372 2001; x_wconf 77' lang='lat' dir='ltr'><strong>proximis</strong></span> <span class='ocrx_word' id='word_1_60' title='bbox 1401 1924 1552 1984; x_wconf 84' lang='lat' dir='ltr'>sama</span> <span class='ocrx_word' id='word_1_61' title='bbox 1580 1917 1871 1985; x_wconf 79' lang='lat' dir='ltr'>nostra.”²</span> <span class='ocrx_word' id='word_1_62' title='bbox 1935 1927 2001 1984; x_wconf 85' lang='lat' dir='ltr'>Si</span> <span class='ocrx_word' id='word_1_63' title='bbox 2028 1928 2087 1985; x_wconf 90' lang='lat' dir='ltr'>in</span> <span class='ocrx_word' id='word_1_64' title='bbox 2109 1927 2351 1984; x_wconf 89' lang='lat' dir='ltr'>aliorum</span> <span class='ocrx_word' id='word_1_65' title='bbox 2380 1925 2767 1985; x_wconf 84' lang='lat' dir='ltr'>detrimentum</span> 
     </span>
     <span class='ocr_line' id='line_1_9' title="bbox 599 2025 2765 2102; baseline -0.002 -17"><span class='ocrx_word' id='word_1_66' title='bbox 599 2038 657 2085; x_wconf 91' lang='lat' dir='ltr'>et</span> <span class='ocrx_word' id='word_1_67' title='bbox 680 2027 900 2084; x_wconf 87' lang='lat' dir='ltr'>ruinam</span> <span class='ocrx_word' id='word_1_68' title='bbox 929 2025 1162 2083; x_wconf 86' lang='lat' dir='ltr'>infamia</span> <span class='ocrx_word' id='word_1_69' title='bbox 1177 2034 1370 2082; x_wconf 87' lang='lat' dir='ltr'>nostra</span> <span class='ocrx_word' id='word_1_70' title='bbox 1387 2035 1538 2082; x_wconf 88' lang='lat' dir='ltr'>certe</span> <span class='ocrx_word' id='word_1_71' title='bbox 1568 2035 1781 2101; x_wconf 86' lang='lat' dir='ltr'>vergat,</span> <span class='ocrx_word' id='word_1_72' title='bbox 1804 2035 2004 2102; x_wconf 89' lang='lat' dir='ltr'>peccat</span> <span class='ocrx_word' id='word_1_73' title='bbox 2024 2026 2123 2099; x_wconf 92' lang='lat' dir='ltr'>qui</span> <span class='ocrx_word' id='word_1_74' title='bbox 2142 2044 2267 2083; x_wconf 88' lang='lat' dir='ltr'>eam</span> <span class='ocrx_word' id='word_1_75' title='bbox 2290 2034 2505 2083; x_wconf 89' lang='lat' dir='ltr'>temere</span> <span class='ocrx_word' id='word_1_76' title='bbox 2527 2026 2765 2083; x_wconf 80' lang='lat' dir='ltr'>arcessit.</span> 
     </span>
     <span class='ocr_line' id='line_1_10' title="bbox 600 2124 2769 2200; baseline 0 -17"><span class='ocrx_word' id='word_1_77' title='bbox 600 2126 700 2184; x_wconf 87' lang='lat' dir='ltr'>Sic</span> <span class='ocrx_word' id='word_1_78' title='bbox 725 2124 992 2181; x_wconf 77' lang='lat' dir='ltr'>sacerdos</span> <span class='ocrx_word' id='word_1_79' title='bbox 1021 2124 1119 2196; x_wconf 89' lang='lat' dir='ltr'>qui</span> <span class='ocrx_word' id='word_1_80' title='bbox 1157 2142 1221 2180; x_wconf 88' lang='lat' dir='ltr'>se</span> <span class='ocrx_word' id='word_1_81' title='bbox 1262 2124 1406 2181; x_wconf 87' lang='lat' dir='ltr'>salso</span> <span class='ocrx_word' id='word_1_82' title='bbox 1446 2125 1687 2183; x_wconf 90' lang='lat' dir='ltr'>crimine</span> <span class='ocrx_word' id='word_1_83' title='bbox 1728 2135 1903 2193; x_wconf 88' lang='lat' dir='ltr'>notat,</span> <span class='ocrx_word' id='word_1_84' title='bbox 1951 2124 2042 2183; x_wconf 86' lang='lat' dir='ltr'>vel</span> <span class='ocrx_word' id='word_1_85' title='bbox 2080 2124 2366 2183; x_wconf 90' lang='lat' dir='ltr'>occultum</span> <span class='ocrx_word' id='word_1_86' title='bbox 2412 2125 2623 2200; x_wconf 81' lang='lat' dir='ltr'><strong>prodit,</strong></span> <span class='ocrx_word' id='word_1_87' title='bbox 2650 2144 2769 2183; x_wconf 89' lang='lat' dir='ltr'>cum</span> 
     </span>
     <span class='ocr_line' id='line_1_11' title="bbox 599 2221 2767 2298; baseline -0.002 -15"><span class='ocrx_word' id='word_1_88' title='bbox 599 2225 816 2283; x_wconf 86' lang='lat' dir='ltr'>ordinis</span> <span class='ocrx_word' id='word_1_89' title='bbox 859 2224 1004 2281; x_wconf 89' lang='lat' dir='ltr'>sacri</span> <span class='ocrx_word' id='word_1_90' title='bbox 1055 2221 1350 2290; x_wconf 79' lang='lat' dir='ltr'>dedecore,</span> <span class='ocrx_word' id='word_1_91' title='bbox 1406 2222 1761 2281; x_wconf 89' lang='lat' dir='ltr'>damnandus</span> <span class='ocrx_word' id='word_1_92' title='bbox 1806 2232 1895 2281; x_wconf 89' lang='lat' dir='ltr'>est</span> <span class='ocrx_word' id='word_1_93' title='bbox 1936 2224 2173 2298; x_wconf 88' lang='lat' dir='ltr'>peccati.</span> <span class='ocrx_word' id='word_1_94' title='bbox 2256 2222 2551 2296; x_wconf 89' lang='lat' dir='ltr'>Equidem</span> <span class='ocrx_word' id='word_1_95' title='bbox 2597 2224 2667 2282; x_wconf 92' lang='lat' dir='ltr'>de</span> <span class='ocrx_word' id='word_1_96' title='bbox 2710 2225 2767 2281; x_wconf 82' lang='lat' dir='ltr'>S.</span> 
     </span>
     <span class='ocr_line' id='line_1_12' title="bbox 599 2320 2773 2398; baseline -0.001 -17"><span class='ocrx_word' id='word_1_97' title='bbox 599 2323 905 2382; x_wconf 83' lang='lat' dir='ltr'>Ambrosio</span> <span class='ocrx_word' id='word_1_98' title='bbox 933 2321 1188 2387; x_wconf 83' lang='lat' dir='ltr'>refertur,</span> <span class='ocrx_word' id='word_1_99' title='bbox 1219 2339 1351 2378; x_wconf 89' lang='lat' dir='ltr'>enm</span> <span class='ocrx_word' id='word_1_100' title='bbox 1393 2322 1757 2398; x_wconf 82' lang='lat' dir='ltr'>episcopatus</span> <span class='ocrx_word' id='word_1_101' title='bbox 1784 2320 2107 2380; x_wconf 85' lang='lat' dir='ltr'>declinandi</span> <span class='ocrx_word' id='word_1_102' title='bbox 2150 2340 2342 2389; x_wconf 88' lang='lat' dir='ltr'>cansa,</span> <span class='ocrx_word' id='word_1_103' title='bbox 2372 2324 2697 2381; x_wconf 79' lang='lat' dir='ltr'>meretrices</span> <span class='ocrx_word' id='word_1_104' title='bbox 2722 2324 2773 2380; x_wconf 90' lang='lat' dir='ltr'>in</span> 
     </span>
     <span class='ocr_line' id='line_1_13' title="bbox 600 2418 2765 2498; baseline 0.001 -19"><span class='ocrx_word' id='word_1_105' title='bbox 600 2422 836 2479; x_wconf 90' lang='lat' dir='ltr'>domum</span> <span class='ocrx_word' id='word_1_106' title='bbox 863 2419 1183 2485; x_wconf 84' lang='lat' dir='ltr'>induxisse,</span> <span class='ocrx_word' id='word_1_107' title='bbox 1211 2427 1274 2476; x_wconf 92' lang='lat' dir='ltr'>ut</span> <span class='ocrx_word' id='word_1_108' title='bbox 1296 2418 1487 2476; x_wconf 89' lang='lat' dir='ltr'>locum</span> <span class='ocrx_word' id='word_1_109' title='bbox 1507 2420 1786 2496; x_wconf 65' lang='lat' dir='ltr'>praeberet</span> <span class='ocrx_word' id='word_1_110' title='bbox 1806 2420 2135 2498; x_wconf 80' lang='lat' dir='ltr'>suspicandi</span> <span class='ocrx_word' id='word_1_111' title='bbox 2156 2439 2220 2477; x_wconf 84' lang='lat' dir='ltr'>se</span> <span class='ocrx_word' id='word_1_112' title='bbox 2242 2421 2598 2498; x_wconf 90' lang='lat' dir='ltr'>impudicum</span> <span class='ocrx_word' id='word_1_113' title='bbox 2618 2440 2765 2482; x_wconf 80' lang='lat' dir='ltr'>esse:</span> 
     </span>
     <span class='ocr_line' id='line_1_14' title="bbox 597 2517 2769 2597; baseline 0 -20"><span class='ocrx_word' id='word_1_114' title='bbox 597 2520 702 2577; x_wconf 91' lang='lat' dir='ltr'>sed</span> <span class='ocrx_word' id='word_1_115' title='bbox 723 2520 804 2577; x_wconf 88' lang='lat' dir='ltr'>nil</span> <span class='ocrx_word' id='word_1_116' title='bbox 832 2518 902 2576; x_wconf 91' lang='lat' dir='ltr'>de</span> <span class='ocrx_word' id='word_1_117' title='bbox 929 2537 992 2575; x_wconf 88' lang='lat' dir='ltr'>se</span> <span class='ocrx_word' id='word_1_118' title='bbox 1021 2517 1254 2594; x_wconf 87' lang='lat' dir='ltr'>protulit</span> <span class='ocrx_word' id='word_1_119' title='bbox 1279 2517 1433 2589; x_wconf 88' lang='lat' dir='ltr'>quod</span> <span class='ocrx_word' id='word_1_120' title='bbox 1452 2519 1669 2575; x_wconf 89' lang='lat' dir='ltr'>crimen</span> <span class='ocrx_word' id='word_1_121' title='bbox 1695 2517 1985 2577; x_wconf 88' lang='lat' dir='ltr'>indicaret.</span> <span class='ocrx_word' id='word_1_122' title='bbox 2070 2520 2165 2578; x_wconf 92' lang='lat' dir='ltr'>Eo</span> <span class='ocrx_word' id='word_1_123' title='bbox 2192 2520 2361 2578; x_wconf 88' lang='lat' dir='ltr'>etiam</span> <span class='ocrx_word' id='word_1_124' title='bbox 2388 2530 2645 2597; x_wconf 88' lang='lat' dir='ltr'>tempore</span> <span class='ocrx_word' id='word_1_125' title='bbox 2664 2540 2769 2579; x_wconf 91' lang='lat' dir='ltr'>non</span> 
     </span>
     <span class='ocr_line' id='line_1_15' title="bbox 600 2617 2767 2695; baseline -0.002 -17"><span class='ocrx_word' id='word_1_126' title='bbox 600 2629 721 2678; x_wconf 90' lang='lat' dir='ltr'>erat</span> <span class='ocrx_word' id='word_1_127' title='bbox 735 2638 897 2677; x_wconf 87' lang='lat' dir='ltr'>sacro</span> <span class='ocrx_word' id='word_1_128' title='bbox 915 2619 1104 2691; x_wconf 89' lang='lat' dir='ltr'>aliquo</span> <span class='ocrx_word' id='word_1_129' title='bbox 1131 2617 1328 2677; x_wconf 87' lang='lat' dir='ltr'>ordine</span> <span class='ocrx_word' id='word_1_130' title='bbox 1357 2618 1662 2694; x_wconf 88' lang='lat' dir='ltr'>insignitus</span> <span class='ocrx_word' id='word_1_131' title='bbox 1686 2636 1701 2684; x_wconf 81' lang='lat'>3</span> <span class='ocrx_word' id='word_1_132' title='bbox 1732 2617 1836 2676; x_wconf 90' lang='lat' dir='ltr'>sed</span> <span class='ocrx_word' id='word_1_133' title='bbox 1854 2617 2245 2695; x_wconf 84' lang='lat' dir='ltr'>praefecturam</span> <span class='ocrx_word' id='word_1_134' title='bbox 2264 2620 2493 2695; x_wconf 85' lang='lat' dir='ltr'>gerebat</span> <span class='ocrx_word' id='word_1_135' title='bbox 2516 2619 2767 2678; x_wconf 88' lang='lat' dir='ltr'>civilem:</span> 
     </span>
     <span class='ocr_line' id='line_1_16' title="bbox 598 2717 2770 2795; baseline -0.001 -17"><span class='ocrx_word' id='word_1_136' title='bbox 598 2736 866 2778; x_wconf 83' lang='lat' dir='ltr'>caeternm</span> <span class='ocrx_word' id='word_1_137' title='bbox 893 2718 1224 2795; x_wconf 85' lang='lat' dir='ltr'>exemplum</span> <span class='ocrx_word' id='word_1_138' title='bbox 1249 2718 1455 2775; x_wconf 88' lang='lat' dir='ltr'>imitari</span> <span class='ocrx_word' id='word_1_139' title='bbox 1483 2736 1599 2775; x_wconf 91' lang='lat' dir='ltr'>non</span> <span class='ocrx_word' id='word_1_140' title='bbox 1626 2727 1866 2792; x_wconf 87' lang='lat' dir='ltr'>oportet.</span> <span class='ocrx_word' id='word_1_141' title='bbox 1950 2717 2226 2775; x_wconf 87' lang='lat' dir='ltr'>Sanctum</span> <span class='ocrx_word' id='word_1_142' title='bbox 2266 2718 2639 2777; x_wconf 87' lang='lat' dir='ltr'>Franciscnm</span> <span class='ocrx_word' id='word_1_143' title='bbox 2680 2719 2770 2775; x_wconf 90' lang='lat' dir='ltr'>Sa·</span> 
     </span>
     <span class='ocr_line' id='line_1_17' title="bbox 599 2815 2771 2894; baseline -0.001 -18"><span class='ocrx_word' id='word_1_144' title='bbox 599 2821 828 2884; x_wconf 87' lang='lat' dir='ltr'>lesium,</span> <span class='ocrx_word' id='word_1_145' title='bbox 851 2828 906 2874; x_wconf 88' lang='lat' dir='ltr'>et</span> <span class='ocrx_word' id='word_1_146' title='bbox 933 2818 996 2871; x_wconf 89' lang='lat' dir='ltr'>S.</span> <span class='ocrx_word' id='word_1_147' title='bbox 1021 2816 1389 2873; x_wconf 78' lang='lat' dir='ltr'>vincentium</span> <span class='ocrx_word' id='word_1_148' title='bbox 1413 2833 1444 2871; x_wconf 90' lang='lat' dir='ltr'>a</span> <span class='ocrx_word' id='word_1_149' title='bbox 1470 2815 1671 2882; x_wconf 91' lang='lat' dir='ltr'>Paula,</span> <span class='ocrx_word' id='word_1_150' title='bbox 1696 2817 1793 2887; x_wconf 93' lang='lat' dir='ltr'>qui</span> <span class='ocrx_word' id='word_1_151' title='bbox 1811 2816 2124 2873; x_wconf 87' lang='lat' dir='ltr'>calumnias</span> <span class='ocrx_word' id='word_1_152' title='bbox 2153 2817 2385 2894; x_wconf 87' lang='lat' dir='ltr'>patienti</span> <span class='ocrx_word' id='word_1_153' title='bbox 2401 2818 2645 2880; x_wconf 84' lang='lat' dir='ltr'>tulerunt</span> <span class='ocrx_word' id='word_1_154' title='bbox 2664 2818 2771 2875; x_wconf 89' lang='lat' dir='ltr'>ani-</span> 
     </span>
     <span class='ocr_line' id='line_1_18' title="bbox 535 2901 2771 2990; baseline 0 -18"><span class='ocrx_word' id='word_1_155' title='bbox 535 2901 542 2907; x_wconf 37' lang='lat'><strong>·</strong></span> <span class='ocrx_word' id='word_1_156' title='bbox 601 2935 718 2982; x_wconf 91' lang='lat' dir='ltr'>mo,</span> <span class='ocrx_word' id='word_1_157' title='bbox 749 2916 940 2971; x_wconf 89' lang='lat' dir='ltr'>Deum</span> <span class='ocrx_word' id='word_1_158' title='bbox 969 2914 1310 2971; x_wconf 84' lang='lat' dir='ltr'>innocentiae</span> <span class='ocrx_word' id='word_1_159' title='bbox 1339 2912 1625 2971; x_wconf 88' lang='lat' dir='ltr'>vindicem</span> <span class='ocrx_word' id='word_1_160' title='bbox 1664 2915 2066 2990; x_wconf 76' lang='lat' dir='ltr'>suspicienteS,</span> <span class='ocrx_word' id='word_1_161' title='bbox 2111 2914 2227 2973; x_wconf 72' lang='lat' dir='ltr'>tuto</span> <span class='ocrx_word' id='word_1_162' title='bbox 2269 2916 2398 2988; x_wconf 88' lang='lat' dir='ltr'>quis</span> <span class='ocrx_word' id='word_1_163' title='bbox 2438 2918 2706 2983; x_wconf 86' lang='lat' dir='ltr'>imitatur,</span> <span class='ocrx_word' id='word_1_164' title='bbox 2728 2917 2771 2972; x_wconf 89' lang='lat' dir='ltr'>si</span> 
     </span>
     <span class='ocr_line' id='line_1_19' title="bbox 601 3011 2659 3090; baseline 0.001 -20"><span class='ocrx_word' id='word_1_165' title='bbox 601 3014 850 3089; x_wconf 85' lang='lat' dir='ltr'>simplex</span> <span class='ocrx_word' id='word_1_166' title='bbox 877 3011 1131 3069; x_wconf 82' lang='lat' dir='ltr'>criminis</span> <span class='ocrx_word' id='word_1_167' title='bbox 1159 3013 1386 3088; x_wconf 86' lang='lat' dir='ltr'>negatio</span> <span class='ocrx_word' id='word_1_168' title='bbox 1413 3030 1544 3070; x_wconf 87' lang='lat' dir='ltr'>cum</span> <span class='ocrx_word' id='word_1_169' title='bbox 1574 3015 1921 3089; x_wconf 84' lang='lat' dir='ltr'>argumentis</span> <span class='ocrx_word' id='word_1_170' title='bbox 1948 3013 2330 3089; x_wconf 87' lang='lat' dir='ltr'>probabilibus</span> <span class='ocrx_word' id='word_1_171' title='bbox 2358 3016 2519 3090; x_wconf 88' lang='lat' dir='ltr'>parvi</span> <span class='ocrx_word' id='word_1_172' title='bbox 2544 3016 2659 3074; x_wconf 88' lang='lat' dir='ltr'>fiat.</span> 
     </span>
    </p>

    <p class='ocr_par' dir='ltr' id='par_1_5' title="bbox 598 3110 2777 3883">
     <span class='ocr_line' id='line_1_20' title="bbox 679 3110 2774 3185; baseline 0.001 -15"><span class='ocrx_word' id='word_1_173' title='bbox 679 3119 738 3170; x_wconf 83' lang='lat'>7.</span> <span class='ocrx_word' id='word_1_174' title='bbox 784 3112 932 3169; x_wconf 78' lang='lat' dir='ltr'>Vitae</span> <span class='ocrx_word' id='word_1_175' title='bbox 961 3111 1136 3169; x_wconf 91' lang='lat' dir='ltr'>homo</span> <span class='ocrx_word' id='word_1_176' title='bbox 1162 3129 1274 3168; x_wconf 87' lang='lat' dir='ltr'>non</span> <span class='ocrx_word' id='word_1_177' title='bbox 1303 3111 1473 3168; x_wconf 87' lang='lat' dir='ltr'>habet</span> <span class='ocrx_word' id='word_1_178' title='bbox 1499 3110 1852 3179; x_wconf 88' lang='lat' dir='ltr'>dominium;</span> <span class='ocrx_word' id='word_1_179' title='bbox 1892 3130 2028 3170; x_wconf 85' lang='lat' dir='ltr'>nam</span> <span class='ocrx_word' id='word_1_180' title='bbox 2058 3131 2233 3185; x_wconf 89' lang='lat' dir='ltr'>quum</span> <span class='ocrx_word' id='word_1_181' title='bbox 2263 3113 2425 3171; x_wconf 90' lang='lat' dir='ltr'>Deus</span> <span class='ocrx_word' id='word_1_182' title='bbox 2454 3134 2581 3172; x_wconf 89' lang='lat' dir='ltr'>eam</span> <span class='ocrx_word' id='word_1_183' title='bbox 2608 3114 2774 3172; x_wconf 87' lang='lat' dir='ltr'>dona·</span> 
     </span>
     <span class='ocr_line' id='line_1_21' title="bbox 598 3210 2772 3291; baseline 0 -23"><span class='ocrx_word' id='word_1_184' title='bbox 598 3213 760 3278; x_wconf 86' lang='lat' dir='ltr'>verit,</span> <span class='ocrx_word' id='word_1_185' title='bbox 791 3220 1080 3281; x_wconf 89' lang='lat' dir='ltr'>tamquam</span> <span class='ocrx_word' id='word_1_186' title='bbox 1109 3210 1458 3286; x_wconf 88' lang='lat' dir='ltr'>praecipuum</span> <span class='ocrx_word' id='word_1_187' title='bbox 1499 3210 1863 3278; x_wconf 87' lang='lat' dir='ltr'>beneficium,</span> <span class='ocrx_word' id='word_1_188' title='bbox 1907 3212 2160 3288; x_wconf 87' lang='lat' dir='ltr'>ingratus</span> <span class='ocrx_word' id='word_1_189' title='bbox 2200 3212 2347 3271; x_wconf 82' lang='lat' dir='ltr'>foret</span> <span class='ocrx_word' id='word_1_190' title='bbox 2384 3224 2443 3270; x_wconf 88' lang='lat' dir='ltr'>et</span> <span class='ocrx_word' id='word_1_191' title='bbox 2466 3214 2772 3291; x_wconf 86' lang='lat' dir='ltr'>injuriosus</span> 
     </span>
     <span class='ocr_line' id='line_1_22' title="bbox 601 3307 2774 3388; baseline 0.002 -23"><span class='ocrx_word' id='word_1_192' title='bbox 601 3311 701 3383; x_wconf 73' lang='lat' dir='ltr'>qui</span> <span class='ocrx_word' id='word_1_193' title='bbox 729 3328 855 3367; x_wconf 88' lang='lat' dir='ltr'>eam</span> <span class='ocrx_word' id='word_1_194' title='bbox 885 3309 1079 3366; x_wconf 87' lang='lat' dir='ltr'>tollere</span> <span class='ocrx_word' id='word_1_195' title='bbox 1106 3307 1293 3365; x_wconf 87' lang='lat' dir='ltr'>vellet.</span> <span class='ocrx_word' id='word_1_196' title='bbox 1379 3308 1538 3367; x_wconf 90' lang='lat' dir='ltr'>Hinc</span> <span class='ocrx_word' id='word_1_197' title='bbox 1561 3308 1623 3367; x_wconf 91' lang='lat' dir='ltr'>id</span> <span class='ocrx_word' id='word_1_198' title='bbox 1643 3309 1756 3367; x_wconf 91' lang='lat' dir='ltr'>Dei</span> <span class='ocrx_word' id='word_1_199' title='bbox 1778 3311 2070 3388; x_wconf 90' lang='lat' dir='ltr'>proprium</span> <span class='ocrx_word' id='word_1_200' title='bbox 2099 3310 2466 3386; x_wconf 86' lang='lat' dir='ltr'>praedicatur:</span> <span class='ocrx_word' id='word_1_201' title='bbox 2514 3321 2552 3347; x_wconf 90' lang='grc'>“</span> <span class='ocrx_word' id='word_1_202' title='bbox 2577 3312 2673 3372; x_wconf 91' lang='lat' dir='ltr'>Tu</span> <span class='ocrx_word' id='word_1_203' title='bbox 2694 3331 2774 3379; x_wconf 62' lang='lat' dir='ltr'>esf,</span> 
     </span>
     <span class='ocr_line' id='line_1_23' title="bbox 601 3402 2777 3486; baseline 0.002 -20"><span class='ocrx_word' id='word_1_204' title='bbox 601 3409 873 3478; x_wconf 88' lang='lat' dir='ltr'>Domine,</span> <span class='ocrx_word' id='word_1_205' title='bbox 904 3408 1003 3480; x_wconf 90' lang='lat' dir='ltr'>qui</span> <span class='ocrx_word' id='word_1_206' title='bbox 1030 3408 1154 3465; x_wconf 87' lang='lat' dir='ltr'>vitae</span> <span class='ocrx_word' id='word_1_207' title='bbox 1182 3415 1239 3465; x_wconf 85' lang='lat' dir='ltr'>et</span> <span class='ocrx_word' id='word_1_208' title='bbox 1263 3408 1463 3465; x_wconf 89' lang='lat' dir='ltr'>mortis</span> <span class='ocrx_word' id='word_1_209' title='bbox 1490 3408 1667 3467; x_wconf 87' lang='lat' dir='ltr'>habes</span> <span class='ocrx_word' id='word_1_210' title='bbox 1709 3402 2145 3486; x_wconf 76' lang='lat' dir='ltr'>potestatem.&#39;&#39;³</span> <span class='ocrx_word' id='word_1_211' title='bbox 2225 3411 2284 3468; x_wconf 95' lang='lat' dir='ltr'>N</span> <span class='ocrx_word' id='word_1_212' title='bbox 2290 3429 2354 3468; x_wconf 89' lang='lat' dir='ltr'>ec</span> <span class='ocrx_word' id='word_1_213' title='bbox 2396 3412 2777 3470; x_wconf 88' lang='lat' dir='ltr'>membrorum</span> 
     </span>
     <span class='ocr_line' id='line_1_24' title="bbox 599 3505 2773 3585; baseline 0.001 -18"><span class='ocrx_word' id='word_1_214' title='bbox 599 3528 831 3568; x_wconf 79' lang='lat' dir='ltr'>suorum</span> <span class='ocrx_word' id='word_1_215' title='bbox 860 3508 1035 3566; x_wconf 88' lang='lat' dir='ltr'>homo</span> <span class='ocrx_word' id='word_1_216' title='bbox 1061 3517 1148 3565; x_wconf 91' lang='lat' dir='ltr'>est</span> <span class='ocrx_word' id='word_1_217' title='bbox 1163 3505 1470 3574; x_wconf 82' lang='lat' dir='ltr'>dominus3</span> <span class='ocrx_word' id='word_1_218' title='bbox 1511 3507 1625 3565; x_wconf 92' lang='lat' dir='ltr'>Dei</span> <span class='ocrx_word' id='word_1_219' title='bbox 1644 3509 1797 3567; x_wconf 87' lang='lat' dir='ltr'>enim</span> <span class='ocrx_word' id='word_1_220' title='bbox 1818 3527 1965 3584; x_wconf 88' lang='lat' dir='ltr'>opus</span> <span class='ocrx_word' id='word_1_221' title='bbox 1994 3508 2273 3585; x_wconf 84' lang='lat' dir='ltr'>integrum</span> <span class='ocrx_word' id='word_1_222' title='bbox 2295 3528 2521 3567; x_wconf 87' lang='lat' dir='ltr'>servare</span> <span class='ocrx_word' id='word_1_223' title='bbox 2540 3520 2773 3578; x_wconf 87' lang='lat' dir='ltr'>tenetur,</span> 
     </span>
     <span class='ocr_line' id='line_1_25' title="bbox 599 3606 2772 3683; baseline -0 -15"><span class='ocrx_word' id='word_1_224' title='bbox 599 3609 710 3669; x_wconf 90' lang='lat' dir='ltr'>nisi</span> <span class='ocrx_word' id='word_1_225' title='bbox 755 3608 1063 3667; x_wconf 86' lang='lat' dir='ltr'>necessitas</span> <span class='ocrx_word' id='word_1_226' title='bbox 1111 3616 1279 3683; x_wconf 88' lang='lat' dir='ltr'>cogat</span> <span class='ocrx_word' id='word_1_227' title='bbox 1327 3608 1649 3665; x_wconf 88' lang='lat' dir='ltr'>membrum</span> <span class='ocrx_word' id='word_1_228' title='bbox 1692 3606 1969 3674; x_wconf 81' lang='lat' dir='ltr'>amittere,</span> <span class='ocrx_word' id='word_1_229' title='bbox 2011 3618 2075 3665; x_wconf 91' lang='lat' dir='ltr'>ut</span> <span class='ocrx_word' id='word_1_230' title='bbox 2124 3608 2239 3665; x_wconf 87' lang='lat' dir='ltr'>vita</span> <span class='ocrx_word' id='word_1_231' title='bbox 2290 3620 2582 3666; x_wconf 76' lang='lat' dir='ltr'>servetur=</span> <span class='ocrx_word' id='word_1_232' title='bbox 2642 3622 2772 3669; x_wconf 89' lang='lat' dir='ltr'>tunc</span> 
     </span>
     <span class='ocr_line' id='line_1_26' title="bbox 600 3705 2776 3785; baseline 0 -18"><span class='ocrx_word' id='word_1_233' title='bbox 600 3712 753 3770; x_wconf 92' lang='lat' dir='ltr'>enim</span> <span class='ocrx_word' id='word_1_234' title='bbox 795 3710 918 3785; x_wconf 88' lang='lat' dir='ltr'>ipse</span> <span class='ocrx_word' id='word_1_235' title='bbox 947 3718 1158 3768; x_wconf 80' lang='lat' dir='ltr'>naturae</span> <span class='ocrx_word' id='word_1_236' title='bbox 1201 3707 1522 3774; x_wconf 75' lang='lat' dir='ltr'>instinctuS,</span> <span class='ocrx_word' id='word_1_237' title='bbox 1566 3724 1679 3777; x_wconf 93' lang='lat' dir='ltr'>quo</span> <span class='ocrx_word' id='word_1_238' title='bbox 1720 3705 1791 3763; x_wconf 90' lang='lat' dir='ltr'>ad</span> <span class='ocrx_word' id='word_1_239' title='bbox 1830 3707 2003 3765; x_wconf 87' lang='lat' dir='ltr'>vitam</span> <span class='ocrx_word' id='word_1_240' title='bbox 2043 3707 2384 3765; x_wconf 88' lang='lat' dir='ltr'>servandum</span> <span class='ocrx_word' id='word_1_241' title='bbox 2414 3708 2776 3785; x_wconf 90' lang='lat' dir='ltr'>impellimur,</span> 
     </span>
     <span class='ocr_line' id='line_1_27' title="bbox 598 3804 1970 3883; baseline 0 -19"><span class='ocrx_word' id='word_1_242' title='bbox 598 3808 748 3873; x_wconf 80' lang='lat' dir='ltr'>facit,</span> <span class='ocrx_word' id='word_1_243' title='bbox 776 3816 841 3863; x_wconf 90' lang='lat' dir='ltr'>nt</span> <span class='ocrx_word' id='word_1_244' title='bbox 865 3817 1081 3881; x_wconf 80' lang='lat' dir='ltr'>partem</span> <span class='ocrx_word' id='word_1_245' title='bbox 1108 3808 1363 3883; x_wconf 85' lang='lat' dir='ltr'>corporis</span> <span class='ocrx_word' id='word_1_246' title='bbox 1391 3804 1645 3865; x_wconf 89' lang='lat' dir='ltr'>abscindi</span> <span class='ocrx_word' id='word_1_247' title='bbox 1672 3807 1970 3883; x_wconf 88' lang='lat' dir='ltr'>patiamur.</span> 
     </span>
    </p>

    <p class='ocr_par' dir='ltr' id='par_1_6' title="bbox 599 3905 2777 4277">
     <span class='ocr_line' id='line_1_28' title="bbox 679 3905 2777 3982; baseline 0 -20"><span class='ocrx_word' id='word_1_248' title='bbox 679 3910 736 3962; x_wconf 85' lang='lat'>8.</span> <span class='ocrx_word' id='word_1_249' title='bbox 782 3905 976 3969; x_wconf 82' lang='lat' dir='ltr'>Quum</span> <span class='ocrx_word' id='word_1_250' title='bbox 1005 3906 1119 3961; x_wconf 91' lang='lat' dir='ltr'>Dei</span> <span class='ocrx_word' id='word_1_251' title='bbox 1147 3906 1222 3961; x_wconf 88' lang='lat' dir='ltr'>sit</span> <span class='ocrx_word' id='word_1_252' title='bbox 1245 3907 1371 3961; x_wconf 88' lang='lat' dir='ltr'>vitae</span> <span class='ocrx_word' id='word_1_253' title='bbox 1399 3918 1455 3963; x_wconf 87' lang='lat' dir='ltr'>et</span> <span class='ocrx_word' id='word_1_254' title='bbox 1482 3906 1679 3964; x_wconf 87' lang='lat' dir='ltr'>mortis</span> <span class='ocrx_word' id='word_1_255' title='bbox 1702 3905 2043 3971; x_wconf 88' lang='lat' dir='ltr'>dominium,</span> <span class='ocrx_word' id='word_1_256' title='bbox 2074 3905 2363 3982; x_wconf 87' lang='lat' dir='ltr'>principes</span> <span class='ocrx_word' id='word_1_257' title='bbox 2390 3907 2666 3982; x_wconf 83' lang='lat' dir='ltr'>supremi,</span> <span class='ocrx_word' id='word_1_258' title='bbox 2690 3908 2777 3965; x_wconf 85' lang='lat' dir='ltr'>vel</span> 
     </span>
     <span class='ocr_line' id='line_1_29' title="bbox 599 4002 2775 4080; baseline 0.002 -21"><span class='ocrx_word' id='word_1_259' title='bbox 599 4003 920 4080; x_wconf 85' lang='lat' dir='ltr'>reipublicae</span> <span class='ocrx_word' id='word_1_260' title='bbox 949 4013 1193 4061; x_wconf 88' lang='lat' dir='ltr'>rectores</span> <span class='ocrx_word' id='word_1_261' title='bbox 1220 4002 1360 4059; x_wconf 90' lang='lat' dir='ltr'>illud</span> <span class='ocrx_word' id='word_1_262' title='bbox 1391 4004 1596 4062; x_wconf 86' lang='lat' dir='ltr'>habere</span> <span class='ocrx_word' id='word_1_263' title='bbox 1624 4006 1898 4063; x_wconf 89' lang='lat' dir='ltr'>censendi</span> <span class='ocrx_word' id='word_1_264' title='bbox 1926 4024 2042 4063; x_wconf 88' lang='lat' dir='ltr'>non</span> <span class='ocrx_word' id='word_1_265' title='bbox 2082 4015 2233 4061; x_wconf 87' lang='lat' dir='ltr'>sunt.</span> <span class='ocrx_word' id='word_1_266' title='bbox 2319 4004 2520 4063; x_wconf 89' lang='lat' dir='ltr'>Potest</span> <span class='ocrx_word' id='word_1_267' title='bbox 2545 4006 2775 4080; x_wconf 89' lang='lat' dir='ltr'>quidem</span> 
     </span>
     <span class='ocr_line' id='line_1_30' title="bbox 601 4101 2775 4181; baseline 0.001 -22"><span class='ocrx_word' id='word_1_268' title='bbox 601 4103 713 4159; x_wconf 89' lang='lat' dir='ltr'>civi</span> <span class='ocrx_word' id='word_1_269' title='bbox 740 4102 981 4179; x_wconf 87' lang='lat' dir='ltr'>injungi,</span> <span class='ocrx_word' id='word_1_270' title='bbox 1011 4110 1089 4169; x_wconf 88' lang='lat' dir='ltr'>ut,</span> <span class='ocrx_word' id='word_1_271' title='bbox 1113 4102 1186 4159; x_wconf 92' lang='lat' dir='ltr'>ob</span> <span class='ocrx_word' id='word_1_272' title='bbox 1205 4101 1396 4176; x_wconf 82' lang='lat' dir='ltr'>patriae</span> <span class='ocrx_word' id='word_1_273' title='bbox 1417 4102 1677 4169; x_wconf 87' lang='lat' dir='ltr'>salutem,</span> <span class='ocrx_word' id='word_1_274' title='bbox 1700 4116 1852 4163; x_wconf 91' lang='lat' dir='ltr'>certo</span> <span class='ocrx_word' id='word_1_275' title='bbox 1874 4105 2069 4163; x_wconf 88' lang='lat' dir='ltr'>mortis</span> <span class='ocrx_word' id='word_1_276' title='bbox 2091 4103 2405 4162; x_wconf 89' lang='lat' dir='ltr'>discrimini</span> <span class='ocrx_word' id='word_1_277' title='bbox 2426 4123 2489 4161; x_wconf 86' lang='lat' dir='ltr'>se</span> <span class='ocrx_word' id='word_1_278' title='bbox 2510 4116 2775 4181; x_wconf 86' lang='lat' dir='ltr'>exponat;</span> 
     </span>
     <span class='ocr_line' id='line_1_31' title="bbox 601 4200 2776 4277; baseline 0.002 -20"><span class='ocrx_word' id='word_1_279' title='bbox 601 4201 756 4259; x_wconf 85' lang='lat' dir='ltr'>salus</span> <span class='ocrx_word' id='word_1_280' title='bbox 785 4201 998 4277; x_wconf 87' lang='lat' dir='ltr'>quippe</span> <span class='ocrx_word' id='word_1_281' title='bbox 1039 4200 1362 4259; x_wconf 89' lang='lat' dir='ltr'>communis</span> <span class='ocrx_word' id='word_1_282' title='bbox 1408 4208 1495 4257; x_wconf 88' lang='lat' dir='ltr'>est</span> <span class='ocrx_word' id='word_1_283' title='bbox 1539 4203 1885 4276; x_wconf 88' lang='lat' dir='ltr'>privatorum</span> <span class='ocrx_word' id='word_1_284' title='bbox 1929 4204 2057 4261; x_wconf 83' lang='lat' dir='ltr'>vitae</span> <span class='ocrx_word' id='word_1_285' title='bbox 2098 4203 2495 4261; x_wconf 84' lang='lat' dir='ltr'>anteferenda:</span> <span class='ocrx_word' id='word_1_286' title='bbox 2538 4204 2643 4261; x_wconf 89' lang='lat' dir='ltr'>sed</span> <span class='ocrx_word' id='word_1_287' title='bbox 2681 4203 2776 4261; x_wconf 94' lang='lat' dir='ltr'>do-</span> 
     </span>
    </p>
   </div>
   <div class='ocr_carea' id='block_1_5' title="bbox 673 4358 2701 4510">
    <p class='ocr_par' dir='ltr' id='par_1_7' title="bbox 673 4358 2701 4510">
     <span class='ocr_line' id='line_1_32' title="bbox 673 4358 2701 4427; baseline 0.003 -22"><span class='ocrx_word' id='word_1_288' title='bbox 673 4362 755 4424; x_wconf 89' lang='lat'>(1)</span> <span class='ocrx_word' id='word_1_289' title='bbox 795 4358 929 4407; x_wconf 89' lang='lat' dir='ltr'>Eccl.</span> <span class='ocrx_word' id='word_1_290' title='bbox 952 4358 1034 4407; x_wconf 88' lang='lat' dir='ltr'>xli.</span> <span class='ocrx_word' id='word_1_291' title='bbox 1064 4361 1138 4406; x_wconf 83' lang='lat'>15.</span> <span class='ocrx_word' id='word_1_292' title='bbox 1244 4416 1251 4424; x_wconf 35' lang='grc'>,</span> <span class='ocrx_word' id='word_1_293' title='bbox 1801 4364 1885 4427; x_wconf 83' lang='lat'>(2)</span> <span class='ocrx_word' id='word_1_294' title='bbox 1925 4358 1983 4409; x_wconf 92' lang='lat' dir='ltr'>L.</span> <span class='ocrx_word' id='word_1_295' title='bbox 2007 4360 2066 4409; x_wconf 89' lang='lat' dir='ltr'>de</span> <span class='ocrx_word' id='word_1_296' title='bbox 2087 4363 2216 4410; x_wconf 89' lang='lat' dir='ltr'>bono</span> <span class='ocrx_word' id='word_1_297' title='bbox 2237 4359 2497 4420; x_wconf 56' lang='lat' dir='ltr'>viduitatis,</span> <span class='ocrx_word' id='word_1_298' title='bbox 2518 4378 2560 4411; x_wconf 91' lang='lat' dir='ltr'>c.</span> <span class='ocrx_word' id='word_1_299' title='bbox 2584 4361 2701 4411; x_wconf 84' lang='lat' dir='ltr'>xxii.</span> 
     </span>
     <span class='ocr_line' id='line_1_33' title="bbox 1447 4444 1910 4510; baseline 0.006 -20"><span class='ocrx_word' id='word_1_300' title='bbox 1447 4446 1532 4510; x_wconf 70' lang='lat'>(3)</span> <span class='ocrx_word' id='word_1_301' title='bbox 1574 4444 1688 4507; x_wconf 86' lang='lat' dir='ltr'>Sap.</span> <span class='ocrx_word' id='word_1_302' title='bbox 1711 4445 1808 4493; x_wconf 81' lang='lat' dir='ltr'>xvi.</span> <span class='ocrx_word' id='word_1_303' title='bbox 1836 4448 1910 4494; x_wconf 87' lang='lat'>13.</span> 
     </span>
    </p>
   </div>
   <div class='ocr_carea' id='block_1_6' title="bbox 2994 2666 2996 3699">
    <p class='ocr_par' dir='ltr' id='par_1_8' title="bbox 2994 2666 2996 3699">
     <span class='ocr_line' id='line_1_34' title="bbox 2994 2666 2996 3699; baseline 0 0"><span class='ocrx_word' id='word_1_304' title='bbox 2994 2666 2996 3699; x_wconf 95' lang='lat' dir='ltr'> </span> 
     </span>
    </p>
   </div>
  </div>
 </body>
</html>
