3117 5217
1241 551 1353 609 DE
1397 548 1775 610 ORATION
1781 552 1857 609 E.
2513 552 2627 606 221

451 725 702 785 funditus
730 724 934 782 domos
959 731 1234 781 evertunt.
1317 721 1468 779 Sunt
1493 732 1681 780 tamen
1723 723 1984 794 quaedam
2009 724 2175 792 bona,
2205 726 2411 798 quibus
2452 729 2625 787 homo

450 827 600 884 male
625 825 708 883 uti
745 843 862 883 non
891 831 1096 899 potest,
1137 839 1263 892 quae
1303 821 1522 878 scilicet
1558 822 1771 879 malum
1812 832 2077 880 eventum
2106 822 2311 882 habere
2350 844 2465 885 non
2496 846 2627 903 pos-

451 934 598 982 sunt.
683 923 828 981 Haec
855 930 1040 979 autem
1069 929 1202 977 sunt
1242 920 1448 992 quibus
1472 920 1883 989 beatificamur,
1914 930 1971 979 et
1996 924 2199 994 quibus
2226 923 2627 986 beatitudinem

450 1040 772 1081 meremur:
816 1038 942 1093 quae
982 1019 1215 1092 quidem
1255 1020 1433 1076 saneti
1481 1018 1695 1076 orando
1735 1020 1989 1078 absolute
2029 1031 2262 1096 petunt:
2306 1024 2624 1085 secundum

450 1120 591 1180 illud
617 1121 774 1179 Psal.
794 1120 983 1177 lxxix.
1027 1127 1044 1153 ⁴
1067 1117 1324 1176 Ostende
1351 1118 1554 1174 faciem
1583 1126 1734 1175 tuam
1762 1129 1819 1175 et
1844 1120 1989 1177 salvi
2014 1121 2274 1182 erimuS.’
2317 1122 2397 1179 Et
2420 1124 2626 1195 iterum

447 1221 664 1277 cxviii.:
709 1226 726 1253 ‘
749 1218 953 1276 Deduc
979 1236 1072 1275 me
1100 1218 1162 1274 in
1187 1217 1447 1273 semitam
1491 1216 1885 1275 mandatorum
1912 1217 2211 1277 tuorum.’¹
2292 1220 2383 1278 De
2411 1236 2626 1299 tempo-

450 1319 658 1376 ralibus
685 1326 872 1374 autem
892 1317 1056 1373 bonis
1079 1316 1369 1390 speciatim
1390 1314 1514 1372 haec
1535 1315 1734 1373 tradit:
1779 1324 1819 1351 ‘⁴
1844 1318 1991 1373 sicut
2012 1318 2362 1393 Augustinus
2390 1320 2530 1379 dicit
2555 1322 2627 1380 ad

451 1416 700 1474 Probam
739 1415 812 1472 de
839 1398 1068 1472 orando·
1095 1414 1306 1480 Deum,
1351 1422 1366 1447 ‘
1390 1412 1523 1471 Hoc
1561 1413 1697 1472 licet
1734 1434 1893 1472 orare
1922 1415 2075 1487 quod
2116 1417 2247 1472 lieet
2284 1416 2624 1478 desiderare.

452 1508 826 1589 Temporalia
851 1523 1039 1572 autem
1076 1514 1210 1571 licet
1235 1495 1589 1570 desiderare:
1634 1532 1747 1571 non
1790 1512 2020 1585 quidem
2048 1515 2455 1591 principaliter,
2482 1521 2629 1577 utin

452 1615 536 1670 eis
563 1613 737 1669 finem
765 1612 1196 1679 constituamuS,
1223 1612 1324 1669 sed
1365 1611 1511 1667 sicut
1548 1612 1805 1683 quaedam
1850 1612 2207 1680 adminicula,
2236 1616 2445 1686 quibus
2474 1617 2631 1695 adju-

453 1730 654 1769 vamur
692 1710 762 1768 ad
803 1710 1149 1770 tendendum
1189 1711 1250 1768 in
1287 1708 1713 1778 beatitudinem,
1753 1712 1814 1768 in
1854 1720 2127 1783 quantum
2166 1714 2386 1771 scilicet
2423 1734 2527 1791 per
2562 1735 2631 1774 ea

456 1812 569 1868 vita
595 1811 904 1885 corporalis
931 1818 1297 1876 sustentatur,
1326 1816 1384 1865 et
1408 1809 1467 1865 in
1508 1819 1782 1881 quantum
1820 1810 1987 1867 nobis
2012 1812 2279 1886 organice
2306 1812 2635 1873 deserviunt

455 1910 524 1967 ad
553 1918 710 1965 actus
739 1911 1044 1977 virtutum3
1072 1918 1136 1966 ut
1160 1909 1328 1965 etiam
1357 1907 1753 1983 Philosophus
1780 1908 1935 1976 dicit,
1962 1907 2032 1967 in
2064 1914 2090 1966 l
2123 1907 2509 1970 Ethicorum.
2553 1914 2633 1972 Et

457 2007 586 2065 ideo
612 2026 718 2083 pro
745 2008 1148 2085 temporalibus
1173 2006 1306 2063 licet
1330 1999 1590 2064 orare.”²

475 2185 478 2188 Ι
537 2112 631 2164 13.
675 2106 1116 2182 Simplicissima
1141 2114 1198 2163 et
1215 2104 1678 2179 praestantissima
1697 2106 1965 2164 orationis
1988 2108 2229 2165 formula
2254 2127 2321 2166 ea
2348 2120 2437 2167 est
2459 2130 2631 2182 quam

455 2204 726 2263 Christus
773 2206 1060 2263 Dominus
1101 2203 1344 2271 tradidit,
1387 2223 1502 2277 qua
1542 2204 1653 2261 Dei
1693 2204 1931 2280 gloriam
1975 2206 2256 2281 imprimis
2298 2210 2625 2279 quaerimus,

457 2301 728 2378 deinceps
757 2304 919 2360 nobis
959 2304 1211 2361 subsidia
1250 2304 1376 2359 vitae
1417 2314 1476 2361 et
1513 2304 1749 2370 salutis;
1793 2313 1850 2361 et
1886 2303 2133 2377 denique
2172 2304 2560 2364 liberationem
2604 2328 2637 2365 a

457 2402 672 2476 peccati
715 2402 966 2475 periculo
1011 2412 1070 2457 et
1111 2403 1180 2458 ab
1221 2402 1469 2459 interitu.
1555 2410 1596 2437 ⁶⁶
1622 2402 1817 2459 Oratio
1862 2402 2171 2461 Dominica
2216 2404 2633 2479 perfectissima

456 2510 567 2567 est,
609 2500 760 2571 quia,
803 2499 953 2556 sicut
992 2500 1340 2575 Augustinus
1381 2497 1520 2556 dicit
1557 2499 1630 2555 ad
1667 2500 1936 2567 Probam,
1981 2509 1996 2535 ‘
2020 2501 2084 2558 Si
2120 2513 2271 2557 recte
2318 2512 2373 2559 et
2398 2522 2635 2579 congru-

455 2610 616 2655 enter
643 2616 891 2664 oramus‚
921 2597 1066 2655 nihil
1091 2597 1241 2654 aliud
1281 2596 1469 2653 dicere
1510 2615 1840 2672 possumus,
1882 2615 2051 2668 quam
2092 2597 2242 2669 quod
2270 2599 2327 2657 in
2370 2600 2475 2656 ista
2514 2620 2635 2658 ora-

457 2698 606 2755 tione
635 2697 940 2754 Dominica
966 2697 1214 2772 positum
1243 2704 1346 2752 est.
1417 2696 1567 2762 Quia
1592 2696 1745 2752 enim
1774 2695 1951 2752 oratio
1978 2703 2065 2751 est
2090 2695 2511 2767 quodammodo
2540 2697 2633 2756 de-

453 2796 650 2854 siderii
675 2796 852 2854 nostri
879 2796 1156 2871 interpres
1185 2793 1332 2869 apud
1361 2794 1573 2859 Deum,
1602 2794 1699 2849 illa
1722 2803 1875 2850 recte
1902 2794 2088 2851 solum
2116 2794 2331 2852 orando
2358 2800 2627 2871 petimus,

457 2902 582 2967 quae
621 2906 774 2951 recte
815 2893 1136 2951 desiderare
1175 2893 1449 2949 valemus.
1531 2893 1603 2950 In
1643 2893 1897 2950 oratione
1938 2904 2125 2949 autem
2167 2893 2474 2953 Dominica
2511 2916 2628 2955 non

455 2992 644 3050 solum
673 3000 938 3068 petuntur
962 2994 1156 3051 omnia
1181 3009 1307 3063 quae
1333 3001 1486 3048 recte
1525 2990 1845 3048 desiderare
1874 3009 2200 3066 possumus,
2229 2993 2331 3050 sed
2362 2996 2532 3054 etiam
2560 3016 2631 3055 eo

455 3091 654 3149 ordine
700 3110 814 3163 quo
858 3090 1235 3150 desideranda
1279 3082 1508 3147 sunt.”³
1588 3089 1657 3147 Id
1702 3098 1887 3147 autem
1932 3089 2027 3148 hic
2073 3091 2631 3153 animadvertendum

455 3190 746 3256 duximus,
773 3189 921 3249 hanc
942 3192 1252 3248 orationem
1275 3190 1514 3265 proferri
1535 3208 1569 3245 a
1590 3189 1831 3265 singulis
1857 3190 2031 3247 veluti
2052 3190 2349 3249 omninum
2378 3196 2629 3260 nomine,

455 3288 698 3361 ideoque
727 3290 1008 3347 mendacii
1047 3308 1162 3347 non
1203 3290 1382 3366 argui,
1411 3287 1503 3345 vel
1542 3288 1761 3362 peccati
1802 3288 2085 3363 specialiS‚
2122 3290 2220 3361 qui
2262 3300 2384 3348 orat
2411 3295 2634 3351 veniam

459 3387 817 3454 delictorum,
863 3407 988 3447 eam
1035 3406 1203 3459 quam
1251 3388 1377 3444 aliis
1423 3405 1496 3443 ex
1543 3385 1763 3443 Christi
1807 3386 1935 3461 lege
1978 3386 2315 3445 exhibemus
2362 3390 2633 3467 allegans,

458 3489 718 3559 quamvis
746 3487 934 3545 forsan
963 3488 1086 3563 ipse
1114 3486 1361 3543 inimicis
1389 3482 1575 3540 adhuc
1600 3502 1718 3540 non
1744 3476 2073 3557 ignoverit.⁴

540 3590 632 3643 14.
675 3585 1007 3643 Orationem
1050 3583 1302 3643 vocalem
1346 3582 1476 3639 Deo
1505 3582 1730 3655 probari
1771 3598 1845 3636 ex
1885 3582 2009 3655 ipsa
2048 3580 2353 3638 Dominica
2380 3586 2631 3641 oratione

454 3685 666 3755 liquet3
709 3684 945 3741 vocibus
973 3682 1189 3739 scilicet
1229 3680 1287 3735 in
1313 3698 1382 3735 ea
1419 3680 1818 3753 exprimuntur
1859 3678 2048 3736 cordis
2076 3678 2355 3737 desideria
2395 3691 2453 3739 et
2496 3686 2634 3758 peti-

457 3783 661 3839 tiones.
745 3779 1032 3853 Equidem
1075 3777 1535 3853 praestantissima
1574 3776 1771 3833 orandi
1810 3778 1951 3833 ratio
1989 3796 2057 3834 ea
2096 3785 2183 3835 est
2207 3795 2333 3849 quae
2361 3780 2419 3837 in
2448 3792 2635 3841 mente

457 3880 750 3946 consistit;
793 3877 894 3935 sed
919 3887 976 3935 et
1001 3897 1068 3936 ea
1107 3895 1232 3949 quoe
1261 3877 1451 3933 verbis
1492 3877 1831 3941 enuntiatur,
1872 3894 2106 3951 magnas
2134 3877 2305 3934 habet
2328 3880 2631 3939 utilitates:

461 3980 698 4035 inservit
721 3978 875 4035 enim
907 3986 946 4013 ‘⁴
968 3978 1154 4052 primo
1180 3973 1410 4046 quidem
1439 3974 1511 4029 ad
1530 3973 1891 4031 excitandum
1918 3976 2240 4033 interiorem
2270 3976 2633 4040 devotionem

457 4094 572 4149 qua
597 4092 758 4132 mens
786 4075 996 4131 orantis
1024 4074 1274 4130 elevetur
1299 4074 1358 4129 in
1399 4072 1625 4129 Deum:
1670 4074 1801 4145 quia
1838 4092 1943 4148 per
1968 4076 2247 4132 exteriora
2287 4078 2467 4153 signa,
2511 4082 2633 4139 sive

457 4190 685 4239 vocum,
714 4173 834 4229 sive
859 4172 1028 4229 etiam
1069 4170 1386 4243 aliquorum
1427 4170 1723 4238 factorum,
1766 4182 2025 4229 movetur
2063 4191 2225 4231 mens
2266 4174 2539 4245 hominis,
2580 4189 2637 4236 et

597 4395 682 4459 (l)
705 4358 769 4441 ‘2
794 4396 842 4441 2.
865 4408 946 4457 qu.
971 4392 1162 4444 lxxxiii.
1185 4400 1271 4442 art.
1294 4410 1340 4441 v.
1656 4394 1740 4459 (2)
1780 4393 1977 4453 Ibidem,
2000 4402 2085 4443 art.
2106 4396 2166 4445 vi.

602 4478 687 4543 (3)
728 4476 926 4537 Ibidem,
944 4486 1030 4527 art.
1052 4479 1120 4528 ix.
1189 4477 1339 4544 Resp.
1649 4478 1735 4544 (4)
1772 4478 1967 4538 Ibidem,
1990 4485 2075 4529 art.
2099 4479 2194 4528 xvi.
2216 4478 2287 4531 ad
2305 4480 2525 4530 tercium.

1527 4558 1644 4613 20*
