3117 5217
733 571 849 634 DE
893 570 1390 632 CHARITATE
1434 569 1667 630 ERGA
1707 571 2189 637 PROXIMUM.
2430 581 2542 637 301

349 717 548 800 rituali
577 742 673 800 vel
699 741 999 818 temporali
1041 741 1320 818 neglecta,
1360 739 1673 798 dummodo
1721 758 1955 798 munere
1996 735 2115 800 uli'o
2154 743 2386 819 speciali
2432 763 2549 804 non

344 840 772 918 adstringatur:
831 849 1097 900 caeterum
1135 857 1254 898 non
1298 848 1516 916 peccat,
1554 841 1613 898 si
1668 839 1791 898 aliis
1834 843 2111 908 consulat,
2154 861 2283 900 eum
2331 846 2545 919 perfec-

350 941 532 999 tionis
575 939 904 1018 dispendio.
987 939 1144 996 Hinc
1183 937 1466 1014 culpanda
1505 956 1621 996 non
1660 947 1749 996 est
1792 939 2001 1014 puella,
2044 941 2547 1018 quae=religionem

349 1040 678 1116 profitetur,
707 1048 883 1096 matre
909 1056 1160 1115 paupere
1187 1037 1248 1094 in
1275 1037 1488 1095 saeculo
1514 1037 1731 1106 relicta,
1774 1055 1901 1109 quae
1940 1047 2129 1097 tamen
2156 1051 2401 1116 egestate
2428 1061 2543 1100 non

349 1139 600 1196 laborat.
687 1138 746 1195 N
750 1157 816 1195 ec
843 1135 1156 1214 culpandus
1193 1136 1282 1193 vir
1308 1138 1406 1208 qui
1435 1137 1494 1194 in
1533 1136 1795 1196 ordinem
1832 1137 2165 1214 religiosum
2206 1139 2540 1216 ingreditur,

349 1237 626 1295 fratribus
654 1237 748 1294 vel
773 1236 899 1294 aliis
941 1235 1280 1312 propinquis
1319 1236 1617 1312 neglectis,
1658 1253 1805 1308 quos
1844 1237 2049 1311 pietate
2090 1237 2343 1296 imbuere
2380 1257 2445 1296 se
2486 1242 2586 1298 in·

351 1335 574 1394 saeculo
601 1321 927 1393 manentem
953 1352 1128 1411 posse
1153 1333 1506 1400 confidebam
1549 1334 1721 1392 habet
1744 1334 1899 1392 enim
1925 1336 2023 1411 jus
2050 1335 2159 1393 sibi
2186 1338 2541 1407 consulendi,

351 1444 410 1494 et
435 1434 784 1511 perfectioni
809 1433 1093 1492 studendi.
1177 1431 1297 1489 Sed
1323 1453 1430 1490 nec
1455 1432 1980 1508 reprehendendus,
2008 1435 2061 1492 si
2086 1434 2223 1492 velit
2248 1436 2307 1492 in
2334 1437 2545 1494 saeculo

351 1545 616 1601 manere,
645 1543 710 1590 ut
733 1532 932 1590 fratres
961 1533 1174 1589 aliosve
1201 1531 1472 1590 institutis
1498 1533 1675 1588 sacris
1702 1533 1955 1599 imbuat3
1998 1532 2089 1589 vel
2114 1543 2177 1589 ut
2214 1535 2545 1608 parentibus

352 1641 520 1690 aetate
547 1633 836 1706 provectis
863 1631 1080 1690 auxilio
1105 1629 1197 1696 sit,
1223 1640 1282 1688 et
1305 1631 1529 1690 solatio.
1594 1638 1632 1664 ‘⁶
1655 1630 1771 1688 Per
1789 1648 1851 1688 se
1878 1629 2231 1703 loquend0,”
2260 1633 2451 1704 inquit
2474 1634 2539 1691 S.

349 1730 719 1805 Alphonsus‚
765 1737 804 1766 ‘⁶
827 1738 1014 1806 potest
1056 1727 1186 1800 quis
1228 1731 1452 1806 privare
1491 1730 1750 1805 seipsum
1791 1730 1958 1788 bonis
2000 1729 2383 1804 spiritualibus
2424 1751 2540 1790 non

347 1830 700 1887 necessariis
729 1828 799 1886 ad
823 1829 1062 1886 salutem
1090 1827 1164 1883 ob
1199 1829 1410 1886 bonum
1455 1828 1704 1905 proximi
1742 1827 2054 1904 spirituale,
2096 1827 2190 1886 vel
2226 1831 2541 1906 corporale,

347 1939 412 1986 ut
437 1937 600 1986 esset
623 1929 880 1986 omittere
917 1923 1142 2004 ingredi
1179 1926 1240 1984 in
1282 1926 1664 2003 Religionem,
1706 1926 1777 1984 ad
1804 1924 2039 1985 alendos
2078 1939 2341 2004 parentes
2380 1947 2538 1997 suos,

351 2027 446 2084 vel
490 2019 745 2084 filios.”²
824 2024 1018 2084 Vidua
1041 2044 1170 2097 quae
1215 2026 1287 2084 ad
1331 2026 1699 2102 Religionem
1744 2026 2017 2103 confugit,
2064 2037 2369 2103 postquam
2408 2027 2541 2086 filiis

349 2125 493 2182 satis
522 2124 830 2192 consuluit,
859 2123 1138 2203 culpanda
1166 2143 1280 2182 non
1305 2133 1425 2182 est:
1467 2141 1635 2181 secus
1663 2125 1713 2180 si
1738 2142 1937 2182 eorum
1964 2124 2229 2183 derelicta
2248 2146 2401 2193 cura,
2430 2128 2539 2189 sibi

349 2233 578 2282 tantum
603 2223 844 2282 studeat.
1711 2205 1716 2208 ⁸

433 2327 546 2397 83,
583 2323 894 2384 Peccatum
933 2323 1173 2389 nullum,
1202 2323 1567 2394 quantumvis
1606 2322 1752 2404 leve,
1793 2321 2199 2384 admittendum
2226 2332 2333 2390 est,
2368 2323 2539 2382 etiam

350 2423 558 2480 alienae
599 2421 794 2479 salutis
821 2421 1008 2479 studio
1032 2441 1047 2489 ;
1071 2439 1220 2478 -nam
1263 2431 1483 2480 tenetur
1507 2423 1755 2495 quisque
1780 2423 1893 2479 sibi
1917 2439 2234 2498 praecavere
2258 2441 2273 2489 ;
2316 2433 2542 2498 praeter·

351 2539 532 2593 quam
561 2519 714 2592 quod
741 2529 1035 2596 peccatum
1065 2519 1220 2579 nullo
1247 2531 1416 2596 pacto
1457 2521 1639 2594 possit
1675 2520 1871 2577 licere.
1954 2521 2137 2596 Igitur
2160 2521 2210 2576 si
2240 2523 2368 2602 quis
2400 2539 2541 2595 proe-

349 2619 559 2678 videat·
572 2619 804 2676 veritate
841 2619 1106 2696 exposita
1131 2619 1428 2676 haereticos
1455 2617 1808 2693 triumphum
1834 2625 2077 2683 acturos,
2106 2618 2198 2674 vel
2222 2618 2479 2674 infirmos
2506 2639 2541 2676 a

347 2717 468 2776 fide
495 2717 838 2784 defecturos,
868 2701 996 2775 non'
1023 2716 1156 2773 ideo
1179 2716 1374 2774 licebit
1409 2715 1703 2773 levissimo
1744 2714 2045 2772 mendacio
2070 2733 2196 2771 eam
2238 2717 2552 2792 obtegere,

345 2816 582 2874 etiamsi
607 2816 838 2892 plurimi
863 2815 971 2872 hac
997 2815 1214 2874 ratione
1239 2814 1309 2871 ad
1349 2813 1520 2872 fidem
1547 2812 1865 2874 adducendi
1892 2813 2107 2871 forent:
2152 2823 2417 2871 caeterum
2442 2832 2536 2871 ve-

345 2917 486 2973 ritas
513 2916 646 2990 ipsa
671 2931 788 2970 non
813 2923 902 2970 est
925 2921 1138 2970 temere
1164 2912 1526 2988 exponenda.

431 3017 534 3070 84.
578 3014 646 3070 In
673 3022 930 3070 extrema
955 3010 1286 3069 necessitate
1315 3009 1593 3084 spirituali
1618 3010 1925 3068 constituto
1944 3010 2395 3070 subveniendum
2422 3021 2529 3078 est,

347 3114 524 3170 etiam
567 3129 696 3168 cum
723 3111 851 3167 vitae
883 3109 1230 3176 discrimine,
1276 3118 1314 3144 “
1331 3105 1645 3166 dummodo
1670 3098 1903 3166 tria⁵con
2105 3112 2159 3164 1.
2188 3119 2250 3176 ut
2274 3111 2349 3166 sit
2372 3127 2535 3183 aeque

347 3229 488 3288 spes
507 3209 770 3287 juvandi,
810 3219 874 3266 ut
911 3197 993 3266 ait
1023 3199 1442 3266 Busem'baum
1469 3225 1609 3266 cum
1634 3115 2085 3293 Laymanm.
2119 3173 2533 3284 bffproximus

347 3308 502 3368 certo
531 3307 886 3367 damnandus
913 3311 1008 3376 sit,
1036 3308 1147 3364 nisi
1173 3326 1206 3364 a
1231 3318 1284 3364 te
1311 3307 1639 3384 adjuvetur;
1682 3309 1761 3365 ita
1786 3316 1847 3364 ut
1874 3305 2053 3387 (addit
2080 3305 2399 3384 Malderus)
2430 3309 2529 3366 tibi

345 3416 574 3466 constet
597 3408 928 3484 proximum
958 3407 1118 3468 aliter
1143 3424 1262 3464 non
1286 3425 1414 3463 esse
1441 3404 1887 3463 convertendum
1916 3407 2286 3472 contritione,
2305 3407 2396 3462 vel
2422 3407 2533 3464 alia

345 3507 680 3584 operatione
707 3505 914 3564 divinae
940 3498 1228 3581 gratiae.”²
1304 3505 1398 3562 Ea
1433 3505 1649 3579 quippe
1678 3501 1882 3560 dicitur
1914 3513 2169 3560 extrema
2192 3505 2527 3570 necessitas,

347 3625 476 3679 quae
522 3605 851 3681 proximum
893 3612 1237 3675 certumque⁸
1261 3601 1639 3661 damnationis
1680 3601 1987 3658 discrimen
2028 3600 2153 3658 fert.
2237 3600 2435 3675 Igitur,
2476 3602 2527 3658 si

345 3722 520 3762 nemo
545 3705 690 3762 alius
717 3704 1050 3780 reperiatur,
1079 3703 1177 3774 qui
1203 3703 1470 3778 baptizet,
1499 3700 1667 3758 debet
1704 3699 2003 3775 parvulum
2030 3699 2363 3756 moriturum
2390 3699 2525 3773 bap·

345 3803 546 3870 tizare,
571 3803 706 3860 licet
729 3791 1126 3861 verosimiliter
1151 3801 1348 3859 timeat
1371 3809 1609 3857 mortem
1640 3799 1708 3856 ab
1734 3798 1933 3856 itinere
1960 3796 2029 3854 ad
2068 3814 2199 3854 eum
2238 3797 2530 3872 baptizan-

343 3901 504 3960 dum.
593 3901 786 3966 Quum
813 3902 1146 3977 plerumque
1188 3899 1506 3977 baptismus
1546 3896 1935 3974 parvulorum,
1961 3896 2157 3954 invitis
2180 3895 2521 3971 parentibus,

343 4001 518 4058 etiam
545 3999 605 4056 in
631 4000 760 4056 vitae
782 4001 962 4066 exitu,
987 3999 1386 4073 gravissimum
1413 3997 1548 4055 fidei
1570 3995 1859 4054 catholicas
1880 3994 2073 4054 odium
2098 4013 2291 4070 parere
2318 3997 2521 4072 possit,

343 4115 462 4156 non
490 4097 712 4156 videtur
751 4099 930 4156 teneri
972 4097 1256 4172 quispiam
1295 4096 1366 4154 ad
1405 4115 1538 4154 eum
1579 4094 2015 4172 perficiendum,
2045 4093 2521 4168 quandocumque

343 4197 469 4284 fieri
496 4205 744 4269 nequeat
775 4198 988 4269 absque
1017 4196 1174 4271 pacis
1216 4194 1534 4270 dispendio,
1620 4193 1863 4252 Constat
1902 4211 2003 4250 eos
2043 4196 2157 4250 vita
2195 4193 2349 4250 haud
2375 4195 2523 4270 peri·

691 4383 774 4447 (l)
813 4379 874 4429 L.
895 4379 947 4430 ii.
967 4386 1102 4430 nact-
1124 4379 1192 4429 iii.
1215 4395 1320 4443 cap.
1341 4379 1392 4428 ii.
1414 4379 1526 4427 dub.
1549 4377 1581 4429 i.
1605 4395 1655 4428 n.
1680 4379 1763 4427 26.

684 4468 768 4532 (2)
809 4465 862 4514 S.
883 4466 1034 4530 Alph.
1056 4467 1088 4516 l.
1110 4465 1160 4515 ii.
1184 4464 1346 4514 Tract-
1369 4465 1438 4514 iii.
1460 4481 1564 4530 cap.
1582 4464 1633 4514 ii.
1655 4465 1769 4516 dub.
1790 4465 1822 4514 i.
1846 4480 1896 4516 n.
1916 4468 1997 4512 27.

500 4561 654 4618 ναι..
685 4561 929 4620 IL-27
1249 4607 1254 4615 ὓ

209 4708 446 4793 flia?
505 4703 968 4820 sn.«,‚2<.“-··.-
1137 4663 1360 4752 '‘uh“

481 4831 514 4866 „e

280 4855 716 4928 ).„(·.=„.‚,
