3117 5217
477 572 601 632 204
1252 566 1541 629 CAPUT
1583 568 1953 629 UNIcUM.

482 732 709 793 consilii
756 732 867 800 sui,
908 732 1249 807 interposuit
1288 732 1726 809 jusjurandumz
1771 742 1836 791 nt
1875 752 1980 811 per
2015 732 2158 791 duas
2195 751 2290 791 res
2327 730 2677 798 immobiles,

484 833 691 906 quibus
710 830 1065 905 impossibile
1084 840 1173 887 est
1186 832 1413 890 mentiri
1433 830 1649 900 Deum,
1673 832 2040 891 fortissimum
2059 832 2324 891 solatium
2343 832 2677 897 habeamus,

486 932 587 1004 qui
610 928 973 1005 confugimus
1000 928 1073 987 ad
1112 930 1411 989 tenendam
1454 932 1806 1007 propositam
1833 950 1996 1009 spem
2020 952 2039 989 ε
2081 949 2254 1004 quam
2279 930 2426 989 sicut
2463 927 2674 986 ancho-

486 1048 605 1087 ram
634 1028 909 1086 babemus
936 1029 1141 1087 animae
1162 1038 1335 1087 uitam
1358 1049 1425 1087 ac
1448 1024 1772 1090 firmam.’'¹
1851 1030 2142 1089 Coeternm
2167 1048 2346 1103 quum
2375 1027 2538 1087 facile
2571 1025 2671 1083 de-

482 1128 761 1193 ficiamus,
804 1136 861 1183 et
886 1128 1207 1214 'tentatione
1258 1130 1574 1197 vincamur,
1617 1128 1748 1187 ideo
1797 1128 2050 1188 hortatur
2092 1128 2436 1205 Apostolus:
2479 1135 2520 1163 ‘⁸
2537 1144 2672 1183 cum

482 1236 635 1283 metu
662 1238 721 1283 et
744 1236 990 1283 tremore
1016 1236 1261 1285 vestram
1288 1227 1525 1285 salutem
1554 1220 1968 1303 operamini.”²

562 1328 661 1383 68.
704 1324 859 1381 Vitia
884 1325 1009 1400 spei
1034 1326 1299 1400 opposita
1322 1334 1457 1385 sunt
1474 1325 1798 1403 desperatio
1815 1335 1872 1384 et
1887 1327 2274 1404 praesumptio.
2331 1322 2672 1399 Desperatio

486 1434 575 1483 est
612 1422 945 1483 omnimoda
984 1422 1297 1483 diffidentia
1338 1425 1580 1483 salntem
1617 1425 1984 1498 assequendi,
2019 1425 2112 1483 vel
2143 1424 2397 1483 subsidia
2433 1421 2504 1481 ad
2541 1436 2673 1479 eam

484 1523 825 1583 necessaria.
908 1521 977 1581 In
1018 1541 1089 1580 eo
1131 1524 1317 1599 posita
1360 1534 1467 1591 est,
1495 1534 1559 1581 ut
1603 1524 1756 1596 quis,
1787 1544 1894 1602 spe
1927 1525 2152 1601 penitus
2197 1524 2426 1589 amissa,
2471 1538 2670 1579 curam

486 1622 683 1679 salutis
710 1620 955 1698 abjiciat.
1039 1629 1079 1656 ‘⁴
1102 1620 1259 1680 Hinc
1288 1622 1594 1699 judicium,
1623 1640 1738 1694 quo
1773 1626 1924 1698 quis·
1949 1632 2130 1699 putat,
2154 1641 2218 1680 se
2256 1641 2293 1678 a
2327 1618 2673 1679 beatitudine

485 1719 925 1787 excludendum,
952 1738 1069 1779 non
1106 1730 1197 1779 est
1234 1722 1463 1798 proprie
1500 1722 1844 1797 desperatio,
1871 1724 1978 1781 etsi
2017 1722 2094 1780 sit
2131 1720 2269 1793 quid
2299 1720 2572 1796 praevium
2614 1726 2678 1774 et

484 1820 761 1879 inducens
800 1818 869 1875 ad
910 1818 1383 1895 desperationem.
1466 1820 1618 1887 lmo,
1659 1830 1724 1879 ut
1761 1823 2026 1881 observat
2067 1819 2351 1887 Herinox,
2397 1836 2528 1876 cum
2573 1815 2674 1873 tali

476 1918 720 1995 judicio,
760 1917 961 1975 saltem
998 1936 1115 1975 non
1154 1919 1325 1994 plane
1358 1918 1543 1986 firmo,
1573 1919 1676 1977 sed
1713 1920 2106 1988 formidoloso,
2145 1928 2334 1995 potest
2357 1917 2670 1975 consistere

488 2027 649 2073 actus
676 2016 823 2090 spei,
852 2032 967 2085 quo
994 2017 1125 2087 quis
1152 2016 1523 2075 nihilominus
1545 2018 1684 2075 velit
1707 2018 1778 2077 ad
1805 2018 2206 2079 beatitudinem
2233 2015 2590 2081 contendere,
2617 2014 2672 2070 si

482 2114 625 2173 forte
650 2114 725 2171 sit
750 2113 1151 2173 misericordiae
1178 2108 1437 2175 locus.”³
1516 2116 1694 2175 Fides
1733 2118 2036 2191 aliquando
2075 2134 2207 2175 cum
2245 2134 2350 2191 spe
2377 2113 2665 2180 amittitur,

482 2213 711 2286 quando
736 2213 865 2285 quis
890 2211 1023 2271 ideo
1058 2214 1341 2290 desperat,
1370 2214 1523 2287 qnod
1554 2216 1744 2275 Deum
1773 2236 1904 2275 eum
1945 2217 2015 2276 ad
2053 2215 2336 2291 supplicia
2361 2213 2668 2270 inferorum

482 2313 553 2369 ab
578 2323 787 2371 aeterno
814 2311 1127 2371 destinasse
1154 2312 1361 2371 credat.
1444 2313 1794 2387 Plerumque
1814 2325 2002 2373 tamen
2029 2314 2348 2390 desperatio
2373 2310 2666 2385 contingit,

480 2410 595 2471 fide
632 2408 785 2468 haud
824 2410 1073 2478 amissa3
1114 2411 1291 2469 homo
1332 2411 1549 2488 quippe
1589 2414 1690 2486 qui
1725 2424 1878 2471 certa
1913 2414 2026 2472 fide
2065 2422 2220 2471 tenet
2258 2412 2449 2470 Deum
2477 2408 2670 2466 sibiet

480 2510 749 2569 omnibus
776 2508 973 2567 salutis
999 2510 1253 2569 subsidia
1276 2510 1618 2569 sufficientia
1641 2522 1926 2588 praestare,
1955 2520 2143 2591 potest
2167 2510 2310 2569 adeo
2349 2527 2520 2567 sensu
2545 2524 2669 2564 sce-

480 2609 663 2667 lerum
690 2626 925 2667 suorum
952 2610 1137 2677 obrui,
1164 2620 1227 2668 ut
1250 2630 1415 2686 spem
1454 2630 1688 2669 omnem
1719 2613 1896 2669 veniae
1937 2613 2182 2689 abjiciat.
2266 2609 2334 2669 Id
2360 2618 2544 2666 autem
2579 2624 2668 2663 se·-

480 2707 615 2767 duld
656 2706 1235 2777 animadvertendum,
1264 2708 1542 2782 quosdam
1583 2710 1882 2785 phantasia
1915 2711 2193 2776 laborare,
2222 2709 2494 2779 tetrisque
2527 2706 2667 2762 ima·

481 2808 709 2884 ginibus
736 2817 989 2865 mentem
1014 2807 1221 2865 habere
1248 2808 1391 2865 adeo
1418 2808 1824 2876 obnubilatam,
1847 2808 2004 2881 qnod
2021 2810 2130 2867 sibi
2153 2806 2444 2865 videantur
2463 2805 2668 2880 despe-

480 2924 623 2963 rare.
706 2904 821 2961 His
848 2906 1164 2963 consolatio
1190 2906 1495 2982 praebenda
1520 2917 1628 2974 est,
1655 2917 1712 2964 et
1735 2918 2088 2967 sacramenta
2115 2907 2286 2965 etiam
2327 2901 2666 2981 praestanda,

478 3002 811 3069 dummodo,
828 3004 985 3063 nulla
1003 3008 1220 3081 peccati
1242 3005 1652 3063 consuetudine
1671 3006 1888 3074 irretiti,
1909 3008 2140 3083 cupiant
2155 3005 2326 3078 saluti
2345 3002 2666 3063 consulere.

478 3103 611 3163 Nec
636 3103 721 3159 eis
748 3103 913 3161 facile
938 3103 1282 3161 credendum
1311 3106 1694 3163 asserentibus
1719 3124 1782 3162 se
1810 3106 2106 3182 desperare
2130 3124 2145 3172 ;
2175 3122 2302 3177 quie
2329 3104 2482 3161 enim
2509 3102 2669 3179 cogi·

473 3202 715 3258 tationes
758 3218 861 3258 eos
906 3200 1047 3257 adeo
1092 3200 1439 3276 deprimunt,
1480 3214 1614 3259 sunt
1653 3204 1988 3279 plerumque
2029 3206 2165 3281 aegri
2197 3204 2376 3265 animi
2417 3202 2666 3269 somnia,

476 3314 603 3369 quae
628 3314 899 3371 spernere
924 3306 1169 3372 praestat.

556 3399 655 3454 69.
698 3396 1043 3471 Desperatio
1068 3396 1135 3455 ad
1164 3397 1299 3455 vitia
1323 3398 1664 3473 gravissima
1687 3400 1900 3459 aditum
1929 3403 2140 3479 aperit3
2169 3420 2276 3478 spe
2303 3400 2458 3458 enim
2484 3398 2670 3457 semel

475 3497 713 3573 abjecta,
742 3496 987 3569 quisque
1013 3497 1125 3555 ruit
1149 3514 1361 3573 pronus
1388 3498 1445 3555 in
1474 3498 1712 3566 scelera,
1734 3520 1910 3572 quum
1929 3518 1992 3557 se
2019 3519 2136 3559 non
2155 3518 2328 3577 posse
2347 3515 2664 3575 repugnare

474 3596 613 3655 vitio
640 3596 843 3655 habeat
866 3614 1223 3671 persuasum,
1250 3604 1309 3655 et
1334 3597 1547 3655 nullam
1575 3597 1695 3655 fore
1721 3600 1830 3657 sibi
1855 3602 1914 3657 in
1943 3618 2083 3658 aevo
2109 3600 2298 3658 futuro
2317 3599 2664 3672 voluptatem

471 3697 781 3755 existimet.
866 3694 1023 3754 Hinc
1050 3696 1181 3755 Deo
1206 3714 1312 3772 per
1335 3694 1372 3753 J
1376 3697 1644 3755 eremiam
1686 3698 1976 3773 pollicenti
2017 3716 2079 3755 se
2120 3696 2668 3772 Hierosolymitanis

472 3795 697 3853 veniam
725 3795 1107 3870 elargiturum,
1134 3796 1185 3851 si
1224 3795 1613 3871 poenitentiam
1650 3806 1894 3871 agerent,
1924 3796 2370 3872 responderunt:
2456 3803 2496 3830 ‘⁴
2515 3794 2666 3851 Des·

428 3939 438 3957 ,
470 3893 829 3969 peravimus:
872 3902 1003 3967 post
1040 3894 1411 3969 cogitationes
1450 3896 1605 3953 enim
1645 3904 1864 3953 nostras
1904 3896 2130 3963 ibimus,
2171 3905 2230 3953 et
2265 3894 2664 3967 unusquisque

470 3990 799 4066 pravitatem
828 3991 1017 4049 cordis
1044 3992 1135 4049 sui
1162 3993 1297 4050 mali
1324 3986 1699 4052 faciemus.''⁴

547 4092 647 4146 70.
690 4088 1053 4164 Praecipuum
1081 4090 1490 4166 desperationis
1517 4091 1832 4149 remedium
1859 4101 1967 4160 est,
1997 4101 2058 4149 ut
2095 4092 2316 4150 infinita
2348 4091 2462 4149 Dei
2487 4091 2661 4149 mise-

806 4307 891 4375 (1)
932 4308 1252 4357 Heb.vi.17.
1817 4314 1902 4377 (2)
1942 4312 2068 4361 Phil.
2089 4312 2142 4360 ii.
2173 4315 2252 4360 12.

722 4455 726 4461 Ι
798 4395 878 4459 (3)
919 4392 1092 4441 Petrus
1114 4392 1265 4451 DenS‚
1296 4393 1459 4447 Ἕνα-ἰ.
1482 4392 1541 4443 de
1576 4394 1766 4445 Virtute
1790 4395 1926 4461 Spei,
1947 4412 1998 4445 n.
2025 4399 2137 4445 107.
2169 4396 2220 4445 ii.

803 4479 887 4544 (4)
926 4477 1023 4526 Jer.
1044 4477 1177 4527 xviii.
1206 4480 1283 4525 12.
