3117 5217
1069 1362 1729 1440 TRACTATUS
1787 1364 1887 1439 X,

1173 1610 1294 1673 DE
1339 1612 1378 1674 J
1385 1612 1775 1675 USTITIA.

1150 2038 1406 2083 PRAEVIAE:
1447 2044 1773 2083 NOTIONES.

455 2212 510 2265 1.
552 2209 588 2267 J
593 2230 834 2270 us‘rrru.
862 2212 931 2268 ab
959 2211 1211 2288 Ulpiano
1239 2212 1507 2271 definitur
1548 2222 1587 2249 “
1612 2221 1880 2271 constans
1908 2221 1965 2269 et
2001 2222 2274 2289 perpetua
2298 2212 2563 2270 voluntas

360 2309 459 2384 jus
482 2328 650 2367 suum
679 2312 885 2383 cuique
905 2312 1186 2371 tribuendi
1209 2304 1298 2381 ;’'¹
1341 2322 1427 2369 est
1453 2322 1666 2381 autem,
1688 2313 1857 2391 juxta
1884 2311 2204 2389 theologos,
2234 2312 2409 2369 virtus
2439 2329 2562 2369 mo·

369 2408 508 2465 ralis
529 2419 849 2467 constanter
887 2410 1170 2470 inclinans
1196 2411 1546 2469 voluntatem
1587 2412 1658 2470 ad
1700 2420 1975 2488 perpetuo
2013 2410 2368 2470 reddendum
2404 2410 2564 2467 alteri

364 2508 466 2584 jus
495 2525 662 2564 suum
704 2508 774 2566 ad
814 2510 1211 2583 aequalitatem.
1297 2510 1553 2587 Legalis
1592 2510 1815 2587 justitia
1854 2528 1923 2567 ea
1950 2508 2158 2568 dicitur
2200 2527 2325 2580 quae
2366 2509 2561 2585 legum

371 2615 564 2663 servat
589 2606 864 2676 ordinem,
884 2610 1128 2686 juraque
1157 2627 1262 2686 pro
1288 2608 1483 2685 legum
1523 2608 1907 2683 dispositione
1928 2616 2131 2664 tuetur.
2217 2607 2317 2663 Sic
2346 2609 2446 2687 qui
2471 2624 2563 2663 res

375 2724 532 2772 suae,
562 2724 701 2779 quas
742 2707 880 2766 alter
918 2709 1125 2785 injuria
1157 2708 1381 2775 retinet,
1424 2726 1500 2765 ex
1542 2707 1691 2784 legis
1726 2705 2049 2763 auctoritate
2103 2704 2329 2780 repetit,
2366 2704 2567 2785 legalis

361 2806 598 2882 justitiae
627 2815 797 2864 tenax
821 2817 928 2865 est.
1013 2807 1376 2866 Vindicativa
1405 2807 1649 2886 justitia,
1694 2824 1820 2889 quae
1848 2823 2047 2881 poenas
2095 2823 2200 2881 pro
2227 2804 2566 2862 delictorum

371 2906 589 2961 ratione
629 2907 860 2983 irrogat,
888 2907 1024 2964 huic
1049 2917 1138 2965 est
1178 2906 1388 2964 affinis.
1474 2903 1898 2964 Distributiva
1939 2905 2162 2982 justitia
2204 2914 2461 2962 versatur
2507 2906 2565 2962 in

371 3003 725 3072 muneribus,
755 3006 1043 3072 oneribuS,
1072 3015 1128 3063 et
1151 3005 1463 3063 honoribus
1492 3003 1901 3064 distribuendis
1929 3022 2034 3080 pro
2060 3004 2421 3079 singulorum
2450 3022 2567 3060 me·

372 3104 498 3161 ritis
525 3112 582 3160 et
607 3103 841 3163 viribus.
928 3106 1081 3163 Inter
1107 3105 1263 3163 cives
1290 3124 1530 3163 munera
1573 3104 1804 3181 publica
1831 3102 2219 3161 distribuenda
2246 3113 2381 3161 sunt
2406 3121 2570 3173 aequa

371 3203 626 3271 ratione;
682 3204 924 3261 violatur
967 3205 1119 3262 enim
1155 3205 1377 3283 justitia
1416 3205 1466 3262 si
1511 3204 1736 3281 indigni
1776 3203 2145 3281 praeferantur
2184 3201 2428 3270 idoneiS‚
2473 3202 2564 3260 vel

373 3302 552 3375 aliqui
591 3302 761 3359 nimis
801 3312 1119 3379 graventur.
1211 3302 1664 3363 Commutativa
1704 3304 1910 3361 dicitur
1941 3302 2163 3380 justitia
2203 3320 2330 3373 quae
2376 3320 2565 3359 rerum

375 3402 755 3473 aequalitatem
783 3403 1050 3479 respicit:
1094 3423 1149 3460 v:
1181 3423 1252 3481 g:
1297 3412 1360 3461 ut
1386 3404 1632 3481 pretium
1673 3402 1868 3470 merci,
1912 3402 2211 3478 praemium
2244 3401 2424 3459 labori
2452 3418 2567 3457 res-

376 3498 643 3576 pondeat.
729 3501 1088 3560 Restituendi
1126 3503 1397 3581 obligatio
1436 3522 1510 3561 ex
1549 3503 1659 3561 hac
1684 3502 1893 3560 violata
1933 3502 2151 3558 oritur:
2198 3498 2352 3571 quod
2392 3500 2463 3564 si,
2506 3516 2573 3553 ea

375 3599 576 3669 illaesa,
604 3599 795 3677 legum
825 3613 1036 3661 temere
1084 3613 1443 3679 praetereatur
1467 3601 1629 3671 ordo,
1653 3602 1745 3659 vel
1772 3618 2011 3659 munera
2032 3597 2184 3657 haud
2211 3613 2373 3667 aeque
2401 3596 2569 3652 tribu-

381 3708 564 3765 antur,
593 3710 878 3777 peccatur,
919 3701 1056 3773 qiun
1098 3701 1168 3760 ad
1206 3699 1621 3761 restituendum
1661 3700 1789 3774 quis
1833 3704 2104 3755 teneatur.
2190 3695 2290 3751 Sic
2320 3694 2569 3767 quirem

379 3816 542 3857 suam
571 3799 716 3858 clam
744 3801 856 3859 sibi
883 3802 1146 3878 sumpsit,
1167 3800 1366 3859 ordine
1388 3818 1563 3873 quem
1590 3800 1651 3856 in
1674 3817 1745 3855 ea
1780 3795 2091 3873 repetenda
2132 3794 2229 3853 lex
2255 3796 2573 3871 praescribit

381 3900 785 3973 praetermisso,
813 3899 884 3958 ad
908 3919 1036 3959 eam
1077 3898 1483 3959 restituendam
1523 3915 1641 3955 non
1680 3904 1919 3955 tenetur.
2002 3894 2119 3962 Qui
2145 3912 2354 3953 munus
2391 3894 2570 3971 publi-

381 4015 531 4067 cum,
559 3997 715 4071 quod
740 4018 814 4057 ex
839 4018 947 4059 suo
974 3999 1202 4057 arbitrio
1241 3996 1472 4076 pendet,
1513 3996 1687 4055 alicui
1722 3996 1933 4063 tribuit,
1978 3994 2241 4072 digniore
2286 3993 2567 4070 neglecto,

382 4096 465 4154 nil
489 4097 622 4155 huic
649 4098 837 4166 debet,
859 4098 972 4157 nisi
1002 4099 1194 4157 forsan
1222 4116 1299 4155 ex
1320 4095 1745 4155 conditionibus
1765 4103 2114 4160 contractus,
2137 4092 2227 4149 vel
2252 4092 2403 4169 lege,
2432 4089 2572 4148 illud

386 4193 628 4271 digniori
681 4198 938 4256 conferre
966 4197 1162 4255 stricto
1199 4198 1336 4274 jure
1374 4204 1679 4255 teneretur.
1764 4194 1863 4251 Sic
1910 4193 2010 4267 qui
2039 4208 2287 4249 examen
2336 4190 2580 4249 subeunt

1052 4374 1136 4441 (1)
1177 4372 1236 4423 L.
1259 4388 1308 4423 x.
1329 4370 1382 4422 ff.
1405 4372 1438 4422 i.
1464 4338 1714 4437 l,dejust.
1738 4370 1925 4435 etjure.

550 4451 707 4511 Vol..
742 4450 922 4509 11—4
