3117 5217
543 575 662 629 402
1414 573 1870 634 APPENDIX.

545 737 780 816 ipsimet
815 737 1118 798 celebranti
1157 739 1721 818 coi-respondentem,
1768 739 1940 813 idque
1982 752 2115 818 post
2148 741 2459 799 Decretum
2510 739 2720 799 Urbani

545 836 714 896 VIII.

625 941 684 994 9.
726 935 868 994 Post
893 935 1198 994 Decretum
1231 937 1450 996 Urbani
1478 948 1664 1014 potest
1690 937 1992 1006 Sacerdos,
2018 939 2110 996 cui
2150 939 2350 997 Missae
2379 936 2721 996 celebrandae

545 1035 856 1102 traduntur,
903 1053 1003 1111 per
1047 1035 1218 1093 alium
1263 1037 1608 1105 satisfacere,
1648 1037 1850 1095 collato
1894 1037 1979 1096 illi
2020 1039 2225 1096 minori
2264 1037 2577 1115 stipendi0‚
2620 1035 2721 1095 alia

543 1145 698 1211 parte
724 1133 992 1210 stipendii
1019 1135 1128 1192 sibi
1148 1145 1382 1194 retenta.

629 1237 722 1290 10.
767 1233 904 1290 Non
933 1243 1022 1290 est
1057 1243 1254 1292 contra
1282 1234 1559 1310 justitiam
1600 1253 1701 1308 pro
1741 1233 1995 1311 pluribus
2036 1236 2349 1294 Sacrificiis
2376 1233 2717 1311 stipendium

545 1331 822 1408 accipere,
853 1331 912 1390 δι
939 1332 1298 1390 Sacrificium
1327 1351 1504 1392 unum
1531 1332 1759 1402 offerre,
1788 1353 1975 1406 neque
2002 1336 2173 1392 etiam
2208 1345 2297 1392 est
2322 1343 2522 1392 contra
2548 1333 2719 1390 fideli-

545 1439 738 1498 tatem,
785 1431 1010 1490 etiamsi
1055 1433 1398 1508 promittam,
1459 1433 1839 1508 promissione
1890 1433 2059 1492 etiam
2103 1435 2430 1511 juramento
2480 1433 2716 1498 firmata,

547 1530 700 1588 danti
725 1530 1092 1608 stipendium,
1122 1531 1274 1604 quod
1303 1549 1408 1607 pro
1435 1531 1591 1589 nullo
1618 1531 1731 1588 alio
1754 1529 2010 1589 offeram.

634 1632 724 1686 11.
768 1629 1013 1688 Peccata
1039 1630 1096 1688 in
1125 1629 1512 1689 Confessione
1538 1632 1775 1697 omissa,
1804 1649 1905 1688 seu
1932 1630 2105 1688 oblita
2131 1631 2203 1688 ob
2246 1630 2465 1688 instans
2505 1630 2720 1707 pericu-

545 1726 664 1786 lum
694 1729 844 1796 vitae,
865 1740 961 1788 aut
977 1729 1052 1786 ob
1079 1729 1244 1788 aliam
1273 1748 1526 1797 causam,
1547 1747 1664 1786 non
1690 1739 1949 1787 tenemur
1974 1729 2034 1787 in
2052 1730 2313 1802 sequenti
2341 1727 2719 1788 Confessione

545 1828 890 1904 exprimere.

630 1931 722 1983 12.
769 1925 1166 1984 mendicantes
1183 1933 1423 2000 possunt
1448 1923 1743 1982 absolvere
1770 1945 1803 1982 a
1829 1927 2055 1986 casibus
2072 1925 2383 2004 Episcopis
2404 1929 2719 1995 reservatiS,

543 2043 658 2083 non
687 2025 916 2082 obtenta
943 2024 1014 2081 ad
1043 2023 1098 2081 id
1119 2021 1544 2100 Episcoporum
1572 2023 1855 2084 facultate.

629 2127 723 2181 13.
765 2121 1056 2184 satisfacit
1083 2133 1367 2204 praecepto
1411 2141 1612 2180 annuae
1642 2121 2065 2192 Confessioni8‚
2095 2107 2195 2196 qui
2233 2125 2539 2183 confitetur
2570 2144 2722 2202 regu-

545 2223 646 2282 lari
675 2223 976 2300 Episcopo
1003 2233 1362 2300 praesentato,
1388 2221 1490 2279 sed
1519 2221 1588 2280 ab
1615 2241 1684 2280 eo
1706 2223 1913 2301 injuste
1933 2223 2249 2299 reprobam.

631 2325 722 2380 14.
765 2323 882 2388 Qui
909 2323 1045 2380 facit
1069 2321 1510 2380 Confessionem
1541 2322 1859 2381 voluntarie
1886 2322 2122 2390 nullam,
2146 2323 2420 2381 satisfacit
2444 2336 2721 2399 praecepto

545 2421 845 2480 Ecclesiae.

630 2525 722 2579 15.
768 2520 1062 2579 Poenitens
1092 2521 1319 2597 propria
1345 2520 1669 2578 auctoritate
1698 2520 2033 2578 substituere
2062 2520 2172 2577 sibi
2200 2519 2370 2579 alium
2398 2529 2609 2597 potest,
2629 2520 2724 2592 qui

544 2622 676 2682 loco
705 2621 886 2697 ipsius
915 2620 1302 2696 poenitentiam
1331 2621 1659 2696 adimpleat.

631 2724 722 2778 16.
767 2720 884 2786 Qui
909 2719 1250 2776 beneficium
1277 2731 1531 2777 curatum
1558 2719 1789 2787 habent,
1818 2728 2062 2795 possunt
2086 2717 2197 2775 sibi
2230 2718 2444 2795 eligere
2483 2719 2543 2776 in
2570 2716 2723 2775 Con-

543 2819 842 2878 fessarium
871 2818 1193 2894 simplicem
1223 2817 1591 2876 Sacerdotem
1618 2835 1735 2878 non
1763 2817 2129 2894 approbatum
2158 2817 2228 2874 ab
2256 2815 2583 2880 ordinario.

629 2921 723 2976 17.
768 2917 879 2974 Est
925 2917 1144 2974 licitum
1197 2917 1496 2994 Religioso
1547 2917 1641 2974 vel
1704 2915 1935 2976 Clerico
1986 2916 2480 2983 calumniatorem,
2510 2916 2726 2993 ⁴gravia

543 3016 782 3074 crimina
825 3014 896 3072 de
941 3033 1026 3083 se,
1082 3014 1168 3073 vel
1213 3015 1284 3074 de
1329 3034 1432 3074 sua
1477 3017 1751 3092 religione
1786 3033 2051 3092 spargere
2108 3016 2416 3073 minantem
2446 3015 2723 3081 occidere,

544 3116 774 3189 quando
799 3113 944 3172 alius
973 3113 1180 3172 modus
1207 3115 1548 3174 defendendi
1577 3135 1689 3174 non
1716 3114 2085 3191 suppetit,uti
2102 3124 2407 3190 suppetere
2432 3131 2550 3173 non
2578 3113 2727 3172 vide·

547 3223 653 3280 tur,
685 3215 733 3268 si
763 3212 1136 3270 calumniator
1175 3214 1250 3270 sit
1275 3223 1522 3288 paratus,
1553 3214 1645 3271 vel
1672 3215 1780 3288 ipsi
1818 3213 2113 3291 Religioso
2158 3212 2247 3270 vel
2290 3214 2417 3291 ejus
2443 3213 2723 3290 religioni,

543 3311 766 3386 publice
787 3307 846 3366 δι
871 3320 1060 3366 coram
1089 3309 1442 3386 gravissimis
1467 3311 1607 3368 viris
1631 3310 1895 3386 praedicta
1920 3313 2258 3389 impingere,
2280 3312 2395 3370 nisi
2412 3312 2721 3370 occidatur.

627 3415 720 3469 18.
773 3408 938 3466 Licet
961 3407 1278 3468 interficere
1317 3409 1522 3468 salsum
1564 3417 1969 3479 accusatorem,
2010 3411 2184 3470 salsos
2224 3421 2422 3479 testes,
2450 3431 2519 3469 ac
2556 3411 2727 3468 etiam

541 3511 578 3570 J
584 3509 833 3576 udicem‚
863 3529 894 3566 a
921 3527 1036 3581 quo
1063 3509 1258 3582 iniqua
1283 3518 1436 3567 certo
1460 3505 1725 3571 imminet
1750 3511 2048 3576 sententia,
2070 3511 2119 3568 si
2146 3511 2253 3568 alia
2281 3511 2373 3570 via
2398 3529 2516 3570 non
2540 3517 2730 3587 potest

545 3613 822 3670 innocens
851 3608 1122 3667 damnum
1147 3609 1376 3666 evitare.

629 3713 722 3768 19.
770 3709 905 3770 Non
948 3717 1146 3785 peccat
1181 3709 1414 3766 maritus
1459 3706 1729 3766 occidens
1768 3708 1995 3784 propria
2034 3710 2359 3768 auctoritate
2396 3725 2641 3766 uxorem
2670 3707 2729 3764 in

543 3810 820 3869 adulterio
849 3807 1286 3884 deprehensam.

619 3913 720 3966 20.
763 3908 1070 3967 Restitutio
1099 3927 1132 3966 a
1157 3907 1268 3966 Pio
1293 3907 1370 3964 V.
1394 3906 1663 3982 imposita
1686 3904 2035 3965 beneficiatis
2054 3923 2169 3964 non
2196 3905 2578 3972 recitantibus,
2610 3923 2727 3963 non

541 4008 777 4066 debetur
803 4007 862 4064 in
885 4007 1235 4066 conscientia
1261 4016 1390 4064 ante
1413 4005 1751 4067 sententiam
1768 4004 2189 4064 declaratoriam
2208 4005 2248 4064 J
2252 4005 2457 4073 udicis,
2478 4023 2553 4064 eo
2572 4003 2727 4078 quod

541 4110 618 4168 sit
641 4123 831 4186 poena.
2134 4095 2141 4100 ⁶
2478 4119 2483 4126 ·

619 4213 720 4268 21.
765 4199 1002 4264 Habens
1032 4203 1423 4280 Capellaniam
1449 4204 1789 4272 collativam,
1804 4214 1910 4262 aut
1934 4201 2177 4276 quodvis
2205 4201 2357 4262 aliud
2382 4201 2725 4261 beneficium

541 4304 1033 4370 Ecclesiasticum,
1064 4303 1112 4358 si
1140 4305 1328 4362 studio
1371 4305 1682 4364 litterarum
1717 4312 1898 4371 vacet,
1926 4302 2199 4361 satisfacit
2222 4321 2339 4362 suae
2366 4301 2720 4378 obligationi,

541 4411 592 4466 si
612 4407 863 4468 officium
893 4419 998 4480 per
1021 4401 1192 4460 alium
1217 4402 1432 4460 recitet.

617 4511 718 4564 22.
764 4505 822 4563 N
827 4523 902 4562 on
927 4516 1018 4561 est
1040 4510 1236 4561 contra
1266 4501 1550 4578 justitiam
1577 4501 1853 4561 beneficia
1878 4501 2291 4560 Ecclesiastica
2322 4517 2439 4559 non
2466 4498 2719 4558 conferre
