3117 5217
822 570 933 629 DE
980 567 1557 629 CONTRAOTUS
1601 570 1971 630 NATURA.
2377 573 2488 626 141

320 736 621 816 religiosa‚¹
648 739 960 814 promissio
985 738 1077 798 vel
1116 739 1339 799 traditio
1376 758 1567 798 rerum
1609 731 1943 808 Ecclesiae,²
1971 739 2298 817 jurisdictio
2337 747 2494 796 metu

321 839 476 914 gravi
506 833 772 906 extorta,³
812 838 1015 896 electio
1054 833 1323 915 praelati.⁴
1402 840 1551 897 Sunt
1589 839 1754 896 etiam
1797 841 1894 911 qui
1935 838 2131 898 dicunt
2167 846 2492 897 contractus

170 955 177 962 ·
278 931 283 937 ’
324 938 583 1013 gratuitos
610 956 684 994 ex
712 945 867 994 metu
896 938 1052 1012 gravi
1078 939 1273 1006 initos,
1301 955 1428 995 esse
1454 938 1583 1014 ipso
1609 947 1822 995 naturoe
1840 939 1970 1015 jure
1997 938 2210 996 nullius
2235 937 2491 995 roboris:

325 1047 658 1111 quapropter
682 1036 915 1094 donatio
942 1036 1031 1094 vel
1058 1037 1365 1112 promissio
1402 1035 1654 1094 liberalis
1693 1055 1768 1094 ex
1805 1047 1958 1096 metu
2001 1037 2162 1095 factae
2187 1037 2248 1093 vi
2287 1043 2498 1095 carent.

326 1134 465 1192 Aliis
489 1134 773 1209 plerisque
801 1135 991 1211 placet
1014 1144 1333 1194 contractus
1361 1153 1585 1203 omnes,
1607 1135 1726 1192 sive
1754 1155 2026 1194 onerosos
2053 1137 2176 1194 sive
2203 1134 2495 1212 gratuitos,

324 1251 390 1289 ex
416 1243 565 1290 metu
592 1233 763 1309 initos
791 1252 895 1309 per
924 1252 989 1290 se
1014 1235 1225 1303 valere,
1254 1233 1501 1293 rescindi
1529 1242 1718 1291 tamen
1745 1253 1938 1310 posse,
1965 1236 2134 1292 etiam
2163 1235 2378 1306 absque
2404 1233 2500 1309 ju-

326 1330 457 1388 dicis
495 1332 839 1399 auctoritate,
882 1334 951 1389 ab
990 1333 1089 1390 illo
1129 1334 1229 1405 qui
1266 1342 1423 1392 metu
1462 1334 1597 1409 egit,
1640 1332 1904 1408 injuriam
1945 1335 2098 1392 enim
2137 1343 2226 1390 est
2261 1349 2490 1409 passus.

326 1428 473 1488 Hinc
498 1431 675 1488 viator
699 1441 891 1506 potest
926 1429 1190 1488 recedere
1218 1451 1251 1488 a
1276 1432 1656 1508 promissione
1685 1432 1828 1488 sacta
1861 1432 2066 1490 latroni
2105 1431 2405 1507 pecuniam
2439 1428 2496 1487 ei

325 1526 501 1586 dandi.
583 1530 781 1587 Metus
822 1529 1233 1588 reverentialis
1272 1550 1387 1604 quo
1424 1530 1531 1588 filii
1570 1539 1855 1606 parenteS,
1896 1530 2094 1588 fideles
2135 1531 2493 1605 episcopum,

327 1638 755 1702 prosequuntur,
780 1627 1085 1701 aliquando
1110 1630 1177 1687 fit
1201 1631 1411 1707 gravis,
1434 1627 1836 1688 accedentibus
1859 1629 2054 1687 minis.
2111 1627 2282 1685 Levis
2309 1635 2496 1684 metus

327 1745 431 1784 non
470 1727 613 1785 tollit
654 1727 773 1785 vim
816 1721 1187 1786 contractus.⁵
1267 1730 1489 1787 Metum
1535 1745 1740 1804 passus
1779 1729 1988 1803 poterit
2022 1745 2142 1786 rem
2185 1744 2346 1783 suam
2393 1725 2502 1781 sibi

324 1824 619 1893 vindicare,
646 1827 783 1884 licet
810 1826 882 1885 ad
908 1827 1081 1885 alium
1108 1827 1209 1900 qui
1235 1837 1449 1886 metum
1492 1829 1547 1884 ei
1587 1845 1702 1884 non
1728 1828 1970 1886 incussit
1994 1826 2337 1903 pervenerit,
2365 1840 2498 1879 nam

330 1931 363 1958 “
383 1925 437 1981 in
482 1925 589 1982 hac
633 1925 853 1983 actione
894 1944 1011 1985 non
1058 1927 1325 1997 quaeritur
1368 1935 1555 1984 utrum
1603 1926 1654 1983 is
1694 1927 1792 1998 qui
1833 1926 2184 1992 convenitur,
2233 1942 2306 1981 an
2349 1921 2496 1979 alius

323 2033 525 2081 metum
549 2023 701 2080 fecit.
787 2024 1015 2082 Sufficit
1038 2025 1191 2082 enim
1222 2025 1333 2083 hoc
1358 2025 1571 2092 dicere,
1600 2033 1814 2083 metum
1841 2017 2158 2083 illatum.’¹⁶

400 2126 489 2179 12.
553 2121 898 2180 Contractus
938 2131 1176 2196 quatuor
1216 2123 1401 2182 modis
1442 2124 1630 2181 solent
1677 2124 1909 2198 perfici:
1951 2122 2212 2181 nonnulli
2255 2118 2491 2192 quidem

327 2219 436 2279 solo
472 2239 785 2290 consensu,
825 2230 889 2281 ut
924 2223 1157 2298 emptio,
1198 2222 1425 2291 locati0,
1465 2230 1570 2278 etc.
1656 2221 1739 2280 Ut
1775 2222 1987 2299 scripto
2013 2221 2171 2289 fiant,
2201 2218 2270 2275 ad
2296 2218 2496 2294 proba-

328 2319 525 2378 tionem
551 2322 732 2398 magis
760 2340 929 2393 quam
956 2320 1029 2378 ad
1054 2321 1421 2380 substantiam
1450 2314 1757 2397 pertinet;⁷
1796 2321 1909 2379 nisi
1937 2320 2334 2402 contrahente)
2371 2333 2496 2372 sus·

327 2419 607 2491 penderint
643 2437 990 2478 consensum
1040 2419 1225 2478 donec
1266 2421 1538 2496 scriptum
1577 2419 1746 2477 fuerit
1783 2410 2124 2478 exaratum.⁸
2207 2413 2494 2474 Nonnulli

327 2527 623 2576 contractus
650 2519 839 2576 verbis
866 2518 1265 2595 perficiuntur:
1294 2538 1363 2576 v:
1394 2537 1463 2594 g:
1506 2518 1827 2592 stipulatio:
1870 2515 2128 2575 nonnulli
2167 2516 2403 2589 scripto,
2431 2521 2494 2568 ut

325 2631 542 2684 census;
570 2618 829 2676 nonnulli
854 2617 1171 2686 traditione,
1198 2626 1261 2676 ut
1286 2626 1570 2684 mutuum,
1599 2614 1850 2684 donatio,
1879 2615 2226 2692 depositum,
2251 2609 2512 2688 pignus..

786 2843 837 2917 §.
861 2843 970 2901 IV.
1014 2843 1167 2909 Qua:
1210 2859 1666 2901 con-nucnnns
1708 2857 1871 2899 msu-
1911 2855 2022 2896 vis.

400 3014 485 3071 13.
530 3013 819 3090 obligatio
862 3031 1022 3073 mere
1064 3010 1375 3073 naturalia
1417 3032 1494 3071 ex
1538 3011 1918 3070 contractibus
1963 3009 2140 3068 oritur
2177 3007 2401 3080 quoties
2439 3006 2499 3063 in

329 3112 657 3170 conscientia
683 3113 803 3170 vim
836 3114 1111 3181 obtinent,
1145 3112 1409 3186 quamvis
1450 3113 1509 3170 in
1550 3112 1678 3169 foro
1705 3118 1942 3168 externo
1969 3127 2088 3167 non
2114 3107 2375 3164 valeantz
2417 3105 2500 3162 sic

331 3209 604 3283 stipulatio
631 3211 844 3283 absque
864 3213 981 3271 ullo
1010 3221 1148 3269 teste
1175 3211 1323 3270 facta
1348 3211 1760 3270 conscientiam
1787 3209 1944 3286 ligat,
1973 3206 2232 3280 quamvis
2254 3210 2500 3276 nequeat

333 3308 551 3378 probari.
639 3308 926 3386 Obligatio
962 3328 1122 3369 mere
1163 3309 1363 3369 civilis
1404 3329 1471 3368 ea
1508 3319 1598 3368 est
1633 3328 1760 3382 quae
1801 3307 1952 3385 apud
1989 3305 2286 3365 tribunalia
2311 3301 2500 3360 civilia

332 3409 657 3480 agnoscitur,
692 3411 951 3480 quamvis
983 3409 1391 3468 conscientiam
1432 3427 1548 3467 non
1593 3409 1751 3484 liget.
1835 3407 1935 3463 Sic
1977 3407 2249 3481 scriptum
2291 3405 2496 3461 instru-

332 3516 565 3564 mentum
587 3525 701 3579 quo
730 3507 857 3579 quis
882 3509 1035 3566 bona
1058 3527 1163 3566 sua
1190 3508 1285 3581 alii
1310 3507 1493 3575 tradit,
1512 3506 1907 3590 obflpecuniam
1937 3521 2108 3577 quam
2129 3502 2270 3558 falso
2293 3497 2498 3557 dicitur

333 3606 623 3681 accepisse,
652 3605 1054 3683 obligationem
1092 3625 1267 3665 mere.
1290 3606 1517 3664 civilem
1556 3606 1722 3682 parit,
1753 3602 2049 3660 deficiente
2079 3597 2288 3656 fraudis
2327 3609 2498 3666 quam

330 3716 509 3772 passus
563 3714 653 3762 est
702 3707 1048 3780 probatione.
1134 3705 1420 3782 Obligatio
1469 3705 1690 3770 mixta,
1743 3720 1846 3758 seu
1899 3700 2090 3776 plena,
2145 3704 2205 3753 et
2253 3694 2491 3768 integra,

331 3800 481 3860 oritur
504 3823 582 3861 ex
608 3803 987 3862 contractibus
1016 3806 1283 3864 omnibus
1317 3804 1509 3880 justis,
1542 3803 1644 3875 qui
1673 3809 1730 3856 et
1762 3796 2168 3858 conscientiam
2206 3793 2406 3870 ligant,
2443 3797 2501 3846 et

335 3895 383 3954 in
414 3901 529 3961 soro
570 3902 796 3980 probari
836 3903 1045 3962 valent.
1133 3903 1325 3963 Omne
1368 3911 1600 3979 paetum
1627 3897 1780 3973 quod
1806 3917 1909 3973 per
1936 3915 2000 3954 se
2031 3894 2199 3962 valet,
2233 3909 2340 3952 nec
2371 3891 2500 3967 jure

394 4076 467 4143 (l)
502 4077 628 4142 Cap.
648 4078 683 4128 i.
702 4077 763 4129 de
782 4077 851 4130 iis
867 4095 981 4145 quae
999 4079 1067 4129 vi.
1504 4079 1590 4143 (2)
1630 4073 1753 4138 Cap.
1775 4074 1834 4125 de
1840 4070 2199 4143 jurejurando.

397 4162 472 4228 (3)
507 4163 567 4212 L.
588 4164 639 4214 ii.
662 4162 713 4213 ff.
735 4163 795 4215 de
800 4163 1038 4232 judiciis.
1208 4165 1294 4231 (4)
1334 4161 1458 4226 Cap.
1482 4160 1760 4210 Periculum
1785 4163 1831 4219 ξ.
1856 4157 2112 4217 Caetemm,
2135 4155 2195 4207 de
2215 4154 2346 4208 elect·
2368 4154 2422 4202 in
2441 4156 2488 4202 6.

396 4246 467 4312 (5)
504 4248 565 4297 L.
586 4265 633 4297 v.
655 4255 706 4298 et
724 4249 789 4297 vi.
810 4248 861 4297 ff.
892 4247 1039 4310 Quod
1054 4253 1217 4300 metus
1238 4263 1391 4298 causa
1406 4251 1608 4315 gestum
1634 4243 1744 4295 erit.
1807 4253 1810 4256 ’

394 4330 465 4397 (6)
501 4332 561 4381 L.
576 4334 676 4382 xiv.
702 4337 748 4393 ς.
771 4337 818 4382 3.
840 4334 933 4382 eod
954 4334 1026 4384 tit.

397 4413 471 4479 (7)
506 4421 553 4476 ς.
576 4417 676 4467 Un.
699 4417 819 4466 Inst-
840 4417 901 4468 de
920 4415 1015 4468 obl.
1036 4433 1099 4470 ex
1119 4432 1335 4469 comem.
1358 4423 1407 4466 et
1427 4415 1486 4466 L.
1508 4432 1555 4465 v,
1579 4432 1621 4465 c.
1643 4414 1702 4467 de
1733 4415 1910 4465 Τναηε.

402 4497 478 4564 (8)
513 4499 571 4550 L.
600 4502 922 4561 Contractus,
944 4519 986 4553 c.
1010 4501 1190 4569 deflde
1210 4502 1357 4554 imtr.
