3117 5217
1307 574 1420 631 DE
1465 570 1717 632 VOTO.
2480 576 2603 632 227

428 742 522 808 lis,
545 750 736 799 manet
757 742 1024 817 obligatio
1051 742 1281 799 alteram
1309 741 1631 813 exequendi
1658 751 1893 817 partem,
1916 742 2027 799 nisi
2046 749 2163 798 tota
2176 741 2409 797 materia
2436 742 2611 798 instar

430 842 598 899 unius
625 842 718 897 sit.
805 841 903 897 Sic
925 840 1027 916 ¹qui
1051 840 1208 898 mille
1235 858 1502 900 nummos
1529 858 1595 897 se
1628 840 1699 896 ad
1732 839 2117 897 aedificandam
2160 840 2459 897 ecclesiam
2489 839 2607 896 col·-

432 940 672 997 laturum
709 938 838 999 Deo
871 938 1155 1013 pollicitus
1191 948 1297 1005 est,
1339 938 1506 995 debet
1543 949 1683 1010 quot
1715 941 1899 1014 possit
1938 939 2320 1014 suppeditare,
2365 940 2414 995 si
2458 946 2615 995 tanta

432 1056 794 1095 nummorum
823 1038 990 1111 copia
1013 1040 1068 1095 ei
1096 1046 1304 1113 praesto
1329 1055 1442 1095 non
1471 1038 1583 1093 sit:
1622 1036 1725 1095 sed
1752 1040 1803 1095 si
1830 1038 2046 1095 voverit
2072 1056 2133 1094 se
2159 1038 2461 1093 ecclesiam
2490 1036 2612 1093 suis
2676 1072 2687 1092 .

432 1137 750 1213 sumptibus
777 1136 1204 1202 aedificaturum,
1225 1152 1342 1193 non
1369 1136 1648 1193 tenebitur
1672 1135 2035 1193 fundamenta
2061 1137 2185 1211 ejus
2213 1154 2448 1211 ponere,
2476 1134 2615 1191 defi·

431 1238 614 1292 ciente
646 1237 892 1310 pecunia
918 1234 988 1290 ad
1015 1252 1140 1292 eam
1169 1236 1388 1309 integre
1415 1234 1826 1291 aedificandam.

505 1337 604 1390 23.
648 1333 866 1392 Votum
892 1331 1096 1389 dicitur
1120 1333 1269 1390 reale
1297 1332 1524 1403 quando
1547 1349 1670 1389 rem
1692 1332 1937 1404 aliquam
1958 1351 1984 1393 t.
2004 1350 2072 1388 v:
2102 1350 2173 1407 g:
2204 1332 2462 1398 calicem,
2482 1330 2608 1387 fun·-

427 1430 586 1496 dum,
615 1430 746 1488 Deo
773 1431 900 1502 quis
941 1430 1273 1505 pollicetur:
1319 1431 1635 1505 personale,
1664 1430 1891 1502 qnando
1931 1448 1993 1487 se
2034 1430 2247 1501 aliquid
2294 1430 2605 1491 facturum:

432 1546 504 1584 v:
547 1548 618 1605 g:
663 1538 1058 1604 suscepturum
1103 1529 1542 1603 Hierosolymas
1583 1529 1706 1595 iter,
1735 1529 2027 1604 promittit.
2116 1529 2367 1585 Mixtum
2408 1528 2611 1587 dicitur

430 1640 624 1685 votum
670 1628 826 1700 quod
871 1646 991 1683 rem
1038 1646 1070 1685 a
1120 1636 1362 1685 vovente
1415 1626 1765 1684 offerendam
1817 1627 2084 1702 respicit:
2147 1646 2215 1683 v:
2262 1644 2331 1701 g:
2376 1620 2612 1684 calicem

432 1725 488 1781 in
525 1728 736 1802 templo
776 1726 1024 1798 quodam
1065 1726 1542 1801 praesentandum.
1627 1725 1965 1783 Absolutum
2013 1737 2367 1801 nuncupatur
2418 1732 2615 1782 votum

433 1824 583 1895 quod
610 1824 944 1900 simpliciter
969 1825 1258 1891 emittitur,
1287 1824 1442 1882 nulla
1469 1826 1729 1900 apposita
1760 1824 2123 1882 conditione:
2168 1822 2616 1881 conditionatum

432 1922 564 1980 vero
592 1927 642 1982 si
671 1922 922 2008 conditio
947 1924 1024 1980 sit
1047 1904 1325 1999 apposita.
1417 1922 1691 1981 Solemne
1718 1924 1955 1980 habet-ur
1978 1932 2170 1979 votum
2198 1922 2351 1994 quod
2392 1924 2461 1979 ab
2496 1922 2611 1979 Ec-

429 2021 600 2078 clesia
627 2024 685 2080 in
724 2031 1061 2099 perpetuum
1090 2032 1426 2098 acceptatur.
1519 2022 1671 2079 Illud
1710 2022 1890 2079 emitti
1940 2042 1972 2079 a
1996 2021 2523 2079 sanctimonialibus
2550 2022 2614 2079 in

437 2120 640 2178 Galliis
669 2122 726 2178 i'n
755 2122 1020 2197 praesenti
1046 2140 1234 2178 rerum
1275 2120 1601 2178 conditione
1630 2120 1783 2178 haud
1822 2123 2023 2195 probat
2060 2120 2125 2176 S.
2168 2120 2371 2177 Sedes·
2464 2119 2623 2177 Sim-

423 2204 568 2295 plex
597 2219 752 2291 quod
778 2220 1046 2279 Ecclesia
1071 2220 1129 2276 in
1152 2228 1488 2295 perpetuum
1515 2237 1633 2276 non
1660 2220 1993 2295 acceptavit.
2076 2218 2421 2276 solemnitas
2450 2219 2621 2293 igitur

435 2326 697 2374 votorum
723 2336 838 2375 non
865 2318 1178 2375 desumitur
1201 2337 1276 2375 ex
1301 2318 1517 2375 ratione
1545 2336 1659 2389 qua
1684 2320 2022 2375 emittuntur
2047 2336 2120 2373 v:
2164 2334 2235 2391 g:
2278 2334 2466 2373 coram
2496 2318 2621 2391 plu·

433 2414 594 2472 rimis
637 2416 695 2471 in
737 2426 888 2472 coetu
932 2416 1200 2490 publico;
1237 2416 1342 2472 sed
1386 2434 1461 2471 ex
1495 2416 1773 2474 Ecclesiae
1808 2416 2225 2491 acceptatione:
2275 2426 2621 2492 quapropter

436 2522 566 2570 vota
590 2514 648 2570 in
676 2513 923 2588 probatis
949 2513 1240 2569 ordinibus
1269 2514 1481 2569 emissa
1505 2514 1789 2571 solemnia
1812 2524 1963 2579 sunt,
1990 2515 2097 2569 etsi
2126 2514 2266 2569 sorte
2306 2514 2513 2585 aliquis
2552 2532 2622 2570 ea

434 2613 652 2670 emittat
692 2613 750 2669 in
795 2611 1008 2669 sacello
1053 2612 1291 2686 privato,
1331 2610 1643 2685 Superiore
1690 2619 1901 2667 tantum
1942 2622 2241 2685 praesente.
2325 2610 2379 2667 E
2427 2608 2623 2677 contra

437 2720 566 2768 vota
604 2710 918 2786 puellarum
957 2709 1243 2767 charitatis
1283 2708 1567 2783 simplicia
1605 2719 1757 2776 sunt,
1786 2710 1892 2765 etsi
1932 2709 2230 2783 contigerit
2266 2726 2334 2765 ea
2372 2710 2432 2765 in
2472 2718 2620 2765 coetu

435 2810 807 2884 plurimorum
835 2810 1036 2866 emitti.
1121 2808 1423 2884 Simplicia
1448 2810 1617 2865 etiam
1636 2816 1767 2866 sunt
1785 2820 1916 2865 vota
1934 2807 2290 2874 Scholarium
2314 2806 2619 2864 Societatis

435 2908 600 2974 Jesu‚
631 2917 762 2984 post
785 2908 1076 2964 biennium
1105 2908 1452 2982 probationis
1479 2908 1711 2973 emissa,
1740 2908 1997 2978 quamvis
2038 2908 2193 2963 euim
2234 2916 2507 2964 voventes
2559 2908 2621 2965 in

437 3014 774 3083 perpetuum
803 3005 1170 3081 adstringant,
1194 3007 1262 3063 ab
1287 3006 1554 3063 Ecclesia
1582 3007 1641 3062 in
1659 3016 1995 3081 perpetuum
2026 3024 2140 3063 non
2161 3014 2291 3061 sunt
2310 3016 2617 3081 acceptata.

517 3109 617 3163 24.
660 3104 750 3163 Ad
777 3106 894 3161 voti
919 3104 1356 3162 contrahendam
1400 3104 1799 3180 obligationem
1840 3106 2061 3161 animus
2102 3104 2345 3162 vovendi
2386 3106 2623 3176 requiri-

437 3216 558 3262 tur:
589 3206 686 3276 qui
713 3205 764 3261 si
791 3204 926 3261 dolo
953 3204 1116 3268 desit,
1145 3202 1280 3260 dum
1317 3204 1446 3275 quis
1485 3222 1677 3261 sacros
1720 3202 1945 3261 ordines
1986 3203 2242 3278 suscipit,
2272 3202 2361 3259 vel
2402 3204 2618 3279 profes-

440 3304 663 3362 sionem
717 3304 924 3361 emittit
972 3303 1032 3359 in
1085 3302 1384 3375 Religione
1450 3304 1699 3386 probata,
1754 3322 1923 3378 grave
1989 3312 2236 3379 patratur
2299 3313 2618 3379 peccatum.

441 3403 715 3469 Quamvis
761 3412 948 3459 autem
989 3402 1087 3472 qui
1121 3401 1347 3459 ordines
1388 3403 1641 3477 suscepit
1676 3402 1888 3472 absque
1931 3384 2131 3458 animo
2168 3404 2480 3458 castitatem
2526 3422 2624 3461 vo-

442 3502 631 3569 vendi,
661 3508 793 3558 voto
818 3518 938 3558 non
963 3499 1183 3575 ligetur,
1212 3500 1338 3575 lege
1381 3508 1569 3557 tamen
1616 3499 1997 3555 ecclesiastica
2023 3499 2092 3555 ad
2133 3518 2260 3554 eam
2292 3481 2628 3557 servandam

442 3602 736 3659 tenebitur„
819 3585 888 3659 sn
930 3598 1052 3655 foro
1093 3597 1361 3654 exteriori
1400 3598 1763 3672 praesumitur
1801 3596 1972 3653 etiam
2012 3595 2257 3653 vovendi
2283 3597 2503 3652 animus
2533 3596 2626 3653 ad-

441 3700 638 3765 fuisse,
669 3698 805 3755 dum
835 3698 961 3769 quis
991 3698 1106 3753 voti
1135 3696 1372 3752 formam
1400 3696 1647 3753 exterius
1677 3694 2007 3769 protulerit;
2056 3693 2325 3751 Ecclesia
2362 3694 2513 3749 enim
2554 3693 2627 3753 de

445 3798 682 3855 occultis
710 3814 826 3852 non
843 3794 1084 3872 judicat.

517 3900 622 3952 25.
663 3894 783 3959 Qui
809 3892 1022 3951 dubitat
1046 3912 1116 3950 an
1158 3892 1394 3959 voverit,
1437 3890 1505 3947 ad
1546 3892 1662 3947 voti
1704 3891 2094 3965 impletionem
2134 3910 2249 3949 non
2290 3902 2556 3950 censetur
2592 3912 2626 3951 a

445 3994 704 4067 plurimis
732 3994 930 4059 teneri,
959 3992 1010 4047 si
1037 3991 1300 4048 omnibus
1329 3999 1542 4046 mature
1571 3990 1867 4065 perpensis
1894 3989 2098 4048 dubius
2138 4001 2395 4049 maneat:
2441 3995 2625 4068 possi·

447 4090 542 4147 det
567 4086 784 4147 scilicet
809 4108 970 4146 suam
994 4088 1327 4154 libertatem,
1357 4088 1625 4158 quamdiu
1652 4108 1769 4145 non
1809 4090 2030 4145 noverit
2056 4110 2180 4148 eam
2208 4103 2341 4148 voto
2374 4092 2623 4168 ligatam.

449 4187 735 4245 Caeterum
764 4188 814 4243 si
842 4188 968 4258 quis
996 4186 1320 4243 meminerit
1345 4204 1406 4241 se
1433 4205 1553 4244 rem
1582 4188 1692 4245 sibi
1720 4198 1873 4245 certo
1894 4192 2259 4265 proposuisse
2286 4190 2624 4258 faciendam,

446 4297 505 4345 et
522 4268 814 4344 censuisse
841 4304 904 4344 se
931 4286 1174 4363 graviter
1197 4297 1581 4362 peccaturum,
1610 4288 1723 4345 nisi
1750 4306 1875 4345 eam
1904 4288 2148 4357 fecisset,
2178 4290 2306 4367 jure
2336 4290 2629 4365 praesumit

450 4406 511 4444 se
541 4396 732 4443 votum
757 4387 986 4460 emisse.

525 4488 624 4542 26.
668 4484 948 4542 Votorum
967 4484 1238 4559 obligatio
1253 4484 1567 4541 arctissima
1588 4498 1695 4551 est,
1718 4497 1777 4542 et
1790 4486 1916 4561 ipso
1936 4488 2064 4563 jure
2093 4484 2324 4543 naturali
2352 4494 2411 4541 et
2434 4484 2629 4541 divino
