3117 5217
514 571 631 625 loo
868 566 982 626 DE
1024 567 1287 626 FAMAE
1329 565 1447 626 ΕΤ
1488 565 1868 626 HONORIS
1907 565 2328 626 LAESIONE.

508 751 599 798 tur
621 755 741 804 reo,
782 738 995 811 absque
1034 738 1153 796 ulla
1192 737 1418 813 publica
1454 735 1714 796 utilitate.
1797 738 1864 796 Si
1907 738 1966 796 in
2008 737 2118 796 hac
2161 737 2393 814 regione
2435 744 2691 794 versetur

510 838 715 910 aliquis
744 856 819 895 ex
848 836 1057 896 Russia
1084 837 1394 912 profectus,
1424 837 1525 910 qui
1550 838 1613 895 in
1651 837 1830 912 patria
1855 835 2152 896 damnatus
2183 847 2292 904 est,
2319 854 2434 894 non
2472 835 2609 892 licet
2631 834 2687 891 ei

508 936 809 996 emendato
828 937 949 1012 jam
976 949 1033 993 et
1058 936 1261 1012 optimi
1302 937 1443 994 civis
1484 953 1722 994 munera
1761 936 2036 1013 explenti,
2077 936 2420 1012 exprobrare
2445 935 2685 998 crimen,

506 1035 599 1094 vel
626 1033 775 1112 apud
802 1035 945 1093 alios
970 1034 1283 1112 divulgare.

591 1138 727 1191 145.
770 1133 913 1200 Quae
940 1134 1165 1210 publica
1190 1143 1322 1192 sunt
1338 1132 1517 1215 facto
1556 1135 1620 1192 in
1645 1133 1892 1206 quodam
1925 1134 2058 1193 loco
2083 1152 2198 1192 non
2227 1142 2485 1209 possunt,
2514 1131 2692 1189 illaesa

510 1233 801 1300 charitate,
828 1233 889 1290 in
914 1233 1027 1292 alio
1054 1231 1349 1309 divulgari,
1378 1233 1428 1290 si
1454 1234 1606 1291 fama
1639 1233 1893 1306 alioquin
1919 1252 2035 1292 non
2052 1241 2216 1290 esset
2239 1251 2308 1290 eo
2335 1239 2690 1307 perventura,

506 1341 565 1390 et
616 1330 886 1388 damnum
926 1331 1145 1389 nullum
1187 1351 1261 1390 ex
1304 1332 1533 1396 silentio
1575 1334 1903 1408 proveniat:
1961 1333 2079 1391 imo
2126 1331 2413 1406 plerisque
2463 1328 2686 1386 videtur

500 1432 722 1508 justitia
763 1429 983 1497 violari,
1025 1431 1434 1502 unusquisque
1458 1433 1612 1488 enim
1647 1431 1744 1507 jus
1785 1441 2050 1489 censetur
2088 1431 2296 1488 habere
2347 1428 2416 1486 ad
2462 1428 2691 1492 famam,

512 1530 695 1588 donec
721 1530 998 1586 sententia
1015 1528 1231 1606 judicis
1272 1529 1516 1587 ablatum
1557 1529 1652 1596 sit,
1683 1530 1772 1586 vel
1811 1549 1916 1588 suo
1957 1538 2082 1586 actu
2110 1527 2249 1587 illud
2291 1527 2563 1592 amiserit,
2602 1525 2696 1583 vel

514 1629 737 1687 occulto
777 1629 916 1686 vitio
958 1629 1167 1686 inserat
1204 1629 1459 1687 societati
1503 1629 1844 1705 periculum.
1931 1629 2088 1686 Hinc
2137 1627 2326 1704 puella
2370 1644 2496 1699 quae
2540 1626 2701 1683 novit

508 1729 677 1786 aliam
705 1727 764 1784 in
791 1745 896 1784 sua
922 1728 1101 1802 patria
1126 1727 1417 1803 gravidam
1455 1727 1635 1785 fuisse
1674 1747 1750 1784 ex
1788 1728 1988 1787 illicito
2023 1726 2326 1792 consortio,
2369 1744 2486 1782 non
2526 1723 2694 1782 debet

512 1828 571 1886 id
598 1826 668 1883 de
696 1844 765 1882 ea
788 1826 998 1884 referre
1026 1827 1085 1882 in
1110 1827 1243 1884 loco
1269 1825 1339 1882 ad
1366 1845 1537 1898 quem
1569 1827 1709 1884 alias
1738 1827 1892 1884 nulla
1919 1826 2242 1902 perveniret
2265 1826 2389 1901 ejus
2416 1823 2636 1882 notitia.

597 1928 731 1982 146.
775 1924 919 1989 Quae
948 1923 1249 1995 aliquando
1274 1925 1503 2000 publica
1541 1925 1786 1992 fuerunt,
1816 1925 1920 1983 sed
1952 1927 2076 2002 jam
2117 1925 2394 1984 oblivioni
2421 1933 2554 1980 sunt
2591 1932 2698 1979 tra·

512 2023 644 2089 dita,
674 2040 791 2080 non
833 2032 1074 2098 possunt
1111 2022 1267 2080 salva
1306 2023 1576 2082 charitate
1618 2025 1676 2082 in
1719 2026 2055 2083 memoriam
2095 2024 2387 2082 revocari:
2429 2031 2694 2080 coeterum

513 2140 629 2179 non
654 2120 817 2178 facile
844 2133 1139 2197 peccatum
1179 2123 1413 2180 mortale
1454 2123 1766 2182 admittitur
1801 2142 1870 2181 ea
1907 2122 2224 2191 referendo,
2267 2141 2444 2196 quum
2474 2122 2572 2198 jus
2625 2120 2696 2178 ad

513 2221 721 2278 samam
749 2219 899 2278 facto
924 2222 1147 2278 notorio
1174 2221 1453 2280 sublatum
1481 2223 1586 2280 sit:

599 2323 732 2378 147.
776 2319 890 2385 Qui
918 2319 1171 2378 referunt
1194 2322 1580 2379 nescientibus
1623 2339 1750 2393 quae
1791 2323 1885 2379 alii
1913 2322 2174 2399 plerique
2203 2327 2408 2379 norunt
2433 2319 2695 2384 crimina,

512 2437 628 2475 non
649 2429 951 2475 censentur
974 2417 1288 2487 detrahere,
1318 2420 1387 2477 ad
1414 2439 1613 2478 eorum
1649 2422 1805 2479 enim
1846 2421 2103 2479 notitiam
2131 2420 2294 2478 facile
2321 2417 2697 2494 perduceren-

514 2528 621 2574 tur.
670 2515 863 2583 -Quod
890 2519 940 2574 si
968 2518 1177 2594 injuria
1202 2519 1426 2595 publica
1452 2521 1752 2589 evaserint,
1774 2539 1846 2591 ex
1873 2520 2210 2597 proditione,
2235 2519 2327 2576 vel
2351 2518 2512 2585 aliaS,
2534 2516 2701 2577 nihil·

510 2616 737 2675 ominus
764 2634 943 2688 quum
972 2618 1189 2676 crimen
1216 2620 1553 2687 innotescat,
1575 2639 1936 2692 quacumque
1963 2621 2180 2677 ratione
2207 2618 2528 2694 contigerit,
2569 2617 2695 2693 jam

515 2715 664 2772 sama
688 2717 888 2790 nequit
912 2719 1147 2776 servari.
1210 2695 1222 2704 “
1297 2720 1300 2722 ’

600 2816 733 2870 148.
778 2815 999 2871 Rumor
1042 2818 1141 2886 qui
1182 2816 1488 2888 aliquando
1528 2819 1838 2875 crebrescit
1876 2836 1991 2875 non
2037 2817 2180 2874 tollit
2219 2816 2318 2892 jus
2357 2813 2430 2871 ad
2471 2814 2700 2878 famam,

514 2929 669 2986 saepe
696 2911 851 2968 enim
876 2921 1034 2967 caret
1068 2910 1474 2970 fundamento:
1520 2912 1653 2971 ideo
1693 2932 1808 2972 non
1849 2923 2196 2972 excusantur
2232 2914 2330 2984 qui
2370 2911 2701 2969 festinanter

516 3017 789 3084 spargunt
815 3027 1093 3078 rumoreS‚
1122 3010 1437 3086 praesertim
1457 3012 1507 3068 si
1534 3012 1748 3084 aliquid
1775 3032 1880 3070 suo
1908 3030 2148 3070 assensu
2171 3010 2464 3068 videantur
2492 3009 2698 3067 addere

515 3108 753 3164 roboris,
817 3107 1161 3167 Cavendum
1185 3110 1353 3185 igitur
1378 3129 1451 3166 ne
1477 3129 1554 3168 ex
1582 3130 1806 3172 rumore
1835 3112 2167 3188 pervulgato
2193 3111 2420 3168 occasio
2447 3118 2704 3166 sumatur

514 3225 635 3263 rem
664 3206 840 3263 veluti
868 3217 1075 3264 certam
1102 3207 1405 3264 referendi.

601 3307 733 3361 149.
772 3303 874 3374 ,De
920 3323 1109 3362 rerum
1150 3317 1436 3383 gestarum
1483 3308 1855 3384 scriptoribus
1901 3310 2186 3382 quaeritur,
2232 3319 2418 3365 utrum
2463 3317 2704 3382 peccent

513 3403 649 3461 vitia
673 3403 895 3462 occulta
933 3404 1273 3480 detegend0‚
1316 3414 1371 3462 et
1408 3407 1656 3464 rationes
1687 3409 1892 3481 quibus
1933 3409 2073 3466 moti
2115 3417 2250 3464 sunt
2287 3407 2500 3480 quique
2539 3404 2698 3464 inda·

510 3503 718 3581 gando.
806 3502 1297 3578 Quandocumque
1324 3505 1573 3564 veritatis
1613 3507 1800 3565 studio
1841 3495 2101 3584 aguntur,
2143 3515 2201 3563 et
2227 3505 2466 3581 publicae
2493 3523 2697 3564 consu-

506 3604 633 3663 lunt
658 3603 899 3670 utilitati,
930 3621 1117 3662 veram
1158 3605 1480 3672 hominum,
1503 3624 1746 3676 quorum
1785 3623 1876 3664 res
1916 3615 2102 3682 gestas
2139 3604 2405 3671 referunt,
2446 3603 2700 3681 effigiem

507 3703 857 3769 exhibendO,
886 3703 1153 3778 culpandi
1180 3723 1295 3761 non
1336 3713 1490 3785 sunt,
1534 3706 1850 3781 praesertim
1895 3705 1945 3762 si
1987 3704 2182 3782 magni
2207 3703 2486 3780 momenti
2513 3704 2588 3760 sit
2625 3720 2694 3759 ea

404 3806 412 3814 ‘
511 3804 705 3859 omnia
743 3803 955 3873 absque
994 3802 1125 3860 fuco
1164 3802 1503 3876 describere.
1589 3801 1876 3862 Caeterum
1919 3805 2018 3876 qui
2059 3822 2203 3862 vana
2241 3811 2300 3858 et
2335 3803 2552 3860 incerta
2591 3819 2695 3877 pro

512 3900 681 3956 certis
711 3897 1017 3966 venditant,
1048 3909 1103 3958 et
1130 3921 1231 3976 pro
1260 3903 1509 3971 arbitrio,
1540 3902 1634 3960 vel
1672 3902 1826 3969 odio,
1858 3912 2069 3960 temere
2099 3902 2210 3960 sibi
2256 3900 2482 3978 fingunt
2517 3899 2698 3958 malos

507 4010 653 4068 quos
681 3996 790 4053 sibi
817 3997 913 4053 alii
939 4011 1361 4073 proposuerunt
1384 4001 1549 4069 fines,
1583 4002 1820 4078 pessimi
1845 4012 1990 4059 -sunt
2028 4000 2389 4067 detractoreS,
2419 4000 2518 4071 qui
2543 3999 2692 4056 viro-

512 4113 636 4152 rum
665 4095 975 4170 insignium
1002 4095 1210 4153 famam
1236 4096 1467 4166 laedunt,
1494 4110 1553 4158 et
1588 4101 1914 4178 reipublicae
1941 4109 1999 4158 et
2021 4101 2298 4177 religione
2325 4117 2594 4175 magnum
2622 4098 2704 4156 in·

517 4193 707 4252 ferunt
732 4192 1154 4250 detrimentum.

601 4295 741 4350 150.
798 4289 1215 4349 Defunctorum
1255 4296 1545 4352 memoriae
1589 4267 1938 4372 parcendum
1979 4306 2086 4364 est,
2119 4299 2288 4374 juxta
2325 4297 2588 4353 axioma:
2631 4293 2703 4352 de

515 4391 776 4451 mortuis
804 4387 901 4448 nil
921 4389 1048 4448 nisi
1068 4390 1311 4449 bonum.
1396 4392 1688 4454 Caeterum
1729 4395 2218 4458 Salmanticenses
2259 4403 2390 4454 eum
2419 4394 2544 4451 aliis
2573 4411 2705 4452 cen-
