3117 5217
673 568 794 624 206
1379 562 1493 621 DE
1537 560 2143 621 CAUTIONIBUS.

669 730 938 789 damnare
965 748 1064 788 eos
1091 730 1192 801 qui
1218 729 1330 787 sibi
1368 729 1603 801 suisque
1629 729 1953 797 consulunt,
1984 728 2175 801 quoad
2200 746 2269 785 ea
2294 746 2421 799 quae
2458 728 2808 787 sustentationi

671 829 990 887 necessaria
1027 837 1176 885 sunt.
1261 828 1376 893 Qui
1413 826 1879 903 fidemjusserunt
1916 846 2076 886 reum
2116 826 2435 885 sistendum
2466 827 2694 904 judicio,
2730 828 2809 883 ob·
2908 872 2914 881 .
2968 804 2970 879 ἶ

669 928 830 985 noxii
855 935 990 985 sunt
1013 926 1078 984 si·
1097 925 1408 1003 aufugerit:
1453 928 1588 985 item
1618 926 1717 997 qui
1758 934 1797 961 ‘⁶
1819 926 2185 1002 fidejussores
2212 926 2284 983 de
2325 944 2467 1001 pace
2492 936 2549 984 et
2571 926 2810 1001 legalitate

673 1016 953 1083 tuenda”¹
987 1025 1106 1083 dati
1147 1034 1297 1091 sunt,
1325 1026 1563 1083 obnoxii
1604 1033 1737 1081 sunt
1773 1025 2019 1093 mulctae,
2048 1028 2097 1083 si
2138 1044 2338 1101 pacem
2370 1025 2637 1101 legesque
2672 1024 2811 1081 viola-

669 1125 815 1183 verit
837 1124 932 1181 ille
961 1124 1124 1200 eujus
1154 1123 1322 1180 vades
1349 1142 1411 1180 se
1432 1125 1846 1199 praestiterunt:
1878 1134 2140 1182 eaeterum
2160 1126 2223 1182 si⁴
2238 1125 2391 1182 bona
2416 1142 2519 1182 sua
2532 1124 2719 1190 celent,
2736 1123 2808 1179 vel

669 1223 807 1281 alias
837 1223 1104 1281 mulctam
1144 1220 1237 1279 eui
1275 1223 1574 1298 subjacent
1610 1221 1831 1281 solvere
1872 1224 2103 1289 evitent,
2132 1242 2246 1281 non
2276 1222 2537 1282 videntur
2566 1223 2808 1299 justitiam

672 1323 906 1389 violare,
937 1320 1049 1379 nisi
1073 1321 1144 1377 de
1171 1320 1381 1387 debito,
1409 1322 1500 1379 vel
1525 1320 1729 1398 injuria
1755 1323 1951 1396 praetio
1978 1321 2307 1381 aestimanda
2334 1332 2549 1399 agatur.

756 1426 888 1479 141.
931 1420 1108 1477 Juxta
1145 1419 1442 1496 theologos
1481 1420 1786 1478 nonnullos
1825 1420 1961 1478 lieet
1996 1422 2237 1495 pretium
2278 1421 2513 1497 exigere
2548 1439 2644 1497 pro
2666 1435 2810 1477 onere

668 1520 1053 1597 fidejussionis
1080 1518 1468 1594 suscipiende,
1497 1538 1674 1590 quum
1702 1520 1778 1576 sit
1801 1521 1985 1595 pretio
2016 1520 2367 1578 aestimabile.
2451 1519 2518 1578 Id
2557 1517 2813 1577 consuevit

673 1621 797 1679 fieri
824 1621 884 1677 in
913 1620 1072 1676 Statu
1119 1617 1617 1675 Neo-Eboraeeno
1656 1618 1725 1675 ab
1754 1620 1823 1675 iis
1852 1619 1948 1689 qui
1976 1637 2105 1675 sese
2132 1620 2369 1677 aliorum
2398 1618 2596 1675 debitis
2632 1616 2814 1673 faciunt

673 1720 974 1785 obnoxi03‚
1003 1716 1398 1793 chirographis
1425 1734 1528 1773 sua
1552 1716 1919 1775 inscribendo
1946 1720 2200 1776 nomina.

749 1906 832 1967 (l)
870 1902 944 1949 Ita
977 1902 1031 1949 in
1052 1901 1236 1961 legibus
1259 1900 1474 1949 Eduardi
1495 1902 1780 1951 confessoris
1813 1866 2175 1965 praecribitur?
2210 1902 2335 1952 Vide
2358 1903 2487 1967 apud
2509 1902 2755 1951 Blackston.
2778 1900 2810 1946 1.

669 1988 736 2035 iv.
759 2003 807 2037 n.
832 1988 946 2033 252.
1015 1994 1042 2017 ‘⁴
1062 1984 1188 2031 This
1210 1986 1416 2049 security
1440 1987 1646 2035 consiste
1668 1987 1721 2035 in
1744 1988 1892 2048 being
1913 1988 2093 2047 bound,
2106 1988 2226 2037 with
2243 2004 2337 2037 one
2358 2004 2413 2037 or
2434 2004 2562 2037 more
2582 1984 2811 2041 securifies,

673 2071 726 2119 in
748 2087 777 2119 a
799 2069 1136 2130 recognizanee
1159 2085 1211 2117 or
1233 2069 1493 2131 obligation
1515 2077 1566 2118 to
1589 2071 1673 2119 the
1696 2071 1863 2133 king.‘’
1931 2071 2132 2130 Ibidem,
2155 2089 2204 2120 n.
2229 2074 2346 2119 253.
