3117 5217
1090 597 1205 656 DE
1248 595 1479 655 FIDEI
1520 595 1966 655 SYMBOLIS.
2121 636 2136 650 .
2495 596 2616 652 273

446 760 733 819 decretum
760 780 831 819 ne
858 781 1007 820 nova
1032 761 1367 821 conderetur
1406 761 1541 819 fidei
1586 760 1847 828 formula,
1887 761 2008 836 jam
2054 759 2194 817 olim
2237 759 2304 816 ab
2335 756 2616 835 Angelico

445 858 693 918 Doctore
720 859 966 919 solutum
992 870 1109 919 est:
1155 869 1196 896 ‘⁴
1215 860 1531 919 Prohibitio
1558 868 1615 915 et
1639 858 1919 917 sententia
1943 856 2152 934 synodi
2178 875 2241 913 se
2267 855 2521 914 extendit
2545 854 2618 911 ad

443 958 687 1033 privatas
714 976 1007 1033 personam,
1034 978 1271 1031 quarum
1298 977 1413 1016 non
1439 967 1527 1015 est
1551 957 1926 1015 determinare
1967 957 2036 1013 de
2067 955 2200 1013 fide.
2284 951 2422 1010 Non
2460 954 2613 1010 enim

443 1072 545 1130 per
571 1055 900 1132 hujusmodi
935 1058 1271 1117 sententiam
1316 1054 1525 1132 synodi
1565 1056 1849 1129 generalis
1895 1052 2078 1110 ablata
2116 1060 2204 1108 est
2241 1059 2490 1126 potestas
2529 1069 2618 1107 se-

443 1156 639 1224 quenti
667 1154 896 1230 synodo
921 1174 1131 1215 novam
1157 1154 1465 1210 editionem
1495 1152 1748 1227 symboli
1773 1150 1993 1218 facere3
2035 1168 2152 1209 non
2180 1148 2408 1220 quidem
2450 1148 2619 1205 aliam

444 1249 618 1309 fidem
645 1254 1051 1318 continentem,
1080 1250 1182 1308 sed
1208 1248 1443 1307 eandem
1474 1250 1655 1324 magis
1676 1248 2016 1323 expositam.
2061 1248 2160 1304 Sic
2184 1248 2336 1305 enim
2360 1247 2622 1318 quaelibet

444 1345 704 1421 synodus
733 1348 1076 1415 observavit,
1104 1357 1167 1405 ut
1192 1366 1439 1419 sequens
1469 1346 1725 1421 synodus
1767 1346 1980 1427 aliquid
2015 1354 2326 1421 exponeret
2363 1363 2533 1419 supra
2561 1343 2620 1400 id

444 1443 597 1515 quod
620 1444 950 1519 praecedens
978 1446 1234 1523 synodus
1275 1454 1634 1521 exposuerat,
1677 1454 1910 1521 propter
1937 1445 2346 1501 necessitatem
2382 1443 2620 1518 alicujus

447 1541 680 1599 haeresis
709 1545 1077 1619 insurgentis·
1162 1545 1333 1601 Unde
1361 1545 1607 1619 pertinet
1632 1543 1702 1599 ad
1729 1543 2035 1600 Summum
2063 1542 2424 1609 Pontificem,
2457 1542 2621 1616 cujus

448 1639 783 1697 authoritate
811 1642 1070 1717 synodus
1099 1652 1491 1719 congregatur,
1520 1652 1576 1698 et
1601 1644 1726 1718 ejus
1756 1642 2033 1698 sententia
2059 1634 2518 1697 confirmatur.”¹

526 1742 624 1793 24.
670 1739 913 1797 Celebre
942 1752 1031 1798 est
1050 1760 1276 1813 quoque
1305 1740 1633 1817 symbolum
1661 1739 2132 1805 Athanasianum,
2161 1736 2313 1809 quod
2349 1738 2405 1793 in
2435 1735 2623 1793 officio

446 1834 793 1894 Dominicali
822 1840 1100 1896 recitatur.
1186 1840 1421 1896 Nomen
1464 1838 1531 1895 ab
1571 1838 1906 1903 AthanasiO,
1936 1837 2146 1893 celebri
2172 1836 2428 1910 mysterii
2471 1831 2624 1905 quod

443 1936 691 2009 explicat
718 1935 963 2003 vindice,
993 1946 1306 1995 mutuatum
1335 1947 1457 2002 est3
1507 1937 1767 2006 quamvis
1797 1935 2173 1991 recentiorum
2193 1932 2414 2008 judicio
2444 1931 2626 2006 plero-

444 2050 684 2105 rumque
712 2054 827 2091 non
855 2014 1124 2092 habeatur
1150 2036 1273 2111 ejus
1302 2042 1512 2091 auctor.
1598 2032 1665 2089 Id
1692 2033 2043 2108 exploratum
2073 2029 2294 2087 videtur
2320 2030 2478 2104 plura
2497 2047 2624 2101 quae

446 2147 478 2185 e
506 2129 778 2189 diametro
806 2131 1171 2189 adversantur
1200 2132 1506 2189 haeresibus
1550 2132 1674 2206 ejus
1703 2140 1860 2187 aetate
1889 2120 2297 2204 posterioribus
2325 2128 2424 2184 vix
2449 2144 2623 2202 posse

446 2212 822 2295 ei‘adscribi3
863 2248 970 2287 nec
1016 2230 1169 2286 enim
1212 2247 1464 2300 unquam
1512 2229 1735 2303 objecta
1769 2238 1902 2285 sunt
1938 2226 2222 2283 haeresum
2269 2226 2617 2281 auctoribus:

446 2326 595 2395 quod
614 2328 946 2403 contigisset
959 2330 1153 2397 utique
1180 2329 1230 2384 si
1250 2327 1549 2383 Athanasii
1576 2326 1828 2393 nomine,
1847 2335 1904 2381 et
1931 2324 2212 2381 Ecclesiae
2240 2323 2467 2397 publico
2492 2340 2622 2387 usu,

448 2422 727 2481 celebrata
753 2425 876 2500 jam
904 2424 1164 2481 fuissent.

448 2582 563 2645 they
584 2583 680 2632 had
702 2584 843 2645 equal
864 2598 1041 2645 power,
1063 2582 1107 2630 if
1131 2582 1244 2645 they
1269 2582 1366 2631 had
1388 2582 1598 2642 thought
1636 2582 1676 2630 it
1696 2582 1889 2645 equally
1910 2583 2212 2647 reasonable)
2237 2616 2250 2629 .
2275 2617 2288 2630 .
2311 2620 2323 2633 .
2345 2588 2396 2629 to
2428 2582 2560 2629 what
2594 2598 2624 2629 a

451 2670 643 2717 volume
664 2668 762 2717 had
783 2668 865 2715 the
888 2667 1025 2716 creed
1044 2668 1110 2730 by
1134 2667 1229 2715 this
1251 2666 1367 2717 time
1399 2666 1594 2715 swelled
1611 2664 1668 2713 ‘3³'
1739 2664 1946 2731 Liber-ty
1969 2664 2033 2731 of
2047 2664 2417 2733 Prophesying,
2442 2670 2554 2714 sect.
2577 2664 2628 2713 ii.

521 2754 605 2818 (1)
646 2757 693 2801 2.
717 2757 804 2801 283.
827 2768 909 2815 qu.
930 2752 964 2801 i.
988 2760 1073 2801 art.
1096 2767 1145 2801 x.
1181 2752 1263 2805 Ad
1288 2752 1350 2799 ΙΙ.
