3117 5217
24 282 26 305 -
24 120 26 181 -““
24 0 35 67 -Ἳ

529 621 606 675 54
1042 618 1155 679 DE
1199 618 1571 679 DOMINIO
1610 618 2195 689 AOQUIRENDO.

529 787 664 846 lico.
750 784 894 845 Haec
933 788 1228 864 possessio
1268 786 1474 847 dicitur
1505 788 1656 847 ficta.
1738 787 1959 849 Animi
1996 790 2379 867 apprehensio
2417 792 2475 849 in
2514 809 2585 851 eo
2624 800 2717 847 est

527 886 712 961 posita
736 896 798 943 ut
823 886 951 958 quis
977 905 1098 947 rem
1125 886 1530 965 apprehendat,
1559 887 1653 945 vel
1676 889 1929 957 retineat,
1956 889 2147 947 animo
2172 888 2543 965 possidendi;
2570 908 2708 961 qua-

535 993 770 1061 propter
795 983 1172 1060 depositarius
1191 1004 1308 1044 non
1333 987 1540 1045 dicitur
1565 986 1883 1061 possidere.
1962 986 2123 1045 Juris
2148 986 2555 1047 adminiculum
2592 988 2717 1045 exi-

536 1083 706 1159 gitur,
735 1093 1012 1155 quatenus
1039 1102 1274 1143 necesse
1313 1094 1400 1143 est
1436 1095 1500 1143 ut
1535 1084 1664 1162 lege
1701 1104 1819 1145 non
1856 1084 2216 1161 impediatur,
2243 1104 2317 1145 ne
2356 1086 2483 1143 talis
2508 1103 2711 1161 appre-
2768 1130 2781 1135 -

539 1182 746 1241 hensio
771 1193 1066 1241 censeatur
1091 1184 1404 1261 possessio.
1488 1182 1647 1243 Hinc
1674 1183 1925 1243 detentio
1948 1185 2033 1243 rei
2056 1202 2233 1243 sacroe
2260 1204 2293 1241 a
2315 1184 2463 1243 laico
2488 1202 2603 1243 non
2630 1194 2723 1240 est

537 1281 850 1356 possessi0‚
887 1282 986 1358 jus
1025 1282 1182 1341 enim
1221 1277 1452 1341 obstat.¹
1532 1282 1653 1341 Fur
1689 1292 1879 1341 tamen
1914 1301 2045 1341 vere
2085 1282 2345 1361 possidet
2380 1301 2501 1341 rem
2538 1300 2713 1354 quam

539 1380 687 1437 furto
716 1379 959 1437 abstulit.

615 1482 714 1537 49.
755 1475 1070 1537 Possessio
1082 1478 1256 1559 juris
1285 1487 1374 1537 est
1400 1478 1499 1555 jus
1525 1479 1827 1539 insistendi
1850 1480 1935 1537 rei
1974 1488 2261 1553 tamquam
2290 1498 2407 1537 suoe
2444 1498 2561 1537 non
2586 1496 2717 1556 pro·

536 1578 726 1636 hibitoe
753 1577 1056 1653 possideri.
1141 1577 1239 1637 Ex
1265 1579 1635 1655 possessione
1662 1578 1792 1637 sacti
1823 1580 1979 1656 justa
2004 1579 2181 1637 oritur
2204 1581 2299 1657 jus
2322 1597 2447 1637 rem
2475 1578 2717 1656 pacifice

536 1675 785 1742 tenendi,
811 1686 870 1733 et
892 1678 1040 1753 juris
1065 1676 1332 1735 remediis
1357 1676 1555 1735 uoendi
1580 1676 1853 1736 adversus
1878 1696 1981 1736 eos
2008 1677 2109 1750 qui
2134 1679 2563 1755 possessionem
2590 1694 2716 1753 per-

537 1777 758 1833 turbare
785 1784 1063 1847 quaerunt.
1145 1773 1303 1833 Hinc
1330 1775 1635 1847 aliquando
1660 1776 1733 1835 de
1763 1778 1892 1854 jure
1919 1778 2305 1853 possessionis
2332 1778 2537 1855 agitur,
2563 1784 2717 1833 ante-

538 1893 708 1946 quam
749 1874 820 1932 de
856 1873 1112 1933 dominio
1149 1874 1513 1934 decernatur:
1555 1875 1653 1933 illa
1692 1894 1861 1934 causa
1899 1874 2282 1953 possessor-ia
2324 1875 2549 1941 dicitur,
2590 1874 2715 1931 haec

527 1972 840 2050 petitoria.
896 1972 1298 2031 Possessorem
1327 1991 1500 2032 nemo
1519 1984 1709 2051 potest
1726 1974 2041 2041 deturbare,
2061 1974 2175 2033 nisi
2199 1974 2345 2049 legis
2366 1974 2713 2031 auctoritate.

619 2074 716 2129 50.
761 2070 1064 2131 Possessio
1093 2070 1290 2131 civilis
1317 2081 1407 2129 est
1423 2090 1491 2129 ea
1517 2092 1629 2145 qua
1652 2092 1765 2140 res,
1786 2090 2023 2148 corpore
2048 2081 2107 2130 et
2124 2073 2319 2131 animo
2337 2071 2713 2149 apprehensa,

535 2170 660 2228 solo
687 2170 877 2227 animo
901 2164 1223 2229 retinetur.2
1301 2171 1402 2228 Sic
1429 2172 1513 2228 rei
1537 2170 1803 2229 dominus
1830 2170 2089 2231 civiliter
2112 2170 2369 2248 possidet
2390 2188 2513 2229 rem
2540 2183 2711 2243 quam

536 2268 628 2327 fur
653 2268 804 2345 apud
831 2286 892 2325 se
919 2270 1140 2327 retinet.
1225 2270 1591 2327 “Possessio
1630 2272 1863 2327 serviet
1899 2271 2117 2329 ancillae
2155 2288 2273 2327 non
2312 2270 2580 2327 amittitur
2612 2286 2715 2344 per

535 2368 794 2443 ipsorum
836 2366 1048 2443 fugam,
1101 2377 1164 2423 ut
1200 2376 1352 2443 patet
1389 2368 1430 2425 l.
1480 2368 1841 2443 Pomponius
1894 2372 1987 2426 13.
2030 2379 2069 2416 n
2115 2367 2327 2426 ibidem
2345 2365 2438 2425 :⁹⁹³
2467 2387 2473 2395 ¹
2503 2366 2716 2425 Civilis

536 2466 706 2541 igitur
745 2473 832 2521 est
876 2466 1184 2539 possessio.
1268 2464 1577 2523 Possessio
1617 2466 1922 2526 naturalis
1968 2476 2054 2524 est
2096 2484 2211 2539 qua
2248 2485 2341 2523 res
2376 2485 2617 2542 corpore
2658 2476 2717 2522 et

539 2565 731 2625 animo
758 2573 1086 2639 occupatur,
1111 2573 1175 2621 ut
1210 2582 1342 2623 cum
1371 2566 1500 2637 quis
1539 2584 1661 2623 rem
1689 2576 1931 2642 occupat
1967 2565 2037 2623 de
2072 2564 2239 2631 facto,
2269 2565 2361 2623 vel
2385 2584 2487 2641 per
2512 2584 2595 2632 se,
2624 2564 2715 2621 vel

535 2683 639 2741 per
663 2664 861 2729 elium,
891 2681 1060 2735 quam
1087 2664 1258 2731 etiam
1286 2666 1526 2723 retinere
1553 2666 1731 2742 cupit.
1815 2664 2121 2723 Possessio
2154 2665 2423 2721 naturalis
2462 2664 2634 2723 simul
2660 2672 2719 2721 et

535 2764 718 2822 civilis
728 2762 1105 2841 firmissima
1129 2762 1352 2820 dicitur.
1414 2763 1793 2821 Civilissima
1818 2783 1851 2820 a
1874 2762 2165 2840 nonnullis
2201 2762 2405 2822 dicitur
2423 2763 2717 2839 possessio

483 2893 486 2899 Δ
537 2881 710 2934 quam
732 2862 832 2919 lex
860 2862 1049 2918 tribuit
1073 2862 1244 2919 etiam
1265 2862 1579 2938 ignoranti:
1612 2881 1679 2919 v:
1710 2882 1783 2939 g:
1812 2861 2107 2919 haereditas
2128 2861 2411 2938 possideri
2432 2872 2715 2929 censetur,

537 2962 670 3017 licet
694 2959 875 3016 haeres
902 2960 1128 3033 ignoret
1152 2977 1279 3017 eam
1305 2960 1412 3017 sibi
1439 2961 1735 3037 obtigisse.

617 3062 715 3115 51.
759 3058 1072 3115 Possessor
1116 3066 1306 3134 potest
1347 3060 1522 3115 armis
1564 3078 1723 3117 suam
1763 3058 2211 3135 possessionem,
2253 3058 2424 3116 etiam
2465 3058 2713 3126 civilem,

538 3149 748 3223 tueri3⁴
787 3166 1130 3232 quapropter
1167 3157 1219 3213 si
1241 3155 1486 3231 *domum
1525 3157 1773 3225 rediens,
1816 3157 2071 3215 invenias
2112 3174 2239 3214 eam
2278 3157 2346 3213 ab
2373 3156 2483 3215 alio
2509 3158 2717 3233 injuste

536 3264 892 3331 occupatam,
939 3256 1152 3330 poteris
1197 3273 1351 3322 eum,
1400 3256 1613 3314 auxilio
1655 3257 1935 3323 invocato,
1977 3255 2202 3329 ejicere.
2286 3256 2505 3313 Poterit
2546 3258 2716 3313 etiam

537 3353 802 3412 dominus
849 3354 1276 3429 possessionem
1323 3355 1494 3411 armis
1546 3364 1801 3431 repetere
1847 3354 2146 3411 confestim
2192 3362 2497 3429 postquam
2543 3354 2613 3411 ab
2650 3372 2717 3411 ea

533 3454 743 3530 injuste
770 3452 1093 3510 deturbatus
1120 3447 1272 3521 est;⁵
1310 3471 1422 3510 non
1453 3462 1643 3511 autem
1668 3462 1800 3528 post
1825 3452 2149 3511 diuturnum
2178 3452 2553 3510 intervallum.
2616 3452 2716 3509 Sic

534 3553 719 3612 furem
745 3571 836 3611 res
863 3570 1058 3610 secum
1086 3553 1430 3611 auferentem
1456 3552 1591 3610 licet
1616 3553 1861 3632 insequi,
1892 3570 2103 3623 easque
2140 3552 2250 3609 sibi
2275 3569 2630 3627 recuperare,
2660 3552 2716 3607 vi

534 3792 692 3840 pancy
715 3775 772 3823 of
795 3775 878 3823 the
899 3774 1014 3824 land
1035 3774 1205 3825 itself.”
1231 3808 1244 3823 .
1267 3808 1280 3823 .
1307 3808 1320 3823 .
1343 3783 1374 3807 “
1393 3773 1747 3836 Conveyances
1767 3771 1820 3821 in
1841 3772 2040 3833 writing
2068 3788 2195 3820 were
2228 3771 2311 3820 the
2350 3771 2442 3819 last
2473 3770 2569 3819 and
2589 3777 2721 3819 most

534 3860 716 3907 refined
735 3860 1128 3922 unprovemenv'
1198 3858 1532 3910 Blackstone's
1558 3857 1969 3916 Commentaries,
1991 3858 2024 3905 l.
2045 3856 2097 3905 ii.
2116 3872 2169 3905 n.
2188 3859 2302 3904 313.
2370 3864 2399 3887 ‘⁴
2418 3855 2644 3918 Delivery
2668 3857 2727 3904 of

534 3943 808 4007 possession
829 3955 945 4000 was,
965 3942 1223 4006 anciently,
1245 3960 1498 4007 necessary
1511 3951 1565 3994 to
1586 3944 1669 3996 tho
1688 3942 1818 3991 velid
1838 3940 2041 3990 transfer
2052 3940 2110 3989 of
2123 3939 2285 3990 land.'’
2355 3940 2533 3990 Kent's
2562 3939 2709 3991 Gom-

537 4028 821 4085 mentaries,
846 4026 942 4075 vol.
965 4025 1016 4073 ii.
1036 4033 1142 4087 part
1162 4042 1208 4073 v.
1231 4028 1319 4075 lec.
1339 4029 1511 4076 xxxiv.
1529 4044 1581 4076 n.
1606 4030 1722 4075 327.

610 4114 694 4178 (1)
733 4109 792 4158 L.
815 4111 900 4173 qui
921 4109 1170 4159 universos
1191 4110 1253 4158 de
1273 4112 1450 4174 acquir.
1472 4119 1523 4159 et
1544 4114 1697 4161 amitt.
1719 4126 1923 4175 possess.

611 4198 694 4263 (2)
733 4194 888 4243 Instit.
912 4194 972 4243 de
995 4194 1279 4243 Interdictis.
1305 4198 1350 4253 ξ.
1375 4195 1641 4244 Possidere.

609 4284 692 4349 (3)
734 4278 937 4330 Lessius
961 4279 1036 4328 De
1058 4278 1272 4329 Justitia
1286 4283 1334 4328 et
1353 4279 1496 4340 Jure‚
1517 4286 1631 4327 sect.
1649 4279 1679 4327 i.
1703 4296 1745 4329 c.
1766 4280 1835 4327 iii.
1852 4280 1965 4328 dub.
1989 4278 2073 4327 xii.

609 4368 694 4432 (4)
733 4364 792 4413 L.
817 4368 864 4412 3.
881 4382 934 4418 η.
953 4364 1012 4412 de
1034 4364 1083 4411 vi
1106 4370 1155 4411 et
1175 4362 1226 4411 vi
1249 4371 1442 4423 mnata,
1461 4370 1510 4412 et
1531 4365 1565 4413 l.
1585 4364 1618 4411 i.
1636 4380 1679 4413 c.
1712 4362 1847 4413 Unde
1864 4364 1929 4422 vi,
1954 4370 2002 4411 et
2023 4364 2127 4426 cap.
2158 4360 2309 4420 Olim,
2328 4362 2389 4412 de
2410 4360 2561 4409 restit.
2578 4360 2699 4423 spol.

607 4453 692 4518 (5)
732 4450 790 4498 L.
815 4453 862 4499 3.
886 4450 968 4498 ubi
991 4464 1148 4511 supra.
