3117 5217
986 534 1101 595 DE
1140 532 1479 594 JUDICIO
1513 496 2054 599 TEMERAmo.
2497 538 2618 593 335

438 700 591 757 tiam.
680 697 867 759 Facile
894 709 1084 759 autem
1121 700 1187 757 fit
1222 707 1287 758 ut
1310 700 1383 759 de
1408 718 1652 775 persona
1668 698 1949 776 judicium
1975 674 2090 766 fint,
2119 699 2358 775 ipseque
2384 718 2615 759 censea-

440 799 612 857 turin
636 818 697 857 re
722 800 835 858 levi
860 802 1107 876 graviter
1130 815 1401 875 peccasse
1428 818 1503 857 ex
1530 800 1705 857 animi
1733 817 1907 874 pravo
1939 798 2166 856 affectu.

526 900 661 958 164.
705 898 1053 973 Opinionem
1082 898 1385 971 aliquando
1413 916 1541 955 esse
1582 908 1878 975 peccatum
1919 898 2154 955 mortale
2195 895 2384 971 plures
2423 897 2618 956 dicunt

441 994 727 1073 theologi;
756 1016 935 1070 quum
962 997 1207 1055 charitas
1235 1006 1407 1064 vetet,
1434 1016 1509 1055 ne
1536 998 1666 1069 quis
1694 996 1840 1055 male
1864 997 2133 1073 opinetur
2147 995 2218 1052 de
2245 995 2378 1063 alio,
2401 996 2624 1069 abs-que·

440 1096 596 1169 gravi
611 1096 844 1155 indicio.
886 1096 1153 1171 Suspicio
1173 1098 1371 1169 iniqua
1388 1106 1479 1153 est
1490 1098 1687 1162 etiam,
1699 1096 1864 1171 juxta
1880 1098 2092 1172 plures,
2107 1112 2276 1171 grave
2297 1106 2616 1171 peccatum,

440 1196 753 1267 praesertim
794 1196 845 1253 si
878 1195 1147 1270 respiciat
1182 1196 1428 1253 immane
1469 1194 1724 1253 facinus:
1767 1213 1833 1251 v:
1877 1215 1952 1271 g:
1997 1192 2392 1261 homicidium,
2433 1195 2616 1251 inces-

443 1300 583 1351 tum.
616 1293 1032 1365 Unusquisque
1047 1296 1337 1370 aegerrime
1354 1293 1525 1351 ferret
1539 1312 1606 1353 se
1627 1294 1764 1353 tanti
1785 1292 1982 1371 flagitii
2001 1293 2329 1368 suspicione
2345 1292 2616 1360 laborare,

442 1389 685 1462 ideoque
712 1392 977 1475 injuriam
1003 1394 1175 1452 infert
1197 1394 1295 1465 qui
1322 1393 1571 1465 aliquem
1613 1394 1825 1465 absque
1864 1410 2038 1449 causa
2075 1408 2236 1449 reum
2277 1392 2614 1466 suspicatur.

450 1497 488 1523 ‘⁴
512 1488 623 1545 Est
646 1492 901 1559 autem,’'
930 1493 1117 1564 inquit
1140 1491 1205 1549 S.
1228 1490 1511 1560 Thomas,
1542 1492 1806 1568 “triplex
1833 1492 2042 1567 gradus
2069 1490 2437 1566 suspicionis.
2493 1490 2616 1548 Pri-

447 1604 575 1645 mus
616 1588 845 1660 quidem
898 1590 1105 1666 gradus
1146 1600 1253 1659 est,
1292 1599 1357 1649 ut
1392 1590 1570 1649 homo
1609 1608 1683 1647 ex
1719 1590 1942 1647 levibus
1983 1588 2210 1647 indiciis
2256 1588 2328 1645 de
2373 1588 2616 1646 bonitate

447 1685 683 1761 alicujus
710 1688 961 1747 dubitare
986 1690 1239 1764 incipiat.
1322 1690 1407 1749 Et
1428 1689 1541 1747 hoc
1567 1699 1656 1747 est
1682 1689 1900 1747 veniale
1928 1689 2124 1747 etleve
2144 1697 2460 1763 peccatum.
2494 1730 2509 1744 .
2547 1728 2562 1743 .
2596 1729 2610 1744 .

446 1784 747 1843 Secundus
770 1786 1111 1863 gradus'est,
1140 1807 1273 1846 cum
1298 1788 1503 1861 aliquis
1530 1807 1636 1863 pro
1662 1796 1820 1845 certo
1845 1788 2114 1845 malitiam
2137 1786 2364 1844 alterius
2386 1787 2626 1843 aestimat

446 1900 520 1940 ex
546 1884 765 1941 levibus
790 1886 1036 1943 indiciis.
1120 1886 1203 1945 Et
1226 1888 1337 1945 hoc
1376 1888 1429 1943 si
1453 1888 1529 1945 sit
1552 1888 1626 1945 de
1651 1886 1842 1958 aliquo
1867 1887 2025 1961 gravi
2051 1894 2140 1943 est
2165 1893 2458 1961 peccatum
2479 1903 2624 1942 mor·

446 1981 575 2050 tale,
604 1982 663 2039 in
690 1994 962 2055 quantum
988 2004 1103 2043 non
1130 1987 1367 2043 estsine
1394 1994 1722 2062 contemptu
1753 1986 2024 2060 proximi.
2059 2026 2074 2041 .
2105 2026 2121 2041 .
2153 1984 2386 2041 Tertius
2414 1984 2620 2058 gradus

446 2090 554 2147 est,
582 2099 715 2139 cum
740 2084 944 2155 aliquis
982 2082 1166 2159 judex
1208 2102 1285 2142 ex
1328 2086 1660 2160 suspicione
1698 2083 1956 2159 procedit
1981 2083 2050 2140 ad
2078 2084 2327 2153 aliquem
2355 2081 2621 2139 condem-

448 2179 699 2237 nandum
724 2200 744 2237 ι
782 2191 839 2239 et
862 2181 973 2239 hoc
998 2182 1205 2241 directe
1230 2182 1303 2241 ad
1329 2184 1664 2260 injustitiam
1702 2184 1977 2258 pertinet:
2019 2182 2170 2239 unde
2211 2190 2299 2237 est
2322 2190 2618 2256 peccatum

449 2271 785 2345 morta.le.”¹

533 2382 645 2436 165
687 2377 983 2439 Dubitatio
1008 2380 1177 2456 culpa
1195 2398 1311 2439 non
1336 2391 1515 2449 vacat,
1546 2380 1772 2453 quando
1799 2381 2050 2455 proximi
2078 2380 2326 2456 probitas
2351 2380 2416 2436 in
2444 2396 2624 2451 quaes-

450 2476 601 2533 tione
630 2486 839 2535 temere
866 2480 1125 2554 ponitur:
1169 2498 1302 2537 nam
1330 2481 1381 2536 si
1406 2490 1642 2537 externa
1666 2478 1884 2537 indicia
1901 2480 1958 2538 ei
1995 2479 2241 2545 faveant,
2271 2495 2388 2535 non
2417 2487 2504 2534 est
2529 2496 2628 2534 cur

449 2592 575 2633 eam
604 2575 829 2635 dubiam
862 2577 1189 2637 habeamus.
1233 2576 1517 2637 Caeterum
1546 2595 1662 2636 non
1688 2578 1852 2635 facile
1879 2585 2146 2652 peccatur
2163 2577 2423 2651 graviter,
2447 2594 2626 2648 quum

446 2674 784 2749 plerumque
812 2676 1003 2749 aliqua
1028 2678 1101 2734 sit
1124 2674 1415 2735 dubitandi
1440 2678 1604 2742 ratic,
1631 2676 1721 2733 ob'
1743 2666 1912 2747 qna'm
1953 2676 2086 2732 licet
2123 2684 2372 2732 mentem
2413 2676 2482 2731 ab
2507 2674 2644 2731 ullo*

440 2772 663 2849 judicio
690 2775 995 2833 efficiendo
1020 2776 1362 2833 abstrahere.
1444 2775 1564 2833 Sed
1605 2775 1657 2831 si
1701 2774 1996 2833 hominem
2031 2775 2306 2850 probitate
2333 2786 2392 2831 et
2416 2773 2631 2848 pietate

448 2872 683 2941 clarum,
723 2874 838 2933 levi
882 2874 952 2931 de
1004 2892 1175 2955 eausa
1224 2874 1409 2932 dubiae
1460 2875 1739 2933 aestimem
1785 2874 2023 2941 virtutis,
2072 2872 2336 2949 injuriam
2381 2873 2436 2929 ei
2476 2871 2623 2930 facio

448 2988 698 3045 gravem.

537 3073 670 3128 166.
714 3071 781 3129 In
826 3071 1043 3129 actibus
1086 3072 1336 3147 proximi
1373 3070 1804 3147 interpretandis
1851 3070 2112 3129 habenda
2155 3080 2244 3127 est
2285 3090 2402 3146 prae
2445 3072 2626 3129 oculis

458 3168 654 3245 regula
680 3188 849 3243 quam
876 3170 1231 3247 Augustinus
1276 3188 1351 3227 ex
1390 3170 1576 3229 verbis
1624 3170 1865 3229 Domini
1911 3170 2170 3229 deducit:
2214 3168 2422 3228 Nolite
2453 3170 2627 3249 judi·

454 3285 588 3326 care
606 3287 627 3324 .·
678 3278 717 3305 ‘⁶
736 3269 1025 3347 Hocloco
1052 3268 1195 3327 nihil
1214 3270 1369 3329 aliud
1388 3271 1553 3329 nobis
1584 3270 1819 3349 praecipi
1845 3272 2133 3336 existimo,
2163 3270 2275 3327 nisi
2301 3278 2360 3327 ut
2387 3288 2454 3327 ea
2480 3271 2630 3329 facta

454 3385 579 3438 quae
596 3367 831 3427 dubium
854 3378 940 3425 est
954 3387 1068 3440 quo
1088 3370 1281 3427 animo
1300 3369 1455 3436 fiant,
1471 3372 1532 3429 in
1554 3368 1848 3427 meliorem
1867 3379 2082 3443 partem
2099 3366 2632 3443 interpretemur.’'²

457 3464 743 3525 Caeterum
768 3467 829 3525 id
855 3467 1305 3542 intelligendum,
1332 3468 1509 3528 salvis
1537 3466 1849 3542 prudentiae
1869 3467 2099 3542 regulis,
2123 3484 2230 3523 nec
2249 3466 2402 3523 enim
2420 3479 2629 3536 temere

446 3564 685 3639 judicat,
716 3566 816 3637 qui
840 3584 915 3623 ex
942 3576 1217 3623 consueta
1242 3565 1449 3641 agendi
1463 3567 1713 3632 ratione,
1741 3565 1832 3622 vel
1877 3582 1950 3621 ex
1975 3564 2202 3622 indiciis
2230 3566 2481 3621 externis
2509 3569 2627 3623 ani·

454 3681 613 3721 mum
642 3664 859 3739 agentis
884 3664 1121 3739 colligit.
1204 3664 1307 3721 Sat
1324 3674 1413 3721 est
1436 3674 1499 3722 ut
1516 3662 1668 3721 haud
1690 3662 1908 3721 idoneis
1922 3661 2352 3740 suppetentibus
2382 3663 2628 3732 indiciis,

454 3762 709 3819 animum
748 3762 1087 3821 inclinemus
1126 3761 1199 3819 ad
1249 3762 1551 3839 benignius
1603 3760 1674 3819 de
1725 3762 1995 3839 proximo
2057 3759 2439 3828 sentiendum,
2494 3764 2628 3836 quia

459 3868 498 3894 ‘⁴
522 3861 915 3935 unusquisque
942 3862 1267 3919 naturaliter
1290 3864 1652 3940 praesumitur
1679 3853 1958 3917 bonus.”³
2003 3858 2288 3917 Caeterum
2318 3860 2452 3918 licet
2469 3871 2629 3921 caute

456 3977 521 4017 se
546 3978 765 4036 gerere,
798 3970 855 4019 et
892 3962 1121 4019 nonnisi
1170 3971 1301 4037 post
1340 3970 1492 4019 certa
1534 3968 1882 4037 argumenta-
1907 3959 2202 4036 probitatis
2241 3958 2410 4018 alicui
2460 3962 2632 4038 plene

455 4058 651 4117 fidere.
734 4059 803 4117 Si
831 4069 1019 4119 tamen
1047 4061 1176 4132 quis
1204 4060 1501 4137 benignius
1528 4058 1826 4118 sentiendo
1865 4069 1924 4117 et
1959 4042 2629 4128 familiafius'tracmndO,

458 4158 759 4230 aliquando
787 4158 1119 4237 decipiatur,
1149 4177 1265 4217 non
1304 4158 1364 4217 id
1403 4158 1543 4217 adeo
1571 4157 1877 4217 dolendum
1912 4169 2018 4227 est,
2038 4158 2236 4237 judice
2263 4158 2329 4215 S.
2359 4160 2628 4219 Thoma:

526 4380 605 4445 (1)
646 4382 693 4427 2.
716 4382 764 4427 2.
787 4396 867 4443 qu.
890 4380 957 4429 lx.
978 4386 1063 4429 art.
1085 4378 1151 4428 iii.

526 4467 609 4530 (2)
649 4463 708 4513 L.
730 4464 781 4513 ii.
802 4464 862 4516 de
883 4464 1041 4517 verbis
1062 4464 1277 4517 Domini
1295 4462 1359 4514 in
1381 4467 1559 4524 monte,
1586 4480 1628 4514 c.
1649 4464 1783 4514 xviii.
1805 4480 1854 4513 n.
1878 4466 1959 4513 59.
2163 4465 2247 4529 (3)
2286 4462 2406 4523 Reg.
2429 4462 2576 4511 Juris.
