3117 5217
653 529 776 588 286
1347 525 1462 584 DE
1506 525 2145 586 INFIDELITATE.

737 694 838 750 48.
881 689 940 748 H
947 690 1202 748 oereticus
1219 687 1558 749 materialia
1584 689 1789 748 dicitur
1808 691 1905 764 qui
1926 709 2176 750 errorem
2196 692 2515 750 damnatum
2542 700 2796 764 tamquam

655 791 790 850 fidei
815 789 1178 855 contrarium,
1207 789 1418 861 absque
1445 790 1622 847 animi
1650 791 1974 866 pertinacia,
2004 791 2330 865 profitetur:
2373 791 2656 848 haereticus
2676 788 2795 870 sor·

655 887 838 950 malis
865 888 962 960 qui
989 889 1250 964 pertinax
1289 899 1394 945 est.
1479 886 1767 947 Caeterum
1810 906 1983 960 quum
2026 890 2295 949 Ecclesia
2336 891 2407 947 de
2446 890 2665 947 occultis
2696 906 2796 946 non

649 987 890 1067 judicet,
917 995 975 1044 et
1001 985 1297 1044 hominum
1325 984 1498 1046 corda
1521 987 1631 1046 soli
1672 995 1898 1062 pateant
1934 987 2086 1056 Deo,
2128 988 2187 1046 in
2216 988 2341 1047 foro
2368 991 2597 1046 externo
2620 1005 2793 1046 omnes

656 1097 961 1146 censentur
985 1083 1236 1142 haeretici
1264 1087 1364 1158 qui
1389 1103 1639 1143 errorem
1668 1099 1864 1144 contra
1890 1085 2059 1145 fidem
2088 1088 2149 1146 in
2176 1097 2330 1145 secta
2356 1089 2545 1159 aliqua
2568 1087 2796 1163 profiten-

657 1197 765 1244 tur.
850 1184 988 1242 Ideo
1029 1202 1225 1242 severe
1273 1194 1567 1260 correptus
1610 1193 1701 1242 est
1742 1204 1775 1242 a
1820 1185 2103 1261 Suprema
2150 1185 2527 1258 Inquisitione
2570 1185 2799 1248 sacerdos

657 1283 886 1358 quidam
918 1283 1018 1356 qui
1045 1283 1338 1341 hominem
1381 1302 1412 1340 e
1454 1297 1611 1341 secta
1640 1281 1977 1342 calviniana
2003 1305 2035 1342 a
2062 1285 2321 1343 censuris
2354 1285 2595 1344 absolvit
2618 1285 2794 1355 absque

657 1383 918 1441 facultate
945 1383 1287 1448 necessaria,
1315 1391 1633 1458 praetexens
1674 1381 1829 1454 quod
1870 1391 1908 1418 ‘⁸
1928 1401 2057 1442 cum
2096 1385 2329 1460 ignarus
2358 1385 2633 1442 haeresum
2657 1393 2705 1439 et
2724 1401 2795 1438 er-

657 1500 849 1540 rorum
881 1479 1114 1538 Calvini
1139 1489 1310 1548 esset,
1337 1499 1454 1539 non
1483 1491 1679 1558 posset
1702 1480 1819 1539 dici
1856 1481 2153 1540 haereticus
2184 1482 2502 1541 formalis.”
2586 1481 2795 1558 “Ipsius

659 1582 858 1658 opinio
885 1581 1073 1656 potius
1100 1581 1494 1658 metaphysica
1513 1598 1683 1652 quam
1706 1598 1837 1638 vera
1860 1581 1919 1638 in
1942 1582 2007 1639 S.
2030 1581 2245 1640 Officio
2264 1601 2381 1640 non
2408 1590 2498 1638 est
2520 1575 2797 1658 recepta.'’¹

742 1685 842 1738 49.
885 1680 1502 1738 Excommunicatione
1543 1679 1747 1756 majori
1788 1697 1991 1738 omnes
2030 1680 2282 1738 haeretiei
2322 1677 2658 1743 feriuntur?
2689 1682 2797 1737 irre-

663 1781 886 1858 gulares
915 1779 1084 1837 etiam
1115 1787 1264 1846 sunt,
1293 1779 1370 1835 ita
1393 1789 1456 1837 ut
1481 1787 1768 1850 nequeant
1792 1777 1861 1836 ad
1882 1797 2073 1838 sacros
2102 1777 2331 1837 ordines
2352 1779 2625 1857 provehi:
2664 1781 2801 1836 bene-

661 1878 808 1936 ficiis
827 1877 1222 1934 ecclesiasticis
1245 1885 1302 1934 et
1324 1875 1691 1952 dignitatibus
1710 1879 2001 1952 privantur
2018 1874 2067 1936 :³
2082 1878 2485 1955 jurisdictione
2506 1879 2797 1954 spoliantur:

663 1985 721 2032 et
745 1975 1036 2051 sepultura
1061 1975 1442 2032 ecelesiastica
1465 1977 1551 2032 eis
1580 1975 1909 2054 denegatur,
1935 1978 2068 2034 licet
2099 1995 2215 2035 non
2244 1978 2457 2036 fuerint
2482 1971 2803 2035 denuntiati.⁴

663 2074 780 2140 Qui
807 2091 908 2131 eos
935 2073 1178 2130 scienter
1201 2075 1488 2150 sepeliunt
1511 2075 1621 2132 ritu
1654 2076 1932 2144 ecclesiae,
1962 2079 2558 2136 excommunicatione
2584 2077 2802 2134 irretiun-

664 2168 806 2230 tur.'
887 2173 1146 2232 Fuerunt
1181 2173 1350 2231 etiam
1395 2191 1579 2250 poenae
1622 2175 1766 2242 aliae,
1812 2176 1980 2232 etiam
2022 2177 2242 2252 capitis,
2272 2178 2331 2234 in
2376 2177 2663 2234 haereticos
2697 2176 2797 2231 latae

661 2273 854 2350 legum
881 2272 1136 2330 civilium
1159 2274 1492 2341 severitate3
1535 2273 1913 2332 censebantur
1950 2277 2108 2333 enim
2147 2275 2389 2351 publicae
2418 2276 2620 2348 quietis
2644 2285 2693 2331 et
2712 2273 2797 2330 rei-

664 2371 904 2446 publicae
935 2371 1125 2427 hostes
1149 2390 1163 2427 :
1207 2369 1308 2426 sed
1335 2371 1430 2428 ille
1455 2372 1647 2448 legum
1675 2372 1827 2448 rigor
1854 2392 2025 2445 quem
2060 2382 2116 2431 et
2152 2375 2379 2432 sectarii
2406 2387 2601 2432 contra
2626 2372 2799 2430 Catho-

661 2466 803 2526 licos
835 2479 892 2526 et
915 2477 1111 2528 contra
1145 2488 1208 2526 se
1247 2469 1494 2528 invicem
1535 2471 1704 2528 etiam
1744 2471 2141 2540 adhibuerunt,
2174 2474 2299 2550 jam
2342 2474 2553 2545 ubique
2592 2473 2800 2529 sublatus

665 2559 803 2624 est.⁶

747 2670 846 2724 50.
889 2665 1041 2724 Cum
1083 2667 1364 2726 haereticis
1405 2668 1827 2727 matrimonium
1866 2669 2009 2728 inire
2048 2669 2585 2747 legeecclesiastica
2608 2668 2803 2725 vetitum

665 2775 793 2832 est;
835 2775 892 2822 et
917 2784 1186 2842 magnum
1221 2766 1392 2823 habet
1422 2767 1765 2842 «periculum.
1851 2766 2139 2826 Caeterum
2178 2770 2275 2827 ubi
2316 2768 2605 2827 Catholici
2640 2768 2805 2824 vivunt

666 2864 736 2921 iis
782 2863 1087 2938 permixti3
1141 2863 1471 2940 hujusmodi
1523 2867 1882 2924 matrimonia
1923 2867 2191 2944 impediri
2230 2879 2540 2941 nequeunt,
2584 2867 2803 2936 adeoque

661 2958 1018 3036 'dispensatio
1047 2962 1192 3020 solet
1217 2963 1474 3030 concedi,
1503 2964 1923 3023 conditionibus
1964 2961 2239 3042 appositis
2279 2968 2491 3039 quibus
2516 2964 2803 3024 consulatur

665 3059 1031 3119 conscientiae
1057 3061 1319 3130 libertati,
1349 3072 1408 3120 et
1434 3065 1609 3138 prolis
1638 3063 1951 3122 Catholicis
1978 3064 2321 3124 educationi.

731 3243 991 3377 gnbgqude
1009 3227 1138 3306 apud
1152 3245 1384 3304 Antoine,
1400 3249 1543 3296 tract.
1559 3246 1620 3297 de
1652 3247 1774 3302 Virt.
1802 3247 1965 3300 ΤΙιεοΙ.
1988 3266 2030 3300 c.
2050 3250 2118 3300 iii.
2142 3267 2225 3314 qu.
2246 3250 2329 3300 vii.
2354 3250 2485 3302 Nota
2512 3249 2570 3299 P.
2587 3242 2805 3310 Phillippi

666 3341 700 3375 α
776 3341 836 3375 ar
931 3341 1069 3377 εαηο.

741 3415 827 3478 (2)
868 3410 993 3460 Can.
1017 3410 1275 3472 Aebutius,
1298 3415 1380 3462 24.
1402 3422 1570 3479 quaest.
1590 3416 1623 3465 i.
1646 3423 1695 3465 et
1715 3433 1820 3482 cap.
1843 3420 1890 3466 9.
1908 3425 1957 3467 et
1972 3435 2077 3484 cap.
2105 3422 2181 3468 13.
2204 3419 2262 3469 ἀι
2284 3418 2447 3470 ltaeret.

630 3495 638 3504 “
744 3501 828 3564 (3)
870 3498 993 3563 Cap.
1015 3500 1100 3550 xii.
1123 3499 1181 3551 αι
1204 3497 1368 3550 haeret.
1385 3501 1438 3550 in
1461 3504 1509 3550 6.
1670 3505 1754 3569 (4)
1794 3503 1921 3553 vide
1942 3505 2067 3554 «1001.
2092 3505 2144 3553 S.
2162 3505 2347 3568 Inquis.
2369 3505 2449 3554 die
2466 3507 2530 3552 23
2552 3503 2662 3553 suni
2684 3500 2808 3547 1609.

742 3587 826 3650 (5)
864 3584 987 3649 Cap.
1009 3585 1059 3636 ii.
1081 3583 1140 3636 de
1162 3583 1324 3637 ltaeret.
1345 3586 1400 3635 in
1422 3588 1468 3634 6.

741 3673 827 3737 (6)
873 3670 992 3719 Vide
1015 3671 1194 3722 litteras
1215 3671 1427 3737 episcopi
1444 3671 1475 3720 J
1476 3671 1649 3720 oannis
1672 3671 1851 3721 Milner
1872 3671 1933 3722 ad
1953 3671 2333 3736 pmbendarium
2355 3673 2673 3734 Anglicanum
2692 3667 2791 3715 Stul

669 3768 778 3812 geas
795 3769 1026 3802 nomme..
2648 3763 2653 3770 ·
