3117 5217
483 561 597 617 126
678 557 792 615 DE
823 553 1339 615 sPEfflALwM
1369 549 1897 612 INJURIARUM
1929 509 2558 610 REPARATIONE.

1373 1070 1658 1130 CAPUT
1705 1071 1780 1129 V.

892 1287 969 1326 m:
1016 1287 1377 1326 SPECIALIUM
1419 1288 1788 1328 INJURIARUM
1826 1287 2273 1329 ltEPARA'rIONss.

566 1459 705 1512 208.
764 1454 993 1529 Injuriae
1040 1472 1165 1525 quae
1217 1455 1463 1529 reparari
1516 1463 1809 1526 nequeunt
1850 1452 2051 1511 eodem
2105 1469 2312 1528 genere
2365 1453 2665 1516 bonorum,

494 1552 821 1611 restituendi
843 1554 929 1610 vel
953 1551 1361 1628 compensandi
1382 1552 1784 1630 obligationem
1802 1552 2090 1610 nonnullis
2114 1551 2395 1626 theologis
2417 1548 2675 1607 videntur

498 1653 789 1719 inducere,
811 1661 1086 1724 quatenus
1106 1652 1254 1709 bona
1280 1654 1449 1710 ctiam
1478 1652 1760 1711 inferioris
1791 1650 2006 1709 ordinis
2035 1651 2242 1712 valent.
2299 1648 2457 1708 Hinc
2483 1657 2678 1725 putant

499 1753 802 1827 pecuniam
845 1749 1085 1808 dandam
1140 1761 1202 1808 ut
1253 1751 1403 1809 fama
1454 1751 1590 1808 laesa
1643 1750 2064 1824 quodammodo
2117 1759 2533 1824 compensetur,
2589 1746 2676 1802 vel

499 1870 711 1909 moeror
735 1851 808 1907 ob
836 1850 1061 1917 vulnus,
1092 1849 1182 1906 vel
1221 1862 1482 1917 mortem,
1512 1850 1754 1908 tollatur.
1840 1847 2221 1908 Communior
2246 1856 2302 1904 et
2334 1847 2676 1924 probabilior

498 1949 777 2007 sententia
802 1957 971 2024 negat
994 1947 1327 2025 hujusmodi
1353 1949 1766 2006 restitutionem
1786 1948 2123 2015 faciendam,
2153 1965 2331 2019 quum
2359 1948 2503 2004 inter
2529 1945 2678 2003 bona

498 2047 707 2105 diversi
750 2047 965 2104 ordinis
1011 2047 1168 2104 nulla
1221 2049 1298 2105 sit
1330 2049 1656 2123 proporti03
1721 2056 2066 2123 quapropter
2117 2045 2417 2104 vulnerans
2453 2045 2674 2102 solvere

498 2155 716 2205 tenetur
742 2164 1026 2223 expensas
1072 2147 1377 2205 curationis
1404 2157 1461 2203 et
1482 2148 1703 2205 lucrum
1733 2164 1849 2221 quo
1889 2147 2212 2204 vulneratus
2246 2155 2433 2202 caret:
2477 2145 2680 2202 “cica-

498 2247 701 2304 tricum
730 2255 918 2304 autem
946 2255 1043 2303 aut
1077 2244 1443 2304 deformitatis
1472 2246 1626 2304 nulla
1649 2246 1714 2306 fit
1743 2246 2073 2312 aestimati03
2116 2245 2252 2317 quia
2281 2245 2518 2302 liberum
2557 2262 2679 2302 cor-

500 2363 609 2423 pus
636 2345 846 2402 nullam
875 2345 1079 2421 recipit
1102 2337 1630 2402 aestirnationem.”¹
1683 2353 1722 2380 ‘⁶
1743 2344 2144 2402 communiter
2183 2342 2436 2412 tamen,”
2465 2352 2526 2401 ut
2563 2342 2678 2399 ani-

500 2443 801 2503 madvertit
818 2444 882 2501 S.
905 2443 1259 2521 Alphonsus,
1286 2453 1325 2478 “
1343 2443 1559 2520 praefati
1581 2454 1836 2501 auctores
1856 2452 2092 2500 monent
2111 2461 2425 2519 congruum
2447 2460 2594 2509 esse,
2615 2453 2678 2498 ut

498 2544 877 2603 confessarius
903 2545 1159 2621 imponat
1181 2544 1477 2619 poenitenti
1516 2561 1620 2619 pro
1661 2544 2009 2620 poenitentia,
2039 2542 2130 2599 vel
2169 2560 2243 2598 ex
2283 2543 2543 2614 aequitate
2583 2540 2680 2599 ali-

503 2642 639 2717 quid
677 2643 817 2701 laeso
854 2627 1183 2720 elan-giril&
1258 2643 1373 2714 Qui
1412 2643 1648 2701 alterum
1677 2644 1824 2710 visu,
1861 2639 2126 2704 audituve
2169 2641 2374 2718 injuria
2412 2641 2674 2716 privavit,

502 2742 771 2800 damnum
803 2744 953 2813 quod
982 2741 1115 2800 inde
1142 2744 1329 2800 evenit
1356 2742 1521 2799 debet
1543 2761 1802 2818 reparare
1832 2761 1936 2818 pro
1955 2741 2202 2798 ‘vit-ibus.
2287 2740 2404 2797 Pro
2443 2749 2680 2816 peccato

504 2842 574 2898 ad
602 2841 756 2914 quod
783 2843 911 2912 quis
941 2842 1172 2897 alterum
1202 2843 1279 2907 vi,
1308 2839 1523 2906 fraude,
1552 2833 1806 2915 pretiove
1835 2839 2086 2906 adduxit,
2109 2839 2254 2897 nihil
2273 2837 2430 2897 reddi
2451 2849 2676 2914 potest:
2717 2821 2720 2824 ’

502 2938 899 3010 sedseductus
926 2939 1163 2996 libertati
1188 2937 1566 2996 restituendus
1594 2949 1698 3005 est,
1727 2940 1776 2996 si
1803 2939 1890 2996 vis
1919 2937 2085 2995 suerit
2111 2937 2379 3005 adhibita,
2409 2948 2467 2994 et
2491 2940 2678 2995 omnis

501 3055 676 3112 opera
702 3037 760 3094 in
789 3055 858 3093 eo
884 3035 1149 3113 ponenda
1175 3047 1263 3094 est
1298 3047 1360 3096 ut
1386 3037 1455 3094 ad
1496 3039 1705 3095 bonam
1744 3038 1962 3114 frugem
2006 3037 2305 3113 redigatur.
2391 3036 2690 3094 Caeterum‘

498 3138 549 3194 si
578 3135 709 3192 inde
741 3137 1035 3193 immineat
1056 3137 1251 3211 lapsus
1279 3137 1616 3212 periculum,
1647 3138 1782 3193 satis
1809 3137 1913 3193 erit
1936 3148 2000 3193 ut
2037 3137 2296 3212 precibus
2333 3155 2522 3194 coram
2551 3136 2702 3210 Deo-

498 3235 642 3292 fusis
683 3235 979 3291 conversio
1018 3245 1075 3290 et
1114 3235 1267 3292 salus
1307 3235 1537 3292 alterius
1579 3236 1932 3311 imploretur,
1961 3244 2019 3292 et
2057 3233 2280 3310 'pietatis
2319 3245 2377 3293 et
2406 3236 2678 3292 virtutum

502 3335 760 3391 omnium
789 3332 1056 3409 exemplo
1084 3350 1282 3390 omnes
1311 3332 1381 3389 ad
1408 3335 1578 3391 vitam
1608 3344 1860 3392 sanctam
1890 3327 2261 3392 excitentur.³

578 3437 719 3490 209.
765 3434 829 3490 Si
866 3433 1023 3490 alteri
1064 3433 1371 3508 imputetur
1407 3434 1625 3491 crimen
1660 3453 1693 3490 a
1732 3447 1784 3491 te
1826 3434 2221 3501 commissum,
2253 3433 2350 3506 qui
2391 3444 2448 3490 et
2481 3433 2679 3510 capitis

500 3534 629 3592 ideo
672 3533 985 3600 damnetur,
1017 3540 1278 3604 quaerunt
1316 3531 1570 3609 theologi
1609 3545 1796 3590 utrum
1839 3532 2219 3590 damnationis
2261 3533 2385 3609 ejus
2425 3532 2682 3591 reus'ha-

503 3633 725 3692 bendus
752 3637 853 3692 sis,
939 3633 1207 3704 Plerique
1235 3643 1462 3708 negant,
1485 3634 1534 3689 si
1563 3633 1706 3690 nihil
1725 3633 1927 3692 seceris
1951 3651 2066 3704 quo
2086 3651 2152 3688 ea
2180 3631 2538 3690 induceretur
2559 3650 2680 3688 sus-

502 3735 691 3810 picio:
724 3733 952 3808 quodsi
991 3734 1069 3790 ita
1106 3731 1316 3790 omnia·
1339 3732 1752 3808 composueriS,
1781 3742 1843 3789 ut
1881 3731 2091 3790 indicia
2124 3731 2382 3789 criminis
2409 3732 2467 3788 in
2509 3731 2679 3788 alium

438 3855 442 3859 ¹
502 3834 892 3909 rejicerentur,
938 3832 1151 3890 videris
1191 3851 1362 3889 causa
1399 3832 1692 3890 sententiae
1733 3832 1991 3908 injustae:
2037 3850 2105 3888 v:
2151 3850 2226 3908 g:
2271 3831 2320 3888 si
2349 3829 2521 3887 telum
2551 3848 2678 3886 san-

505 3931 676 4006 guine
706 3932 1027 4006 inspersum
1054 3932 1113 3987 in
1142 3932 1405 3988 cubiculo
1433 3932 1557 4008 ejus
1585 3929 1973 3997 absconderis,
1994 3930 2084 3987 vel
2111 3949 2232 3989 rem
2263 3931 2532 4002 aliquam,
2555 3947 2679 4001 quoe

502 4031 631 4106 ejus
671 4031 941 4096 noscitur,
970 4047 1149 4105 prope
1191 4027 1430 4086 cadaver
1468 4031 1644 4088 occisi
1682 4029 1932 4087 hominis
1971 4028 2328 4105 deposueris·
2415 4026 2588 4094 Quod
2627 4029 2677 4084 si

502 4127 813 4204 praevideas
856 4129 1241 4204 suspicionem
1280 4127 1339 4183 in
1380 4129 1686 4199 quemdam
1728 4129 2121 4206 rejiciendam,
2165 4129 2378 4200 absque
2423 4126 2538 4183 ulla
2590 4137 2683 4183 tua

501 4245 696 4303 opera,
728 4245 930 4303 peccas
958 4237 1151 4283 contra
1176 4226 1506 4298 charitatem
1532 4227 1616 4285 illi
1645 4226 1890 4285 debitam
1913 4227 2132 4286 facinus
2152 4225 2449 4304 patrandO,
2471 4244 2544 4283 ex
2566 4243 2678 4298 quo

841 4416 924 4493 (1)
966 4426 1026 4475 L.
1048 4427 1133 4474 fin.
1155 4425 1207 4474 ff.
1229 4425 1287 4475 de
1309 4427 1389 4477 hie
1411 4427 1501 4493 qui
1522 4426 1676 4493 effud.
1883 4430 1962 4494 (2)
1999 4429 2058 4477 L.
2083 4429 2151 4477 iii.
2173 4445 2224 4477 n.
2249 4431 2364 4477 627.

840 4516 922 4581 (3)
964 4513 1089 4561 Vide
1110 4511 1335 4561 Lessium
1357 4512 1415 4563 de
1437 4512 1653 4564 Justitia
1673 4517 1721 4562 et
1740 4512 1881 4572 Jure,
1907 4519 1952 4574 ς.
1976 4515 2024 4564 ii.
2047 4531 2089 4564 c.
2113 4514 2211 4562 viii.
2227 4514 2342 4563 dub.
2359 4513 2409 4562 ii.
