3117 5217
495 559 618 617 340
1051 552 1164 613 DE
1205 551 1737 613 JUDIOIORUM
1780 552 2129 613 ORDINE.

489 720 658 779 debet
683 721 888 779 referre
913 736 1124 777 nomen
1147 718 1375 787 actoris,
1397 718 1500 787 rei,
1520 727 1689 793 atque
1709 718 1945 796 judicis,
1967 736 2086 777 rem
2104 718 2338 794 petitam
2364 726 2423 775 et
2448 737 2683 777 causam

497 818 734 898 petendi
753 838 768 887 3
798 820 848 877 si
867 817 1304 885 accusatorius,
1320 826 1547 895 tempus
1575 818 1881 890 locumque
1902 817 2159 875 criminis
2178 825 2432 892 exponat
2450 816 2687 893 insuper

497 936 734 979 necesse
779 910 918 976 est.¹
999 916 1144 975 Post
1190 916 1446 975 libellum
1483 916 1669 993 judici
1712 917 2028 979 exhibitum
2080 916 2287 974 dantur
2336 934 2435 975 reo
2476 917 2677 993 viginti

499 1019 720 1077 dierum
763 1016 1026 1084 induciae,
1055 1026 1119 1075 ut
1157 1014 1520 1093 respondeat.
1604 1016 2011 1092 Responsione
2051 1016 2319 1092 praestita,
2360 1015 2433 1073 lis
2479 1014 2683 1075 dicitur

495 1122 846 1179 contestata.
931 1112 1165 1173 certam
1193 1116 1440 1187 aliquam
1483 1114 1661 1173 libelli
1704 1114 2005 1173 formulam
2044 1114 2202 1191 leges
2243 1113 2523 1172 Ecclesiae
2562 1134 2680 1173 non

495 1220 751 1295 exigunt.
835 1215 1046 1274 Libelli
1085 1213 1416 1274 solemnitas
1461 1214 1522 1271 in
1564 1216 1755 1273 causis
1806 1214 2133 1272 summariis
2186 1232 2303 1271 non
2350 1222 2439 1271 est
2486 1232 2682 1271 neces-

495 1318 659 1374 saria.
1846 1356 1853 1367 .

579 1420 672 1473 11.
717 1412 932 1473 Praeter
973 1412 1232 1471 libellum
1271 1411 1635 1488 probationes
1674 1411 2017 1473 exhibendae
2056 1420 2189 1469 sunt
2222 1409 2427 1488 judici,
2474 1411 2679 1483 quibus

500 1515 642 1573 visis
681 1516 739 1572 in
771 1513 870 1589 jus
897 1522 1064 1573 vocat
1086 1530 1246 1571 reum
1287 1510 1594 1578 citatione,
1623 1526 1749 1584 quoe
1789 1512 1839 1569 si
1866 1510 2113 1578 deficiat,
2146 1510 2297 1568 irrita
2320 1519 2487 1568 erunt
2510 1502 2687 1567 acta.2

503 1613 717 1674 Citatio
739 1609 926 1677 ,realis
953 1613 1180 1679 dicitur,
1203 1609 1430 1683 quando
1457 1628 1663 1669 manus
1686 1624 1787 1668 reo
1812 1611 2179 1689 injiciuntur-3
2206 1606 2487 1677 verbalis,
2506 1626 2685 1681 quan-

494 1713 570 1773 do
595 1712 805 1780 verbis,
833 1713 1046 1788 scripto
1073 1710 1310 1778 scilicet,
1329 1728 1462 1769 reus
1481 1709 1542 1767 in
1560 1710 1659 1785 jus
1686 1716 1935 1767 vocatur.
2027 1706 2299 1785 Simplex
2329 1708 2521 1767 citatio
2545 1727 2681 1765 con-

496 1814 794 1872 tumaciam
823 1829 938 1870 non
964 1809 1200 1877 inducit,
1230 1809 1345 1867 nisi
1370 1820 1502 1885 post
1525 1808 1837 1875 intervalla,
1857 1806 2075 1885 judicis
2116 1808 2365 1875 arbitrie,
2408 1816 2489 1865 ter
2517 1807 2681 1864 fuerit

492 1913 747 1987 repetita.
787 1907 1208 1987 Pes-emptoria
1233 1908 1304 1965 iis
1331 1908 1520 1965 verbis
1545 1907 1885 1984 concipitur,
1908 1918 2115 1965 utreus
2132 1906 2334 1964 debeat
2360 1926 2485 1965 eam
2506 1908 2683 1963 instar

495 2011 662 2067 trium
705 2006 932 2075 habere,
967 2006 1164 2084 judice
1209 2006 1458 2065 minante
1511 2024 1577 2063 se
1607 2005 1761 2062 -alias
1800 2025 2031 2065 causam
2072 2007 2448 2082 cogniturum.
2535 2004 2678 2065 Hoec

493 2105 764 2165 emittitur
778 2104 992 2181 judicis
1018 2105 1202 2182 ipsius
1229 2122 1396 2176 aequo
1423 2100 1706 2164 arbitri0.⁸
1759 2103 1973 2163 citatio
2001 2124 2101 2163 reo
2128 2103 2569 2163 demonstranda
2594 2113 2681 2161 est

495 2208 551 2265 in
581 2205 808 2271 faciem,
834 2206 1098 2271 maium,
1125 2205 1176 2261 si
1201 2205 1368 2279 copia
1392 2214 1603 2280 proesto
1626 2204 1738 2271 sit;
1767 2222 1933 2261 secus
1952 2203 2023 2261 ad
2049 2204 2284 2262 domum
2313 2206 2372 2263 in
2397 2222 2509 2276 qua
2534 2204 2681 2261 solet

495 2304 873 2364 commorari:
919 2302 1506 2361 “denunciationibus
1534 2302 1607 2361 ad
1631 2302 1867 2361 domum
1892 2304 2021 2381 ejus
2068 2298 2361 2360 missi8.’'⁴
2434 2302 2675 2359 Citatio-

497 2422 628 2463 nem
645 2404 848 2460 factam
869 2402 1110 2465 nuncius
1131 2402 1190 2459 in
1211 2412 1332 2459 acta
1347 2401 1512 2458 debet
1529 2402 1760 2469 referre,
1781 2400 1893 2471 die,
1911 2403 2061 2469 loce,
2083 2412 2141 2459 et
2158 2400 2331 2459 modo
2352 2402 2680 2478 adsignatis.

499 2503 568 2561 In
593 2502 856 2559 citatione
883 2500 1112 2569 actoris,
1143 2500 1246 2567 rei,
1275 2509 1332 2557 et
1367 2499 1582 2576 judicis
1614 2501 1867 2576 nomina,
1912 2502 2059 2559 sicut
2096 2510 2153 2558 et
2178 2502 2463 2559 citationis
2490 2520 2679 2565 causa,

498 2598 870 2677 exprimenda
895 2610 1061 2658 sunt:
1091 2600 1254 2658 locus
1283 2600 1607 2668 etiam,nisi
1632 2600 1707 2657 sit
1730 2611 2038 2657 consuetus
2065 2599 2247 2668 locuS,
2270 2600 2327 2658 in
2356 2618 2473 2672 quo
2496 2598 2681 2676 ju'dex

497 2698 816 2759 ordinarius
843 2699 1012 2757 habet
1036 2698 1310 2757 tribunal:
1355 2698 1480 2757 dies
1519 2697 1767 2771 denique
1807 2698 2069 2773 prudenti
2096 2699 2323 2758 arbitrio
2342 2698 2559 2776 judicis
2586 2698 2683 2756 de-

497 2800 774 2876 signatus,
813 2817 928 2870 quo
955 2816 1086 2855 reus
1113 2814 1302 2855 coram
1321 2797 1518 2873 judice
1547 2797 1749 2854 sistere
1794 2815 1857 2854 se
1897 2796 2081 2854 debet.
2166 2797 2229 2854 Si
2258 2798 2675 2855 contumaciam

497 2915 628 2959 neus
655 2895 941 2963 exhibeat,
971 2896 1234 2953 citatione
1269 2894 1631 2973 negligenda,
1672 2896 1747 2953 lis
1790 2894 2029 2953 habetur
2072 2903 2422 2964 contestata,
2468 2896 2684 2968 absque

472 2996 616 3055 *ulla
640 2996 766 3072 ej'us
806 2994 1182 3070 responsione
1205 3012 1221 3061 ς
1266 2993 1510 3068 ideoque
1544 2994 1728 3072 judex
1773 3002 1965 3061 testea,
2014 2994 2267 3068 aliasque
2312 2996 2679 3072 probationes

499 3112 708 3162 rerum,
737 3112 862 3164 quae
890 3093 1086 3151 libello
1111 3094 1494 3163 continentur,
1521 3092 1711 3160 audit3
1752 3092 1905 3165 quod
1930 3094 2269 3169 plerumque
2296 3104 2423 3152 ante
2448 3112 2686 3170 respon-

497 3193 715 3249 sionem
741 3193 828 3248 rei
854 3210 970 3249 non
997 3191 1077 3256 fit,
1106 3191 1220 3249 nisi
1245 3200 1442 3265 urgeat
1465 3192 1781 3267 periculum
1810 3191 2241 3251 amittendarum
2262 3194 2681 3268 probationum,

499 3289 589 3346 vel
615 3296 814 3345 natura
839 3307 1022 3345 causoe
1069 3288 1127 3344 id
1173 3281 1418 3363 exigat.⁵
1495 3288 1893 3349 ,iuramentum
1934 3291 2099 3363 quod‘
2136 3302 2343 3350 vocant
2378 3292 2679 3351 calumniae

494 3398 606 3445 tam
640 3387 816 3445 actori
843 3395 953 3443 tam
983 3404 1081 3444 reo
1107 3386 1370 3450 exhiberi
1411 3397 1618 3464 potest,
1660 3407 1776 3461 quo
1811 3398 2047 3463 uterque
2085 3391 2386 3467 pollicetur
2428 3410 2492 3449 se
2532 3392 2678 3453 nihil

495 3498 746 3548 acturum
760 3484 965 3563 judicii
979 3486 1260 3545 ullatenus
1278 3486 1512 3545 vitiandi
1531 3482 1756 3547 causa.⁶
1806 3488 1923 3554 Qui
1942 3489 2081 3547 illud
2100 3502 2365 3566 praestare
2385 3490 2673 3557 detrectat,

495 3606 664 3645 causa
689 3587 859 3656 cadit²
944 3585 1158 3645 Clerici
1185 3586 1354 3645 etiam
1407 3588 1715 3663 propositis
1760 3587 2094 3665 Etfangeliis
2127 3591 2514 3667 juramentum
2542 3588 2678 3648 illud

496 3686 628 3748 oiim
655 3686 916 3763 episcopi
935 3688 1102 3744 venia
1127 3673 1407 3745 emittunt.

576 3790 670 3843 12.
715 3786 894 3845 Plena
911 3786 1176 3861 probatio
1203 3785 1444 3846 habemur
1481 3786 1565 3845 rei
1604 3786 1892 3844 confessio
1917 3804 2109 3857 coram
2140 3782 2357 3864 judice,
2386 3786 2477 3845 vel
2505 3788 2675 3844 etiam

493 3884 938 3964 extrajudicialis
964 3904 1152 3942 coram
1179 3884 1520 3951 adversario,
1543 3894 1601 3942 et
1628 3885 1861 3944 testibus
1881 3887 2094 3963 rogatis
2114 3895 2173 3945 et
2194 3874 2468 3945 idoneis.⁷
2547 3886 2675 3943 Reo

565 4056 650 4122 (1)
691 4054 752 4103 C.
775 4058 863 4110 ult.
885 4056 945 4106 de
967 4056 1052 4108 lib.
1073 4056 1218 4109 oblat.

566 4142 650 4207 (2)
692 4140 818 4189 Can.
840 4141 890 4188 ii.
911 4149 959 4189 et
983 4142 1045 4189 iv·
1063 4158 1168 4204 cap.
1190 4140 1257 4190 iii.
1276 4158 1358 4204 qu,
1381 4142 1451 4191 ix.
1473 4140 1631 4191 Clem.
1654 4142 1705 4191 ii.
1726 4140 1785 4193 de
1806 4146 1929 4196 sent.
1952 4148 2000 4194 et
2020 4142 2247 4211 rejudic-

563 4223 649 4292 (3)
691 4226 816 4289 Cap.
835 4226 972 4273 xxiv.
995 4225 1054 4275 de
1073 4227 1196 4292 offic.
1221 4232 1268 4277 et
1281 4232 1461 4295 potest.
1483 4223 1697 4298 delegat.

563 4314 650 4383 (4)
689 4311 814 4375 Cap.
835 4310 902 4385 ιιι.
926 4310 985 4361 dc
1007 4310 1116 4361 dolo
1133 4316 1179 4361 et
1202 4312 1532 4363 contunmcia.
1762 4315 1847 4379 (5)
1887 4312 2009 4377 Cap.
2034 4330 2081 4362 v.
2102 4318 2165 4363 ut
2186 4313 2263 4367 lit.
2282 4329 2387 4367 non
2409 4317 2609 4365 mutent.

562 4401 654 4464 (6)
687 4397 808 4461 Cap.
833 4397 882 4445 ii.
907 4404 956 4444 et
975 4398 1062 4445 ult.
1085 4396 1146 4449 de
1151 4398 1352 4464 juram.
1373 4396 1597 4449 calumn-
1618 4398 1672 4447 ιιι
1696 4401 1743 4448 6.

567 4484 652 4551 (7)
694 4472 754 4530 θ’.
779 4484 866 4531 ult.
889 4480 947 4533 de
970 4480 1221 4550 confessis.
1244 4466 1404 4530 Novel
1427 4498 1504 4530 xc.
1527 4498 1570 4531 c.
1592 4482 1643 4531 ii.
