3117 5217
1227 547 1341 606 DE
1385 547 1829 609 CENSURIS.
2426 551 2544 608 369

441 719 540 774 54.
583 715 784 776 Potest
821 716 1117 774 absolvere
1159 716 1420 792 superior
1457 719 1563 774 sub
1606 735 1775 793 poena
1812 715 2231 775 reincidentiae:
2276 737 2347 774 v:
2379 717 2541 794 grsi

363 814 631 874 delictum
681 811 963 887 quoddam
1013 813 1340 872 admiserit:
1399 816 1613 891 pendet
1656 817 1809 874 enim
1860 817 2135 874 absolutio
2181 837 2213 873 a
2258 817 2542 874 voluntate

363 913 712 990 Superioris,
739 923 798 972 et
821 923 1013 990 potest
1043 931 1218 971 onera
1245 914 1501 986 quaedam
1543 915 1636 972 vel
1674 915 2029 973 conditiones
2058 916 2396 974 auctoritatis
2424 933 2542 972 suae

361 1015 638 1071 exercitio
665 1013 932 1092 adjicere,
961 1031 1136 1084 quum
1165 1014 1444 1089 pertineat
1468 1013 1538 1070 ad
1572 1015 1829 1098 regimen
1856 1023 2174 1072 externum.
2368 1011 2377 1019 “

443 1115 542 1169 55.
600 1113 666 1169 si
719 1123 917 1188 urgeat
965 1113 1278 1172 necessitas
1325 1113 1667 1182 celebrandi,
1716 1115 1809 1171 vel
1852 1113 2331 1181 communicandi,
2380 1111 2548 1169 debet

361 1229 608 1269 censura
631 1213 876 1270 irretitus
904 1219 1138 1286 peccata
1173 1212 1456 1279 confiteri,
1485 1213 1619 1270 licet
1658 1213 2041 1271 confessarius
2078 1231 2194 1270 non
2221 1212 2425 1270 habeat
2464 1210 2541 1267 fa-

359 1310 598 1368 cultates
625 1310 924 1386 specialeS,
945 1311 1096 1383 quia,
1119 1320 1353 1387 urgente
1369 1321 1519 1369 tanta
1533 1314 1889 1378 necessitate,
1912 1313 2118 1386 poterit
2133 1313 2227 1368 hic
2248 1311 2541 1368 absolvere

362 1410 734 1486 poenitentem
761 1410 974 1466 directe
1017 1429 1052 1466 a
1093 1427 1208 1465 non
1245 1413 1567 1477 reservatis,
1600 1422 1655 1467 et
1680 1411 1951 1468 indirecte
1994 1410 2063 1466 ab
2089 1411 2183 1477 iis,
2214 1410 2417 1482 quibus
2448 1407 2543 1464 ad-

363 1522 518 1566 nexa
543 1516 632 1564 est
655 1501 946 1564 censura.¹
999 1508 1068 1566 Id
1095 1506 1398 1566 dicendum
1427 1519 1532 1578 est,
1561 1510 1786 1568 etiamsi
1812 1527 2051 1566 censura
2075 1510 2149 1565 sit
2174 1509 2243 1566 ab
2267 1501 2546 1583 episcopo

364 1615 686 1674 reservata3
729 1606 1042 1664 dummodo
1069 1625 1186 1664 non
1215 1608 1288 1663 sit
1312 1607 1386 1665 ab
1414 1607 1675 1667 homine.

399 1697 408 1704 ’
439 1709 538 1763 56.
583 1705 698 1784 Qui
725 1705 1065 1762 insordescit
1090 1707 1148 1763 in
1177 1723 1440 1774 censura,
1471 1716 1771 1783 suspectus
1798 1706 2037 1764 habetur
2060 1705 2350 1763 haereseos
2370 1695 2421 1760 τ’
2458 1704 2542 1760 in-

362 1805 694 1862 sordescere
721 1813 907 1862 autem
941 1817 1234 1872 censetur,
1268 1805 1367 1876 qui
1395 1825 1498 1881 per
1539 1825 1750 1864 annum
1780 1805 1969 1862 animo
2013 1805 2304 1879 pertinaci,
2333 1812 2545 1860 etcum

296 1919 304 1922 ’
359 1913 690 1979 contemptu
717 1904 1010 1976 potestatis
1036 1905 1339 1972 Ecclesiae,
1385 1913 1711 1981 perseverat
1753 1905 1809 1961 in
1854 1903 2053 1960 eadem
2082 1903 2547 1961 excommunicar-

359 2004 536 2070 tione,
567 2003 688 2060 sive
717 2004 776 2061 in
815 2004 924 2061 alia
949 1997 1237 2060 censura.³
1319 2003 1539 2062 Contra
1566 2022 1697 2062 eum
1726 2005 1897 2080 igitur
1921 2003 2055 2061 licet
2080 2001 2385 2078 procedere
2410 2011 2548 2058 tam-

365 2119 536 2174 quam
564 2103 622 2160 in
652 2121 824 2160 causa
849 2102 1152 2161 haereseos.

441 2207 540 2261 57.
587 2202 828 2267 Quoties
856 2201 1088 2259 facultas
1117 2201 1447 2260 absolvendi
1489 2221 1520 2258 a
1548 2220 1789 2258 censura
1815 2200 1997 2267 datur,
2026 2201 2099 2257 iis
2130 2198 2368 2274 adjectis
2396 2197 2549 2254 voci-

360 2301 469 2358 bus
492 2319 512 2358 e
540 2309 615 2350 ··.“
637 2301 924 2358 satisfacta
973 2310 1162 2361 tamen
1216 2307 1371 2378 parte
1398 2301 1460 2369 ;”
1523 2300 1909 2358 confessarius
1966 2295 2185 2357 tenetur
2235 2298 2342 2355 sub
2391 2296 2549 2372 gravi

360 2411 597 2476 peccato
623 2402 848 2458 veniam
873 2418 989 2457 non
1029 2401 1326 2478 impertiri,
1369 2401 1480 2458 nisi
1509 2399 1891 2457 satisfactione
1913 2399 2036 2475 jam
2065 2398 2351 2473 praestita:
2398 2392 2551 2466 quod

368 2500 418 2556 si
457 2499 688 2558 solverit
713 2520 746 2556 a
785 2517 1043 2567 censura,
1085 2520 1152 2558 ea
1190 2500 1468 2576 neglecta,
1511 2499 1801 2574 plerisque
1847 2497 2070 2555 videtur
2116 2495 2395 2569 absolutio
2436 2511 2552 2550 non

363 2598 574 2665 valere,
605 2617 777 2672 quum
807 2597 1116 2658 satisfactio
1157 2599 1504 2659 conditionis
1551 2599 1667 2655 vim
1709 2588 1962 2654 habeat.⁴
2042 2591 2305 2661 Profecto
2334 2590 2553 2648 confes-

365 2698 546 2756 sarius
575 2697 1018 2756 satisfactionem
1048 2719 1244 2757 curare
1273 2698 1596 2775 negligens,
1627 2696 1835 2754 damna
1860 2694 2130 2751 resarcire
2159 2691 2343 2758 debet,
2374 2707 2553 2761 quum

307 2847 310 2849 Α
363 2797 419 2855 vi
446 2799 536 2854 sui
563 2797 814 2855 muneris
842 2815 968 2854 eam
994 2800 1224 2875 exigere
1265 2791 1599 2856 teneretur.⁵
1680 2795 1746 2852 Si
1772 2793 2015 2857 creditor
2044 2791 2245 2869 procul
2272 2790 2363 2857 sit,
2392 2788 2550 2858 satis-

364 2897 534 2954 factio
579 2906 842 2954 censetur
867 2894 1006 2964 dari,
1036 2899 1278 2973 pecunia
1305 2899 1366 2955 in
1405 2897 1536 2954 loco
1576 2903 1694 2952 tuto
1722 2893 1999 2968 deposita,
2028 2904 2093 2950 ut
2124 2911 2249 2949 eam
2280 2889 2553 2963 deinceps
2616 2927 2621 2932 -

365 2997 622 3072 recipiat.
707 2996 807 3052 Sic
847 2995 897 3051 si
924 2996 1110 3053 obstet
1151 2997 1485 3074 gravissima
1527 2993 1849 3059 difficultaS,
1893 3000 2079 3068 potest
2103 2989 2381 3048 absolutio
2409 2985 2548 3055 dari,

367 3094 634 3152 omnibus
681 3095 964 3169 praestitis,
996 3113 1120 3166 quae
1175 3095 1246 3152 ad
1291 3094 1739 3152 satisfactionem
1796 3091 2049 3168 praestari
2102 3099 2236 3146 tunc
2286 3093 2548 3165 possunt.

369 3193 762 3251 Satisfactione
790 3189 980 3250 autem
1005 3213 1150 3270 opus
1191 3213 1306 3252 non
1349 3203 1456 3260 est,
1488 3193 1709 3265 quoties
1750 3193 1921 3250 laesus
1964 3197 2168 3266 sponte
2209 3185 2445 3245 remittit
2468 3185 2553 3241 in-

361 3293 610 3369 juriam:
655 3292 746 3350 vel
773 3289 1216 3351 satisfaeti-onem
1248 3293 1492 3352 oblatam
1534 3293 1749 3369 injuste
1784 3292 2008 3368 rejicit;
2045 3289 2138 3346 vel
2166 3286 2394 3360 quando
2418 3302 2551 3342 reus

370 3393 570 3464 nequit
594 3391 918 3449 satisfacere
941 3411 956 3458 ;
999 3411 1130 3450 nam
1166 3392 1301 3450 dum
1329 3391 1483 3449 nulla
1509 3403 1597 3447 est
1622 3391 1999 3456 contumacia,
2030 3389 2196 3445 venia
2222 3381 2555 3461 deneganda

374 3509 487 3548 non
515 3483 654 3548 est.⁶
735 3489 1024 3549 Caeterum
1053 3493 1240 3549 cautio
1267 3491 1338 3548 de
1366 3488 1764 3546 satisfaciendo
1808 3489 1864 3543 in
1906 3495 2195 3563 posterum
2237 3480 2557 3559 praestanda

373 3602 459 3647 est
483 3591 590 3647 sub
609 3592 932 3667 juramento
959 3590 1028 3646 ab
1056 3585 1380 3666 impedito,⁷
1419 3588 1467 3643 si
1495 3587 1567 3645 de
1609 3586 1950 3662 obligatione
1978 3592 2218 3641 constet.
2304 3578 2477 3645 Quod
2505 3578 2553 3634 si

369 3697 608 3766 partem,
638 3708 806 3761 quam
835 3698 1042 3764 potest,
1071 3697 1317 3765 praestet,
1347 3696 1403 3744 et
1422 3687 1631 3764 pignus
1660 3685 1730 3742 de
1758 3694 1915 3760 parte
1941 3683 2179 3754 reliqua,
2210 3678 2553 3767 satisfecisse

371 3797 656 3846 censetur.
737 3789 792 3846 A
831 3787 944 3844 reis
991 3789 1314 3864 graviorum
1357 3786 1701 3854 facinorum,
1743 3784 1803 3840 in
1849 3801 1993 3854 quos
2034 3776 2551 3838 excommunicatio

369 3886 479 3944 lata
505 3897 612 3954 est,
646 3888 1036 3964 juramentum
1066 3886 1138 3944 de
1166 3887 1260 3944 tali
1287 3886 1526 3944 crimine
1554 3903 1668 3941 non
1710 3881 1984 3959 patrando
2025 3880 2083 3937 in
2113 3887 2403 3956 posterum
2432 3876 2553 3933 exi-

373 3985 622 4063 gendum
659 3995 766 4053 est,
809 3987 978 4046 etiam
1021 3987 1080 4046 in
1119 3985 1243 4046 foro
1283 3973 1699 4043 conscientiae-⁸
1779 3978 2177 4038 Absolvendus
2220 3977 2557 4053 plerumque

445 4162 530 4227 (1)
571 4162 624 4209 S.
648 4160 796 4224 Alph.
820 4161 852 4209 1.
874 4160 955 4208 vii.
986 4176 1038 4209 n.
1061 4162 1142 4208 92.
1441 4160 1525 4224 (2)
1568 4157 1722 4204 Cone.
1753 4155 1888 4203 Trid.
1914 4155 2045 4202 Sess.
2068 4169 2185 4202 xxv.
2204 4165 2251 4202 c.
2274 4152 2342 4200 iii.
2364 4151 2424 4199 de
2442 4149 2524 4198 ref.

447 4248 540 4312 (3)
573 4246 628 4293 S.
649 4244 798 4309 Alph.
821 4246 853 4294 l.
875 4245 956 4294 vii.
978 4261 1030 4295 n.
1057 4247 1167 4294 157.
1432 4245 1516 4308 (4)
1555 4241 1753 4300 Ibidem,
1777 4257 1828 4292 n.
1856 4243 1966 4288 121.

447 4333 532 4398 (5)
571 4330 770 4389 Ibidem,
793 4346 844 4378 n.
871 4333 982 4379 127.
1439 4330 1522 4393 (6)
1566 4327 1629 4375 O.
1652 4326 1765 4385 Qua
1786 4327 1955 4385 fronte,
1978 4323 2037 4375 de
2058 4321 2242 4390 appell.

449 4417 534 4481 (7)
576 4407 637 4463 c'.
661 4415 929 4475 Odoardus,
951 4414 1010 4466 de
1029 4413 1176 4466 solat.
1197 4421 1303 4462 etc.
1321 4413 1402 4462 Ex
1425 4419 1575 4477 parte,
1598 4411 1733 4461 xxiii.
1757 4411 1815 4462 de
1836 4409 1960 4462 verb.
1982 4406 2164 4475 sigmgf.

451 4503 534 4568 (8)
576 4499 638 4549 G.
661 4500 738 4552 Do
755 4507 955 4560 caete103
989 4507 1038 4549 et
1059 4517 1102 4550 c.
1124 4500 1206 4551 Ex
1230 4506 1410 4560 tenore,
1434 4498 1493 4550 de
1514 4503 1647 4550 sent,
1676 4513 1857 4550 excom.
