3117 5217
1259 567 1373 627 DE
1416 568 1792 628 SIMONIA.
2506 569 2619 624 251

444 735 597 808 quod
624 738 673 794 si
706 734 831 793 ideo
848 734 986 792 velit
1004 735 1238 810 gratiam
1269 753 1399 792 cum
1418 745 1655 811 rogante
1681 736 1824 792 inire
1851 744 1916 792 ut
1941 733 2148 791 utilitas
2175 733 2284 791 sibi
2305 733 2622 809 proveniat,

440 835 740 891 simoniam
768 835 936 910 sapit.
1021 833 1373 906 Plerumque
1401 852 1475 891 ex
1502 834 1774 910 dignitate
1802 833 1952 891 illius
1980 850 2084 909 pro
2112 822 2226 903 quo
2254 848 2452 908 preces
2497 848 2625 905 por-

439 934 693 1008 riguntur
734 930 1109 1009 judicandum
1152 934 1277 1002 erit,
1306 941 1493 990 utrum
1522 934 1779 990 simoniae
1805 932 1962 989 labes
1991 930 2172 992 adsit:
2215 949 2344 988 nam
2389 928 2624 1005 indigno

440 1032 738 1089 conferens
767 1041 829 1089 ut
858 1049 1074 1089 morem
1103 1040 1261 1108 gerat
1285 1031 1463 1099 alteri,
1494 1030 1716 1088 videtur
1741 1033 1978 1107 gratiam
2021 1026 2234 1086 ambire
2273 1028 2522 1086 hominis
2550 1028 2624 1085 ob

441 1129 668 1201 aliquod
697 1132 786 1188 sui
832 1129 1219 1188 commodum.
1306 1137 1345 1165 ‘⁸
1366 1129 1584 1187 Munus
1632 1150 1664 1186 a
1709 1128 1966 1205 lingua‚’'
2013 1128 2198 1199 inquit
2241 1127 2304 1184 S.
2337 1128 2622 1191 ThomaS,

442 1237 481 1264 “
500 1228 707 1286 dicitur
731 1230 825 1285 vel
851 1231 976 1305 ipsa
1001 1228 1124 1285 laus
1152 1230 1445 1304 pertinens
1474 1228 1544 1285 ad
1574 1228 1824 1286 favorem
1851 1227 2187 1294 humanum,
2217 1228 2315 1299 qui
2355 1227 2461 1282 sub
2499 1242 2622 1300 prc-

440 1328 521 1385 tio
547 1327 717 1393 cadit,
746 1328 837 1386 vel
864 1328 1031 1384 etiam
1062 1346 1263 1402 preces
1303 1345 1376 1383 ex
1423 1328 1630 1399 quibus
1661 1326 1978 1399 ‘acquiritur
2005 1325 2161 1382 favor
2189 1325 2492 1391 humanm,
2534 1322 2626 1379 vel

441 1427 784 1483 contrarium
812 1427 1065 1483 evitatur.
1148 1426 1228 1483 Et
1248 1425 1378 1484 ideo
1405 1427 1455 1482 si
1485 1426 1690 1497 aliquis
1717 1424 2101 1501 principaliter
2127 1424 2196 1480 ad
2223 1424 2336 1482 hoc
2362 1422 2622 1488 intendit,

442 1526 748 1582 simoniam
776 1525 1093 1582 committit.
1177 1524 1422 1582 Videtur
1446 1533 1634 1581 autem
1663 1523 1733 1581 ad
1761 1524 1870 1581 hoc
1898 1522 2284 1599 principaliter
2309 1522 2620 1587 intendere,

442 1625 538 1695 qui
570 1642 765 1697 preces
801 1642 903 1699 pro
948 1622 1181 1699 indigno
1222 1632 1507 1699 porrectas
1552 1622 1815 1680 exaudit:
1859 1623 2010 1679 unde
2036 1622 2249 1706 ‘ipsum
2292 1621 2497 1677 factum
2540 1629 2627 1675 est

442 1722 841 1780 simoniacum.
883 1718 893 1724 '
928 1722 993 1778 Si
1022 1732 1209 1779 autem
1240 1740 1437 1799 preces
1464 1740 1570 1797 pro
1598 1721 1770 1797 digno
1797 1723 2176 1797 porrigantur,
2196 1720 2382 1795 ipsum
2413 1719 2622 1777 factum

441 1839 553 1878 non
582 1831 669 1877 est
694 1822 1103 1877 simoniacum:
1147 1822 1281 1893 quia
1308 1822 1503 1877 subest
1528 1820 1714 1877 debita
1740 1839 1929 1888 causa,
1959 1838 2033 1877 ex
2082 1838 2194 1891 qua
2237 1818 2322 1875 illi
2362 1837 2464 1893 pro
2505 1836 2620 1888 quo

440 1937 636 1994 preces
665 1922 1048 1997 porriguntur,
1078 1920 1368 1995 spirituale
1408 1918 1619 1990 aliquid
1650 1919 2003 1976 conferatur:
2050 1928 2236 1975 tamen
2265 1927 2454 1994 potest
2493 1932 2622 1973 esse

441 2018 685 2075 simonia
710 2020 767 2076 in
794 2020 1129 2086 intentione,
1160 2019 1209 2074 si
1235 2037 1353 2076 non
1380 2016 1695 2075 attendatur
1721 2017 1788 2073 ad
1817 2018 2148 2093 dignitatem
2194 2020 2484 2093 personae,
2518 2014 2624 2072 sed

443 2116 511 2173 ad
540 2118 791 2179 favorem
821 2111 1235 2175 humanum.”1

516 2202 617 2273 78.
662 2217 777 2282 Qui
806 2235 998 2274 sacros
1024 2215 1203 2274 ambit
1228 2214 1457 2272 ordines
1497 2225 1560 2272 ut
1597 2195 1939 2274 beneficium
1986 2216 2240 2289 recipiat,
2271 2214 2620 2271 simoniacus

442 2324 530 2369 est
556 2316 777 2385 quoties
806 2316 1090 2389 praecipua
1116 2316 1240 2390 ejus
1269 2314 1509 2371 intentio
1529 2314 1590 2371 in
1613 2315 1909 2371 utilitatem
1932 2313 2300 2389 temporalem
2327 2312 2620 2387 dirigitur:

444 2430 611 2468 secus
639 2412 688 2467 si
716 2413 903 2487 primo
928 2414 1059 2469 loco
1084 2413 1199 2469 Dei
1225 2411 1459 2487 gloriam
1490 2422 1545 2469 et
1571 2414 1774 2469 animae
1803 2395 2043 2471 salutem
2077 2412 2298 2468 habeat.
2384 2411 2482 2467 Sic
2526 2412 2624 2481 qui

444 2510 573 2566 ideo
600 2529 699 2566 eos
727 2510 985 2584 suscipit,
1012 2519 1075 2567 ut
1100 2508 1418 2567 commodis
1459 2511 1586 2567 vitae
1628 2511 1857 2578 fruatur,
1889 2530 1962 2567 ex
2007 2510 2260 2567 fidelium
2308 2509 2475 2566 donis
2513 2509 2622 2566 sibi

442 2608 701 2684 pecuniae
728 2610 953 2683 copiam
985 2627 1101 2665 non
1140 2607 1455 2664 defuturam
1504 2608 1803 2682 pollicente,
1845 2588 2102 2665 siinoniae
2148 2626 2279 2664 reus
2327 2618 2434 2672 est,
2478 2607 2528 2661 si
2567 2607 2626 2663 id

442 2710 795 2785 praecipuum
825 2708 1059 2765 habeat:
1105 2706 1259 2779 quod
1304 2707 1354 2762 si
1396 2707 1533 2764 velit
1558 2705 1752 2764 divino
1783 2708 1956 2763 cultui
1981 2725 2042 2763 se
2072 2707 2395 2780 mancipare
2423 2706 2483 2761 in
2510 2706 2626 2760 ani-

445 2827 662 2865 marum
691 2808 953 2874 salutem,
984 2805 1085 2863 sed
1111 2816 1167 2863 et
1192 2805 1487 2863 utilitatem
1516 2803 1676 2861 suam
1705 2815 1937 2877 quaerat,
1958 2824 2073 2863 non
2093 2806 2200 2861 erit
2219 2804 2352 2860 tanti
2375 2803 2629 2860 criminis

444 2905 819 2971 damnandae,
849 2908 1111 2977 quamvis
1140 2925 1257 2963 non
1289 2906 1446 2961 omni
1473 2913 1637 2961 vacet
1661 2904 1848 2981 culpa.
1904 2905 2046 2963 Jure
2071 2883 2292 2979 optimo
2318 2902 2627 2965 concilium

447 3006 855 3063 Excestriense
883 3024 1032 3063 anno
1068 3009 1243 3072 1287,
1274 3005 1499 3061 monuit
1525 3021 1626 3060 eos
1655 3005 1752 3075 qui
1781 3023 1973 3065 sacros
2001 3003 2230 3061 ordines
2261 3003 2535 3068 ambiunt,
2565 3011 2630 3059 ut

444 3104 621 3161 animi
648 3102 889 3161 consilia
914 3103 1211 3180 diligenter
1230 3111 1645 3163 scrutarentur:
1692 3111 1731 3137 ‘⁶
1755 3103 1846 3161 Ad
1864 3105 2152 3179 propriam
2178 3111 2468 3159 recurrant
2495 3120 2628 3158 con·

446 3204 763 3268 scientiam,
820 3219 935 3274 quo
978 3204 1092 3261 fine
1145 3202 1215 3259 ad
1266 3203 1495 3261 ordines
1542 3203 1813 3277 aspirent,
1856 3222 1926 3259 an
1968 3216 2028 3259 ut
2067 3202 2198 3259 Deo
2239 3210 2320 3257 et=
2345 3201 2626 3258 Ecclesiae

446 3303 749 3359 virtuosius
772 3310 829 3357 et
852 3303 1151 3378 gratiosius
1193 3302 1552 3369 famulentur,
1602 3320 1718 3359 non
1758 3322 1862 3378 pro
1904 3302 2198 3378 temporali
2239 3308 2479 3371 quaestu,
2521 3318 2627 3357 nec

447 3402 739 3459 beneficiis
767 3420 799 3457 a
827 3402 944 3458 suis
972 3402 1389 3459 ordinatoribus
1417 3402 1849 3472 extorquendi&
1893 3402 2161 3472 quoniam
2191 3400 2330 3455 tales
2359 3400 2628 3456 simonia-

448 3519 545 3558 cos
571 3494 1003 3576 reputamur-⁵3⁹²

525 3604 624 3658 79.
668 3599 835 3656 Licet
862 3617 1065 3655 munus
1097 3599 1187 3655 vel
1212 3598 1507 3655 utilitatem
1536 3597 1784 3667 aliquam
1825 3597 1983 3653 alteri
2029 3596 2310 3671 polliceri,
2357 3593 2446 3650 vel
2473 3593 2626 3660 dare,

447 3707 511 3754 ut
534 3698 809 3754 alliciatur
834 3694 906 3751 ad
933 3695 1147 3768 aliquid
1191 3694 1511 3754 faciendum
1560 3690 1874 3770 spirituale,
1902 3695 1962 3750 in
2001 3695 2202 3750 animae
2231 3710 2349 3748 suoe
2377 3692 2624 3748 bonum:

449 3815 580 3853 nam
607 3814 723 3853 non
750 3793 911 3851 datur
936 3796 1111 3852 instar
1149 3793 1333 3869 pretii,
1377 3794 1479 3851 sed
1519 3802 1582 3850 ut
1615 3794 1698 3850 sic
1739 3802 2032 3850 moveatur
2075 3790 2143 3848 ad
2185 3791 2293 3848 sibi
2333 3789 2631 3848 consulen-

449 3894 605 3951 dum.
690 3892 789 3949 Sic
817 3902 1078 3967 parentes
1107 3894 1299 3968 pueris
1340 3893 1684 3968 pollicentur
1721 3909 1975 3957 munera,
2019 3892 2070 3947 si
2112 3908 2216 3946 sua
2255 3889 2629 3947 confiteantur

450 3992 725 4049 sacerdoti
750 3984 1017 4067 peccata:
1048 3992 1097 4049 si
1125 3991 1423 4048 ecclesiam
1446 3990 1808 4063 frequentent
1832 4009 1847 4056 3
1876 3990 1924 4045 si
1947 3993 2143 4064 preces
2163 3990 2256 4064 pie
2279 3989 2623 4064 persolvant.

452 4089 552 4146 Sic
590 4100 646 4145 et
688 4090 1130 4147 manumissioni
1175 4090 1444 4163 mancipii
1487 4088 1738 4147 conditio
1780 4087 2116 4161 quandoque
2171 4088 2388 4165 adjecta
2440 4099 2530 4145 est
2567 4099 2630 4147 ut

448 4188 609 4244 fieret
636 4188 948 4245 monachus
970 4180 1019 4255 3³
1059 4207 1171 4260 qua
1196 4188 1409 4245 ratione
1438 4189 1598 4265 optio
1625 4188 1752 4247 data
1778 4199 1864 4245 est
1891 4187 2152 4245 monachi
2180 4189 2273 4246 vel
2313 4189 2465 4245 servi
2493 4207 2626 4246 con-

524 4367 608 4429 (1)
649 4368 696 4413 2.
720 4368 767 4411 2.
791 4380 872 4427 qu.
899 4381 941 4413 c.
959 4370 1045 4413 art.
1068 4342 1154 4415 vs
1182 4362 1269 4414 Ad
1287 4364 1508 4415 tertium.
2325 4424 2331 4428 ,

524 4451 609 4515 (2)
651 4449 775 4498 Can·
801 4450 896 4499 viii·
1182 4500 1185 4505 .
1632 4452 1715 4518 (a)
1756 4450 1878 4515 cap.
1896 4450 1944 4500 ii.
1963 4450 2020 4501 de
2043 4448 2335 4501 amantem.
