3117 5217
515 581 637 635 238
1183 572 1298 631 DE
1343 568 2053 631 SUPERSTITIONE.

523 751 925 819 proventurum
967 758 1098 797 esse
1137 739 1512 806 confidamus,
1568 734 1721 796 nulla
1773 737 1885 794 Dei
1936 736 2059 793 nixi
2112 734 2514 811 promissione,
2560 738 2717 796 nulla

521 840 802 899 Ecclesiae
845 838 1066 897 suffulti
1105 840 1452 897 auctoritate.
1537 837 1637 893 Sic
1678 834 2139 912 superstitionem
2194 834 2341 909 sapit
2388 834 2609 893 fulmen
2650 856 2713 895 se

520 937 671 997 certo
725 956 1028 996 evasurum
1081 938 1390 1004 confidere,
1445 936 1496 993 si
1547 935 1739 1011 palma
1790 932 2085 992 benedicta
2136 934 2196 991 in
2248 932 2421 991 domo
2472 935 2565 1001 sit,
2620 936 2713 993 vel

520 1039 716 1097 lumen
763 1036 1124 1096 benedictum
1167 1054 1470 1095 accensum
1523 1034 1725 1100 fuerit3
1780 1034 1927 1091 sicut
1974 1033 2143 1089 etiam
2184 1033 2509 1108 superstitio
2560 1043 2714 1091 esset

517 1134 756 1193 salutem
785 1134 936 1193 certo
963 1154 1193 1213 sperare
1221 1154 1292 1193 eo
1319 1134 1443 1191 solo
1469 1133 1623 1205 quod
1650 1133 1779 1204 quis
1807 1131 2059 1189 habitum
2089 1148 2260 1203 quem
2288 1130 2487 1188 dicunt
2509 1151 2709 1207 scapu-

519 1236 694 1293 larem
718 1243 915 1311 gestet.
1001 1228 1621 1293 Caeterum'damnandi
1646 1250 1761 1289 non
1788 1239 1923 1288 sunt
1941 1228 2160 1296 fideles,
2180 1230 2279 1303 qui
2306 1249 2381 1287 ex
2407 1230 2504 1306 pio
2532 1232 2706 1289 animi

519 1342 675 1391 motu
702 1334 871 1391 rebus
899 1333 1230 1410 hujusmodi
1257 1340 1503 1398 utuntur,
1533 1330 1801 1387 fiduciam
1830 1346 2061 1386 omnem
2088 1328 2145 1385 in
2174 1328 2289 1386 Dei
2314 1330 2707 1387 misericordia

522 1442 825 1507 ponentes.
917 1432 1272 1491 Observatio
1299 1430 1638 1489 sanitatum
1663 1429 1746 1495 fit,
1776 1427 2007 1500 quando
2046 1426 2117 1483 ad
2153 1428 2377 1486 morbos
2419 1428 2706 1504 depellen-

521 1530 626 1587 dos
652 1533 890 1589 nomina
915 1532 1128 1609 ignota,
1157 1531 1248 1589 vel
1273 1531 1487 1607 figurae,
1517 1529 1607 1587 vel
1634 1536 1817 1585 certus
1846 1545 2079 1601 precum
2100 1544 2393 1594 numerus,
2418 1528 2505 1585 vel
2527 1547 2706 1585 reme-

517 1629 612 1688 dia
663 1631 936 1688 naturalia
986 1650 1118 1689 cum
1172 1629 1512 1702 quibusdam
1568 1626 1849 1704 adjunctis
1892 1626 2303 1701 superstitiosis
2347 1626 2700 1685 adhibentur.

517 1729 619 1787 Sic
647 1748 792 1801 quos
820 1729 990 1807 vulg-o
1033 1738 1238 1787 vocant
1274 1728 1410 1785 fidei
1451 1726 1723 1792 medicos,
1754 1725 1983 1801 aegrotis
2007 1726 2398 1799 praescribunt,
2426 1736 2489 1783 ut
2524 1726 2703 1792 nodos

519 1828 798 1900 quosdam
843 1830 1146 1893 innectant,
1194 1836 1458 1900 certaque
1490 1825 1778 1902 proferant
1822 1823 2010 1890 verba,
2052 1823 2271 1895 aliaque
2312 1824 2535 1893 faciant,
2578 1844 2702 1897 quae

519 1926 664 1982 nihil
707 1925 778 1982 ad
829 1927 1144 1984 remedium
1190 1926 1506 1983 conferunt.
1592 1924 1692 1980 Sic
1738 1924 1907 1982 etiam
1950 1940 2260 1991 nonnem0‚
2308 1933 2370 1980 ut
2411 1925 2701 2001 sanguinis

515 2022 734 2081 fluxum
779 2043 852 2081 ex
897 2025 1030 2096 equi
1066 2025 1295 2081 naribus
1335 2025 1513 2090 sistat,
1555 2040 1857 2080 numerum
1898 2020 2202 2094 quemdam
2248 2034 2519 2089 recenset,
2564 2022 2700 2081 dum

517 2140 747 2179 manum
781 2124 1007 2181 naribus
1045 2124 1298 2199 apponit.
1380 2123 1497 2190 Qui
1533 2130 1733 2198 putant
1760 2122 2065 2195 septimum
2092 2120 2276 2179 filium
2304 2140 2475 2196 posse
2504 2141 2699 2180 sanare

514 2229 750 2288 struma,
773 2223 1062 2281 nonnullis
1084 2221 1345 2280 videntur
1371 2221 1777 2297 superstitione
1793 2219 2068 2284 laborare,
2092 2221 2350 2290 quamvis
2374 2222 2526 2278 Viva
2552 2220 2699 2278 dicat

514 2334 688 2394 posse
714 2322 774 2377 in
801 2340 872 2378 eo
899 2320 1018 2377 dari
1049 2321 1307 2377 virtutem
1335 2321 1583 2392 aliquam
1606 2318 1938 2378 naturalem.
2024 2316 2398 2376 Observantia
2418 2337 2701 2391 quaecum-

519 2436 631 2489 que
659 2420 1051 2494 superstitiosa
1077 2438 1151 2476 ex
1179 2438 1388 2495 genere
1415 2438 1520 2476 suo
1547 2418 1735 2495 gravis
1756 2417 1925 2492 culpa
1949 2425 2068 2483 est3
2100 2436 2251 2493 saepe
2272 2426 2460 2475 tamen
2478 2420 2542 2475 fit
2560 2421 2703 2477 levis

519 2517 596 2573 ob
623 2517 1069 2593 simplieitatem,
1099 2527 1156 2575 et
1179 2519 1386 2576 bonam
1415 2518 1611 2575 fidem.

597 2618 697 2675 48.
741 2616 968 2695 Mag-ia
995 2616 1200 2675 dicitur
1225 2618 1571 2693 superstiti0‚
1601 2634 1713 2689 qua
1738 2615 1867 2687 quis
1894 2632 2003 2689 ope
2032 2613 2307 2672 daemonis
2334 2616 2475 2673 mira
2506 2614 2719 2692 opera-'

520 2724 626 2771 tur.
713 2716 860 2775 Haee
887 2736 1002 2774 non
1029 2724 1327 2774 exercetur
1351 2736 1382 2772 a
1422 2716 1708 2791 plerisque
1728 2711 2197 2779 circulatoribus,
2226 2715 2344 2784 qui,
2374 2713 2701 2774 dexteritate

516 2812 760 2884 quadam
785 2816 898 2883 usi,
925 2814 1138 2891 ignaris
1166 2813 1430 2871 videntur
1450 2814 1685 2871 nonnisi
1710 2810 1984 2869 daemonis
2012 2830 2188 2886 opera
2212 2830 2280 2867 ea
2318 2812 2543 2871 efficere
2573 2833 2697 2886 quae

514 2913 694 2967 oculis
721 2912 1079 2970 exhibentur.
1163 2912 1385 2969 Idcirco
1412 2913 1602 2989 gravis
1630 2910 1846 2988 peccati
1886 2910 1969 2967 rei
2007 2928 2123 2967 non
2163 2919 2311 2977 sunt,
2342 2912 2442 2983 qui
2469 2914 2703 2971 circula·-

513 3016 697 3067 torum
726 3008 894 3078 ludis,
926 3018 1144 3067 servata
1169 3010 1528 3079 verecundia,
1557 3013 1857 3069 intersunt.

592 3111 690 3164 49.
733 3106 1112 3187 Maleficium
1135 3118 1366 3167 vocatur
1391 3110 1534 3167 ratio
1563 3110 1689 3167 aliis
1717 3106 1961 3164 nocendi
1992 3126 2167 3182 opera
2194 3106 2493 3167 daemoniS.
2579 3110 2702 3167 Du-

513 3204 651 3278 plex
679 3205 1059 3281 distinguitur,
1091 3188 1462 3265 amatffrium
1503 3225 1604 3265 seu
1639 3205 1965 3285 philtrum,
2007 3215 2065 3263 et
2098 3208 2447 3285 veneficum.
2530 3208 2701 3267 Phil-

513 3306 679 3360 trum
705 3303 769 3359 fit
795 3304 864 3361 ad
893 3322 1142 3361 amorem
1173 3306 1454 3363 carnalem
1485 3324 1621 3381 erga
1646 3325 1709 3363 se
1738 3304 2133 3363 excitandum:
2178 3307 2503 3385 veneficum
2534 3319 2703 3366 nocet

513 3398 690 3468 alteri,
720 3401 809 3458 vel
831 3403 996 3459 rebus
1011 3421 1152 3473 quas
1176 3404 1450 3481 possidet.
1523 3404 1731 3462 Gravis
1761 3392 1958 3480 procul
1985 3403 2155 3461 dubio
2182 3406 2348 3482 culpa
2372 3418 2461 3463 est
2488 3406 2703 3478 aliquid

513 3498 696 3559 facere
725 3520 796 3559 eo
823 3502 1034 3569 auium,
1065 3517 1126 3560 ut
1152 3522 1359 3579 pravus
1387 3504 1666 3561 excitetur
1692 3506 1751 3562 in
1782 3522 1845 3559 se
1873 3521 2034 3561 amor
2059 3504 2137 3559 uti
2163 3504 2374 3561 faciunt
2400 3505 2701 3578 aliquando

514 3601 738 3676 puellas,
767 3620 842 3659 ex
869 3600 1088 3659 semine
1117 3622 1242 3670 suo,
1273 3603 1364 3660 vel
1389 3602 1549 3660 fluxu
1579 3612 1867 3660 menstruo
1907 3602 2121 3674 aliquid
2148 3604 2357 3677 poculo
2392 3603 2544 3676 quod
2572 3623 2699 3682 por-

513 3700 704 3775 rigunt
729 3702 924 3758 amatis
955 3702 1343 3760 immiscentes
1369 3721 1385 3758 t
1415 3703 1474 3759 in
1502 3720 1577 3759 eo
1601 3700 1789 3759 ariolis
1826 3701 2299 3777 obtemperantes.

593 3803 690 3855 50.
734 3800 1009 3871 Plerique
1035 3804 1340 3877 scriptores
1361 3800 1536 3877 Angli
1566 3819 1690 3872 quae
1718 3800 1789 3857 de
1810 3801 1997 3875 magia
2024 3799 2285 3857 dicuntur
2310 3800 2380 3858 ad
2408 3802 2695 3861 delirantis

494 3895 687 3970 ‘animi
715 3899 937 3955 somnia
963 3899 1247 3957 referunt:
1279 3901 1485 3972 quibus
1515 3918 1587 3957 ne
1615 3898 1987 3956 assentiamur
2004 3900 2235 3956 obstant
2254 3901 2417 3976 plura
2434 3901 2582 3977 juris
2610 3920 2700 3959 ca-

511 3994 707 4057 nonici
735 3995 976 4062 decreta,
1009 4016 1133 4068 quae
1161 3999 1646 4067 certumhabent,
1678 3994 1994 4055 daemonem
2034 4016 2465 4071 nonnumquam
2508 3997 2698 4058 suam1

509 4091 868 4166 interponere
897 4112 1125 4169 operam
1157 4098 1216 4155 in
1243 4100 1409 4155 rebus
1439 4098 1740 4165 humanis3
1772 4114 2011 4169 quaeque
2039 4098 2205 4155 rebus
2246 4099 2420 4175 gestis
2462 4109 2519 4156 et
2546 4100 2695 4156 testi-

507 4190 716 4247 moniis
737 4190 1044 4266 Scripturae
1068 4206 1384 4254 consonant
1403 4216 1416 4252 z
1438 4196 1593 4268 quod
1620 4205 1678 4253 et
1702 4195 2045 4253 confirmant
2062 4196 2313 4273 theologi
2340 4216 2563 4255 omneS.
2628 4198 2696 4255 Id

509 4288 740 4361 quidem
768 4282 932 4346 facile
961 4288 1184 4361 damuS,
1217 4303 1427 4353 temere
1447 4294 1823 4372 judicandum
1840 4304 1956 4354 no'n
1982 4313 2133 4364 esse,
2163 4296 2377 4371 aliquid
2405 4315 2576 4374 supra
2604 4316 2696 4353 na-

582 4477 665 4541 (1)
706 4474 832 4523 Vide
855 4475 1081 4539 Append.
1103 4476 1162 4527 de
1191 4467 1522 4544 possibilitate
1555 4484 1605 4530 et
1640 4480 1911 4532 existentia
1943 4482 2143 4548 magiae,
2165 4484 2225 4530 ab
2248 4480 2505 4531 editoribus
2527 4495 2695 4531 cursus

510 4560 737 4624 completi
759 4561 932 4612 Theol.
956 4562 1049 4611 vol.
1073 4562 1172 4611 xiv.
1197 4579 1246 4629 p.
1275 4564 1385 4611 135.
1445 4578 1452 4585 ·
