3117 5217
550 602 671 659 326
1222 594 1337 655 DE
1380 592 2072 654 COOPERATIONE.

632 764 767 821 139.
808 760 1093 819 Damnata
1118 769 1207 817 est
1230 760 1301 817 ab
1326 758 1668 819 Innocentio
1701 757 1813 817 xl.
1841 759 2196 835 propositioz
2239 766 2280 794 ‘⁸
2303 757 2600 824 Famulus,
2631 758 2736 830 qui

546 862 845 923 submissis
870 858 1125 917 humeris
1142 860 1391 917 scienter
1408 856 1640 937 adjuvat
1663 858 1866 917 herum
1887 877 2055 916 suum
2083 856 2394 915 ascendere
2421 876 2525 933 per
2543 857 2738 914 fenes-

548 976 659 1021 tras
688 959 757 1019 ad
782 956 1149 1036 stuprandam
1168 959 1467 1037 virginem,
1488 968 1549 1017 et
1569 958 1860 1017 multoties
1879 957 2066 1015 eidem
2093 956 2398 1023 subservit,
2417 954 2734 1013 deferendo

546 1061 780 1127 scalam,
808 1056 1121 1135 aperiendo
1153 1058 1412 1134 januam,
1440 1067 1538 1116 aut
1577 1056 1717 1131 quid
1741 1056 1932 1115 simile
1961 1056 2342 1133 cooperando,
2369 1074 2488 1113 non
2527 1064 2736 1131 peceat

548 1156 873 1227 mortaliter,
900 1158 951 1217 si
978 1157 1037 1215 id
1078 1156 1248 1216 saciat
1284 1165 1437 1217 metu
1480 1156 1748 1215 notabilis
1787 1154 2130 1223 detrimenti,
2169 1166 2306 1233 puta
2337 1172 2411 1213 ne
2439 1174 2472 1211 a
2497 1153 2734 1212 domino

548 1259 695 1319 male
725 1266 1005 1324 tractetur,
1026 1276 1099 1315 ne
1126 1258 1303 1315 torvis
1328 1258 1513 1315 oculis
1540 1256 1866 1332 aspiciatur,
1895 1273 1968 1314 ne
1996 1255 2170 1313 domo
2197 1246 2604 1331 expellatur.”¹

635 1362 771 1416 140.
814 1357 1023 1415 Utrum
1067 1365 1271 1434 peccet
1308 1355 1517 1414 aneilla
1554 1354 1766 1414 ostium
1809 1353 2118 1432 aperiendo
2159 1354 2464 1420 meretrici,
2503 1370 2630 1425 quae
2657 1371 2736 1409 ex

546 1456 815 1517 condicto
842 1455 1041 1515 invisit
1064 1454 1387 1524 dominum,
1416 1454 1509 1512 vel
1534 1456 1658 1513 viro
1683 1472 1810 1528 quae
1837 1454 2036 1513 invisit
2061 1454 2360 1512 mulierem
2385 1470 2618 1528 pravum
2655 1452 2730 1508 ob

549 1558 747 1625 finem,
794 1565 1055 1629 quaerunt
1097 1554 1367 1633 theologi.
1452 1553 1724 1627 Plerique
1767 1561 2004 1611 censent
2039 1570 2164 1611 eam
2207 1554 2472 1610 excusari
2512 1552 2730 1607 ratione

548 1656 885 1715 famulatus:
930 1672 1038 1713 nec
1062 1655 1250 1713 obstat
1286 1654 1552 1713 damnata
1576 1652 1909 1729 propositio,
1946 1670 2074 1725 quoe
2111 1650 2184 1710 de
2217 1654 2410 1730 januae
2439 1651 2730 1727 apertione

552 1776 678 1831 quoe
706 1756 919 1829 absque
946 1754 1073 1832 ejus
1112 1771 1287 1829 opera
1310 1771 1429 1812 non
1453 1753 1634 1819 fieret,
1677 1751 1750 1811 ad
1789 1760 2048 1829 stuprum
2089 1750 2445 1827 patrandum,
2485 1768 2558 1808 ex
2583 1748 2732 1807 serie

552 1856 825 1915 orationis
852 1852 1217 1931 intelligenda
1240 1864 1346 1909 est.
1430 1850 1722 1909 caeterum
1755 1850 2080 1909 excusanda
2103 1870 2218 1909 non
2259 1848 2483 1907 videtur
2507 1848 2728 1913 aneilla,

548 1974 675 2027 quae
702 1962 873 2011 noctu
900 1952 1049 2011 clam
1076 1952 1283 2009 ostium
1326 1952 1505 2026 aperit
1544 1951 1846 2017 meretrici,
1875 1950 1969 2008 vel
2009 1949 2280 2016 adultere,
2307 1966 2440 2006 nam
2479 1951 2612 2025 ipso
2635 1965 2730 2004 oc-

548 2050 793 2109 cultandi
818 2051 1037 2108 crimen
1076 2048 1268 2107 studio
1308 2049 1362 2106 ei
1400 2050 1590 2107 favet:
1636 2049 1728 2107 vel
1755 2067 1882 2122 quae
1925 2048 2066 2107 alias
2107 2049 2286 2126 aperit
2317 2049 2576 2125 januam,
2603 2062 2726 2119 quae

548 2151 763 2223 absque
790 2150 916 2226 ejus
944 2168 1121 2227 opera
1144 2150 1244 2207 vix
1270 2150 1600 2225 aperiretur.

633 2253 768 2307 141.
812 2250 1020 2309 Utrum
1046 2258 1199 2307 metu
1228 2240 1448 2315 mortis,
1476 2249 1568 2307 vel
1596 2248 1918 2325 gravissimi
1945 2246 2160 2315 damni,
2189 2245 2344 2304 scala
2367 2245 2570 2303 deferri
2597 2262 2726 2319 pos-

550 2352 625 2407 sit
648 2359 969 2425 stupraturo
997 2349 1297 2425 virginem,
1328 2347 1511 2405 adhuc
1538 2347 1828 2420 quaeritur,
1856 2364 1987 2405 nam
2013 2345 2185 2422 longe
2211 2346 2404 2403 minus
2429 2344 2726 2401 detrimen-

550 2457 672 2505 tum
722 2456 943 2524 spectat
992 2447 1307 2523 propositio
1358 2446 1642 2503 damnata.
1728 2444 1948 2503 Censet
2009 2445 2074 2501 S.
2129 2444 2464 2521 Alphonsus
2516 2453 2722 2501 metum

552 2548 775 2615 mortiS,
818 2565 935 2605 non
978 2555 1165 2605 autem
1210 2545 1441 2605 alterius
1488 2544 1682 2603 damni
1719 2532 2052 2621 'gravissimi
2091 2552 2366 2601 excusare
2389 2536 2440 2609 ς’
2475 2551 2728 2619 stuprum

550 2648 706 2707 enim
732 2646 875 2705 adeo
900 2665 1071 2724 grave
1096 2655 1188 2705 est
1211 2646 1451 2713 facinuS,
1468 2622 1554 2703 'ut
1591 2644 1821 2719 nonnisi
1861 2645 1918 2702 in
1960 2652 2220 2701 extremo
2246 2644 2374 2701 vitae
2401 2641 2723 2699 discrimine

551 2748 738 2823 possit
776 2747 904 2819 quis
944 2764 1179 2822 operam
1218 2756 1509 2821 praestare,
1551 2762 1679 2816 quae
1715 2752 2058 2819 patraturum
2103 2740 2349 2819 adJuvet.
2435 2741 2502 2799 Si
2543 2749 2726 2798 autem

550 2864 627 2902 ex
666 2844 928 2903 condicto
970 2844 1177 2917 aliquis
1218 2843 1287 2900 ad
1329 2842 1587 2901 mulieris
1615 2842 1937 2900 cubiculum
1983 2840 2269 2908 ascendat,
2315 2840 2550 2897 minoris
2590 2838 2720 2897 mali

549 2953 737 3001 metus
776 2942 1062 3001 videretur
1104 2960 1379 3020 excusare
1421 2942 1736 3000 famulum:
1781 2942 1916 3013 quia
1953 2958 2070 2997 non
2110 2941 2197 2998 vis
2237 2940 2475 2998 infertur
2513 2938 2721 2996 invitae.

550 3040 739 3099 Docet
783 3042 848 3099 S.
896 3042 1228 3117 Alphonsus
1272 3050 1311 3077 ‘⁶
1330 3060 1447 3101 non
1486 3041 1658 3098 licere
1698 3040 1931 3106 scalam,
1971 3038 2062 3095 vel
2105 3039 2291 3096 claves
2337 3037 2555 3095 tradere
2595 3036 2722 3102 suri,

550 3141 662 3199 nisi
690 3142 765 3197 ob
802 3142 1061 3198 timorem
1102 3141 1321 3206 mortiS,
1349 3140 1443 3197 vel
1478 3140 1762 3197 infamiae:
1807 3138 2023 3195 tradere
2063 3147 2249 3195 autem
2289 3135 2540 3215 gladium
2579 3135 2724 3193 occi·

550 3254 685 3295 suro
712 3256 1025 3307 numquam
1050 3238 1206 3304 licet,
1236 3238 1369 3307 quia
1394 3255 1511 3297 non
1536 3236 1672 3293 licet
1695 3236 1880 3294 occidi
1907 3238 2296 3304 innocentum,
2325 3244 2389 3293 ut
2407 3245 2466 3293 tu
2495 3244 2728 3294 mortem

554 3330 799 3391 vites.”³
839 3334 1045 3391 Utrum
1076 3336 1293 3392 ratione
1321 3334 1626 3393 famulatus
1651 3334 1822 3392 liceat
1845 3336 2062 3393 ancillae
2091 3335 2460 3412 pharmacum
2487 3334 2728 3392 dominae

552 3452 901 3510 comparare,
956 3442 1154 3511 potum
1201 3452 1421 3510 parare,
1469 3452 1672 3505 aquam
1729 3434 2128 3492 calefaciendis
2179 3434 2442 3511 pedibuS,
2489 3433 2725 3509 singulis

551 3535 866 3603 mensibus,
906 3534 977 3591 iis
1018 3534 1076 3591 in
1116 3552 1307 3592 rerum
1346 3534 1629 3612 adjunctis
1674 3534 1734 3592 in'
1780 3534 1989 3606 quibus
2031 3532 2276 3593 dominae
2315 3533 2615 3592 consilium
2661 3531 2730 3588 de

550 3644 829 3711 conceptu
860 3633 1241 3711 impediendo,
1264 3635 1355 3692 vel
1381 3634 1451 3691 de
1478 3631 1866 3711 extinguendo
1893 3632 2049 3699 foetu,
2071 3633 2208 3689 satis
2235 3633 2466 3706 liqueat,
2495 3629 2727 3689 dubitari

552 3734 777 3811 poterit.
862 3732 1155 3807 Equidem
1199 3734 1257 3791 in
1308 3734 1596 3810 plerisque
1642 3733 1849 3791 ancilla
1891 3750 2007 3789 non
2055 3729 2222 3789 debet
2265 3750 2394 3790 esse
2439 3731 2726 3794 solicitior,

552 3850 731 3904 quum
759 3851 849 3889 res
876 3834 993 3891 sint
1018 3851 1121 3907 per
1159 3850 1221 3889 se
1260 3832 1449 3899 licitae,
1490 3841 1547 3888 et
1585 3833 1808 3907 possint
1835 3830 2047 3903 absque
2093 3848 2270 3906 pravo
2309 3833 2424 3891 fine
2449 3829 2726 3905 usurpari.

554 3929 727 3997 Quod
752 3932 805 3987 si
832 3930 1067 3989 domina
1106 3931 1406 3989 consilium
1450 3948 1620 3988 suum
1666 3930 1930 3995 declaret,
1958 3929 2051 3987 vel
2088 3930 2140 3986 si
2181 3933 2417 3989 omnino
2457 3930 2532 3987 sit
2556 3929 2730 3987 mani-

554 4027 784 4094 festum,
814 4048 929 4087 non
958 4029 1125 4087 debet
1162 4030 1368 4087 ancilla
1408 4030 1624 4102 absque
1663 4028 2000 4105 gravissima
2039 4029 2254 4089 ratione
2297 4048 2461 4089 suam
2503 4044 2731 4104 operam

548 4124 822 4202 praebere,
852 4128 1163 4201 praesertim
1189 4127 1497 4203 pharmaco
1523 4126 1766 4186 emendo
1793 4137 1850 4186 et
1874 4127 2149 4203 parando,

639 4227 772 4281 142.
828 4224 1073 4282 Famulo
1118 4244 1431 4299 numquam
1470 4226 1622 4294 licet,
1657 4228 1894 4304 jubente
1939 4226 2193 4295 domino,
2233 4228 2480 4287 scribere
2521 4226 2728 4283 litteras

553 4324 851 4381 amatorias
880 4322 950 4380 ad
976 4325 1373 4393 concubinam,
1404 4334 1444 4362 ‘⁶
1466 4326 1604 4398 quia
1628 4325 1939 4384 formaliter
1963 4336 2312 4385 concurrunt
2337 4325 2408 4385 ad
2435 4333 2728 4402 peccatum

626 4499 711 4565 (1)
751 4494 893 4560 Prop.
917 4495 966 4545 li.
1438 4498 1522 4562 (2)
1561 4496 1621 4546 L.
1645 4497 1695 4545 ii.
1720 4499 1803 4546 66.
1884 4449 1904 4466 .
2337 4499 2422 4563 (3)
2461 4496 2656 4546 Ibidem.
