3117 5217
1334 1245 1692 1321 PARS
1797 1244 1931 1317 ΙΙ.

1396 1493 1546 1556 DE
1623 1492 1859 1556 SPE.

1281 1916 1570 1975 CAPUT
1615 1915 1982 1975 UNICUM.

616 2138 715 2191 64.
758 2141 798 2168 ‘⁶
822 2132 972 2209 Spes
992 2141 1081 2189 est
1098 2131 1277 2189 virtus
1304 2148 1407 2206 per
1432 2148 1605 2201 quam
1624 2148 1754 2187 cum
1775 2140 1924 2187 certa
1937 2127 2147 2187 fiducia
2163 2128 2406 2187 futuram
2422 2126 2720 2186 beatitudi-

536 2252 691 2300 nem,
732 2242 789 2291 et
832 2232 957 2307 ejus
996 2230 1186 2289 media
1236 2228 1606 2300 assequendae
1645 2238 2016 2305 expectamus
2063 2246 2167 2304 per
2210 2227 2322 2285 Dei
2375 2224 2718 2285 auxilium.”

535 2334 621 2389 Ita
640 2333 705 2388 S.
736 2322 1124 2405 Alphonsus.¹
1207 2328 1448 2385 Videtur
1468 2327 1646 2385 homo
1671 2329 1850 2384 teneri
1877 2326 1948 2383 ad
1973 2328 2098 2403 spei
2125 2340 2313 2384 actum
2353 2325 2720 2389 eliciendum,

536 2448 711 2502 quum
742 2429 988 2504 primum
1015 2428 1179 2485 Deus
1204 2425 1288 2483 illi
1328 2427 1655 2494 innotuerit,
1699 2436 1986 2498 tamquam
2026 2426 2258 2483 ultimus
2297 2425 2449 2482 finis·
2533 2424 2725 2482 Debet

534 2530 705 2587 etiam
735 2545 888 2603 saepe
916 2528 977 2585 in
1002 2528 1115 2585 vita
1142 2543 1245 2600 spe
1266 2525 1325 2583 in
1352 2524 1545 2583 Deum
1575 2526 1824 2594 tendere,
1848 2525 2158 2603 praesertim
2197 2525 2256 2581 in
2285 2524 2504 2582 difficili
2531 2542 2722 2582 rerum

536 2628 902 2694 conditione3
945 2626 1035 2685 vel
1062 2626 1197 2684 dum
1245 2626 1570 2683 vehementi
1611 2625 1868 2701 pulsatur
1906 2626 2234 2692 tentatione,
2277 2622 2348 2681 ad
2389 2642 2560 2695 quam
2584 2623 2721 2681 edo-

534 2727 797 2785 mandam
826 2725 1079 2783 divinum
1108 2724 1380 2784 auxilium
1410 2741 1662 2796 quaerere
1689 2734 1746 2781 et
1769 2741 1996 2798 sperare
2023 2731 2266 2799 oportet.

624 2830 722 2883 65.
766 2823 1111 2882 Primarium
1154 2824 1280 2899 spei
1318 2824 1608 2899 objectum
1647 2832 1734 2879 est
1785 2821 2032 2879 ccelestis
2071 2819 2379 2887 beatitudo,
2429 2838 2530 2878 seu
2559 2820 2724 2878 Deus

546 2922 971 2999 possidendus:
1014 2921 1341 2979 secundaria
1380 2931 1515 2979 sunt
1550 2923 1744 2979 omnia
1784 2922 1973 2997 gratiae
2025 2921 2282 2979 subsidia
2321 2920 2530 2992 quibus
2567 2938 2725 2977 com-

546 3033 806 3099 paretur-⁸3
854 3020 956 3078 sed
992 3029 1051 3077 et
1092 3022 1246 3079 Bona
1289 3019 1461 3097 hujus
1496 3022 1646 3089 vitae,
1691 3032 1966 3093 quatenus
2007 3020 2178 3077 saluti
2218 3020 2549 3087 inserviunt,
2595 3037 2726 3095 spe-

541 3140 663 3179 rare
691 3120 843 3178 licet.
928 3119 1259 3188 Motivum,
1294 3137 1395 3175 seu
1403 3117 1678 3198 formale
1705 3119 2020 3198 objectum,
2051 3130 2138 3175 est
2175 3118 2368 3175 divina
2392 3126 2640 3195 potestas
2671 3126 2728 3175 et

541 3217 950 3284 misericordia,
1001 3236 1127 3288 quae
1172 3227 1228 3274 et
1264 3218 1547 3292 promissa
1592 3227 1679 3274 est
1715 3218 2141 3294 poenitentibus.
2239 3216 2462 3275 Christi
2506 3216 2723 3289 meritis

538 3316 772 3373 nitimur
812 3315 1113 3390 sperando,
1171 3323 1345 3372 “uon
1396 3316 1553 3373 enim
1599 3326 1686 3373 est
1729 3316 1790 3373 in
1829 3317 1941 3375 alio
1985 3317 2175 3389 aliquo
2211 3310 2470 3375 salus.”²
2550 3312 2723 3381 Quod

534 3423 721 3472 autem
749 3414 1049 3491 Virginem
1077 3414 1385 3489 Deiparam
1413 3415 1770 3490 appellemus
1797 3434 1961 3493 spem
1985 3422 2282 3482 nostram,
2311 3424 2368 3471 et
2391 3413 2462 3472 de
2491 3415 2718 3472 Sanctis

538 3515 665 3573 aliis
692 3515 845 3591 piam
872 3514 1167 3572 foveamus
1206 3513 1494 3582 fiduciam,
1516 3514 1796 3591 contingit
1819 3534 1895 3573 ex
1921 3514 2034 3573 alto
2061 3533 2230 3586 quem
2258 3513 2520 3572 fovemus
2547 3532 2724 3571 sensu

535 3632 732 3687 corum
760 3614 1100 3673 sanctitatis:
1146 3623 1493 3689 quapropter
1530 3624 1723 3671 tenero
1759 3614 1980 3690 pietatis
2022 3612 2228 3671 affectu
2255 3613 2328 3670 ob
2356 3630 2721 3672 communem

540 3715 706 3772 nobis
746 3714 973 3785 illisque
1019 3722 1273 3771 naturam
1322 3712 1391 3769 ad
1430 3733 1629 3771 eorum
1671 3713 2045 3790 patrocinium
2087 3712 2471 3788 confugimus,
2507 3732 2720 3785 eosque

543 3811 694 3887 apud
721 3810 934 3879 Deum,
962 3830 1067 3887 per
1108 3811 1329 3869 Christi
1370 3814 1588 3881 merita,
1630 3813 1939 3889 plurimum
1979 3810 2194 3869 orando
2235 3813 2400 3869 nobis
2451 3812 2724 3888 prodesse

544 3926 739 3984 posse,
768 3927 885 3967 non
930 3910 1270 3968 dubitamus.
1354 3910 1559 3968 Altiori
1604 3928 1838 3986 prorsus
1877 3928 2048 3967 sensu
2095 3911 2154 3967 in
2183 3910 2374 3967 Deum
2404 3929 2721 3986 speramus,

545 4025 716 4078 quem
746 4008 965 4075 fontem,
990 4010 1179 4084 gratiae
1208 4021 1265 4065 et
1308 4008 1505 4065 salutis
1551 4011 1936 4084 agnoscimus,
1983 4006 2397 4082 Christumque
2439 4010 2725 4084 Redemp-

539 4114 721 4163 torem
750 4106 1008 4163 colimus.
1058 4107 1288 4183 Optime
1320 4108 1487 4181 igitur
1507 4107 1571 4164 S.
1603 4108 1862 4165 Thomas
1889 4107 2348 4166 maledictionem
2378 4110 2435 4165 in
2462 4124 2592 4166 eum
2622 4110 2724 4181 qui

546 4199 785 4261 confidit
808 4205 868 4261 in
898 4204 1151 4273 homine,
1187 4206 1357 4263 latam
1406 4200 1836 4282 interpretatur:
1882 4214 1920 4241 ‘⁶
1942 4206 2348 4282 vituperantur
2373 4208 2473 4280 qui
2498 4216 2730 4283 sperant

544 4304 603 4361 in
629 4302 885 4371 homine,
914 4303 1061 4359 sicut
1084 4304 1144 4361 in
1172 4304 1476 4381 principali
1522 4306 1758 4363 authore
1799 4305 2036 4372 salutis3
2079 4325 2196 4364 non
2239 4317 2425 4363 autem
2453 4308 2553 4378 qui
2597 4324 2727 4383 spe·

742 4462 764 4526 (
774 4461 826 4526 1)
866 4458 925 4510 L.
948 4458 1000 4509 ii.
1030 4458 1190 4510 Τναεὶ.
1211 4458 1260 4508 ii.
1283 4476 1325 4509 c.
1358 4458 1496 4511 Unic.
1518 4477 1570 4511 n.
1595 4464 1677 4511 21.
2081 4464 2164 4529 (2)
2203 4462 2315 4512 Act.
2336 4460 2399 4510 iv.
2429 4464 2505 4509 12.
