3117 5217
518 530 641 586 284
1213 523 1327 585 DE
1369 522 2005 587 INFIDELITATE.

516 712 593 754 ex
620 692 973 751 Mahumetis
1000 693 1292 759 institutis,
1321 692 1421 765 qui
1449 691 1786 769 prophetam
1813 690 1958 748 salso
1983 708 2046 747 se
2077 674 2324 766 jactans,
2352 688 2596 765 plurima
2634 706 2707 745 ex

518 792 759 852 ethnicis
786 802 845 849 et
873 791 1081 871 judoeis
1108 802 1362 851 mutuata
1388 794 1559 853 simul
1589 789 1908 848 admiscuit.
1994 788 2251 848 Han-esis
2277 800 2366 847 est
2385 788 2707 846 christianae

516 890 651 951 fidei
677 892 865 963 aliqua
886 910 961 949 ex
990 902 1145 967 parte
1171 892 1407 958 vitiatio,
1434 908 1624 949 errore
1651 899 1846 948 contra
1873 888 2100 964 dogma.

596 992 696 1049 43.
740 990 857 1055 Qui
884 992 1167 1067 baptismo
1194 991 1495 1049 ecclesiam
1522 1008 1640 1048 non
1665 997 1801 1046 sunt
1825 988 2072 1065 ingressi
2113 989 2436 1046 nullatenus
2463 984 2708 1063 cogendi

517 1088 749 1147 suntad
775 1088 947 1147 fidem
976 1089 1447 1166 amplectendam,
1489 1088 1582 1146 vel
1627 1086 1698 1144 ad
1743 1087 1938 1145 munia
1980 1074 2272 1145 christiani
2311 1086 2562 1144 hominis
2609 1102 2706 1141 ex-

518 1186 759 1265 plenda:
804 1188 1004 1262 “quid
1048 1189 1203 1247 enim
1250 1187 1460 1256 mihi,”
1504 1188 1584 1245 ait
1621 1186 1957 1262 Apostolus,
2002 1186 2132 1243 “de
2171 1186 2242 1243 iis
2271 1186 2372 1257 qui
2405 1185 2544 1243 foris
2571 1198 2706 1267 suut

508 1286 767 1366 judicare
790 1283 888 1341 3⁹⁹¹
970 1287 1302 1349 Concilium
1340 1288 1510 1345 etiam
1538 1286 1886 1344 Toletanum
1915 1284 2024 1343 IV.
2067 1304 2218 1343 anno
2247 1286 2386 1353 635,
2415 1286 2490 1342 ita
2517 1282 2706 1367 decre-

514 1388 635 1445 vit:
681 1393 721 1421 ‘⁶
742 1384 833 1442 De
860 1386 1296 1446 smmis-autem
1324 1387 1439 1445 hoc
1465 1385 1739 1461 praecepit
1763 1394 1958 1443 sancta
1983 1384 2265 1461 synodus,
2293 1384 2508 1441 nemini
2549 1380 2706 1438 dein-

516 1504 657 1561 ceps
684 1483 756 1541 ad
783 1484 1129 1544 credendum
1158 1488 1273 1545 vim
1302 1485 1544 1543 inferre:
1591 1493 1607 1519 ‘
1632 1482 1748 1541 Oui
1774 1486 1924 1542 enim
1957 1484 2077 1541 vult
2114 1484 2275 1541 Deus
2303 1484 2625 1548 miseretur,
2653 1494 2708 1541 et

516 1603 688 1661 quem
716 1584 839 1642 vult
860 1584 1123 1643 indurat.’
1168 1586 1311 1645 Non
1326 1585 1479 1643 enim
1500 1583 1640 1642 tales
1659 1584 1822 1641 inviti
1853 1582 2106 1641 salvandi
2133 1592 2285 1649 sunt,
2307 1581 2409 1639 sed
2425 1582 2703 1650 volentes,

516 1692 579 1743 ut
598 1682 817 1761 integra
833 1684 907 1741 sit
932 1685 1113 1742 forma
1134 1684 1388 1762 justitioe.
1422 1725 1437 1740 .
1470 1726 1484 1740 .
1517 1683 1677 1760 Ergo
1705 1702 1821 1741 non
1848 1684 1924 1750 vi,
1943 1681 2045 1738 sed
2070 1682 2250 1739 libera
2277 1680 2484 1739 arbitrii
2507 1680 2705 1737 volun-

518 1792 648 1851 tate,
671 1792 735 1839 ut
752 1776 1149 1842 convertantur
1167 1782 1445 1842 suadendi
1462 1792 1615 1851 sunt,
1639 1802 1756 1840 non
1777 1782 1967 1859 potius
1988 1774 2418 1857 impellendi.”²
2447 1779 2587 1837 Non
2604 1777 2706 1853 igi-
2731 1784 2735 1787 ’

516 1890 607 1937 tur
632 1881 741 1937 nisi
772 1882 1062 1948 suasione,
1085 1883 1332 1947 hortata,
1351 1890 1407 1936 et
1426 1881 1678 1939 oratione
1708 1880 1774 1937 ad
1798 1864 2098 1938 ecclesiam
2119 1878 2544 1957 ingrediendam
2575 1890 2706 1936 sunt

514 1977 969 2053 adducendi,qua
984 1982 1200 2038 ratione
1222 1979 1564 2055 adimpletur
1574 1978 1711 2037 illud
1733 1980 2035 2056 evangelii:
2062 1979 2388 2055 “compelle
2403 1970 2704 2035 intrare.”³

457 2059 463 2065 ’
518 2084 557 2111 “
580 2076 905 2136 Infidelium
951 2079 1185 2151 quidam
1232 2087 1384 2146 sunt,
1430 2079 1529 2151 qui
1575 2098 1868 2153 nunquam
1909 2089 2283 2155 susceperunt
2321 2077 2514 2161 fidem,
2557 2076 2706 2133 sicut

520 2172 785 2235 Gentiles
814 2190 869 2234 et
893 2177 1084 2237 Judaei
1108 2200 1123 2236 ε
1168 2190 1226 2237 et
1260 2177 1399 2236 tales
1440 2178 1598 2235 nullo
1624 2178 1798 2235 modo
1825 2187 1960 2234 sunt
1985 2178 2053 2235 ad
2082 2178 2254 2235 fidem
2295 2172 2697 2253 compellendi,

515 2285 578 2331 ut
602 2277 714 2351 ipsi
743 2276 991 2345 credant,
1021 2280 1156 2350 quia
1176 2276 1405 2334 credere
1449 2277 1754 2333 voluntatis
1795 2272 1978 2333 est.’‘³
2057 2277 2143 2335 Ita
2169 2276 2234 2334 S.
2263 2263 2524 2333 Thomas
2549 2292 2565 2340 3
2609 2272 2705 2344 qui

512 2372 662 2430 bella
689 2374 995 2447 aliquando
1024 2395 1057 2433 a
1082 2376 1432 2452 principibus
1460 2375 1782 2433 christianis
1821 2386 2020 2433 contra
2057 2375 2316 2433 infideles
2345 2384 2503 2451 gesta
2528 2371 2698 2429 dicit:

521 2480 559 2507 ‘⁶
582 2491 696 2529 non
726 2473 979 2545 quidem,
1012 2484 1074 2532 ut
1098 2494 1197 2533 eos
1226 2474 1296 2531 ad
1316 2473 1660 2532 credendum
1691 2487 1916 2551 cogant,
1949 2474 2108 2554 (quia
2133 2476 2181 2531 si
2211 2476 2376 2531 etiam
2408 2491 2508 2531 eos
2537 2471 2702 2529 vicis·

515 2582 662 2639 sent,
692 2581 748 2629 et
772 2573 1027 2650 captivos
1054 2575 1347 2642 haberent,
1377 2574 1435 2630 in
1465 2593 1661 2632 eorum
1690 2574 1939 2630 libertate
1966 2574 2350 2645 relinquerent
2375 2593 2444 2631 an
2472 2570 2702 2629 credere

517 2670 773 2750 vellent,)
804 2671 904 2729 sed
933 2686 1163 2749 propter
1197 2675 1331 2740 hoc,
1358 2681 1423 2730 ut
1466 2661 1566 2729 eos
1598 2664 1946 2747 compellant
1970 2692 2042 2730 ne
2071 2673 2242 2730 fidem
2273 2672 2492 2729 Christi
2521 2672 2702 2745 impe-

516 2766 770 2853 diant.'’⁵
850 2771 942 2828 De
992 2773 1261 2848 apostatis
1310 2782 1495 2828 autem
1529 2783 1587 2828 et
1625 2770 1924 2838 haereticiS,
1969 2780 2007 2807 “
2033 2774 2129 2844 qui
2156 2769 2497 2843 quandoque
2525 2769 2699 2826 fidem

515 2869 932 2948 susceperunt'’
982 2869 1179 2928 durius
1232 2871 1456 2927 censuit
1501 2869 1812 2946 Angelicus
1849 2869 2103 2928 Doctor:
2150 2878 2189 2905 ‘⁶
2213 2870 2349 2927 tales
2370 2852 2508 2927 'sunt
2532 2869 2701 2926 etiam

515 2968 882 3042 corporaliter
907 2969 1313 3047 compellendi,
1344 2983 1403 3027 ut
1430 2969 1704 3045 impleant
1750 2968 1904 3041 quod
1949 2970 2351 3045 promiserunt,
2380 2978 2438 3025 et
2477 2976 2704 3025 teneant

515 3064 666 3139 quod
695 3068 873 3147 semel
896 3068 1335 3145 susceperunt.”
1380 3068 1462 3126 Hi
1492 3067 1799 3125 admodum
1829 3067 2097 3140 differunt
2115 3069 2183 3125 ab
2211 3068 2338 3127 aliis
2359 3069 2457 3140 qui
2485 3085 2703 3125 errores

514 3184 547 3220 a
574 3165 885 3240 majoribus
913 3168 1040 3223 suis
1075 3168 1423 3234 hauserunt3
1468 3185 1599 3223 cum
1631 3166 1722 3222 his
1763 3167 2001 3242 proinde
2041 3168 2232 3225 mitius
2261 3166 2545 3244 agendum
2573 3185 2702 3223 cen-

514 3261 630 3318 suit
656 3261 841 3335 ipsum
872 3264 1117 3328 tribunal
1144 3264 1561 3335 Inquisitionis.
1604 3262 1642 3321 J
1645 3284 1736 3322 am
1764 3264 1898 3323 vero
1917 3268 2003 3324 vis
2024 3266 2184 3324 'nulla
2203 3267 2364 3324 ullibi
2383 3266 2697 3331 adhibetur,

514 3360 683 3418 etiam
712 3370 775 3418 ut
801 3372 1067 3437 apostatae
1096 3364 1398 3442 promissis
1427 3373 1574 3421 stare
1603 3376 1917 3440 cogantur:
1962 3384 2068 3424 nec
2109 3365 2202 3422 illa
2243 3365 2506 3442 Angelici
2548 3364 2699 3422 Doc-

516 3460 654 3519 toris
683 3462 981 3530 sententia,
1010 3481 1137 3535 quae
1162 3463 1385 3540 legibus
1428 3464 1691 3521 civilibus
1719 3464 2150 3523 accommodata
2175 3475 2314 3533 erat,
2344 3476 2434 3521 est
2458 3464 2518 3521 in
2559 3463 2699 3521 invi-

515 3560 669 3618 diam
696 3561 987 3620 trahenda.

592 3662 691 3716 44.
721 3658 759 3717 J
762 3660 939 3720 udaeis
957 3661 1187 3734 quidem
1209 3661 1620 3739 indulgendum
1636 3662 1812 3737 jussit
1833 3662 2150 3738 Gregorius
2177 3663 2452 3739 Magnae,
2475 3670 2538 3729 ut
2561 3661 2696 3717 ritus

456 3824 461 3829 ⁶
515 3775 651 3814 suos
696 3758 953 3831 festaque
997 3760 1173 3819 libere
1221 3768 1586 3836 peragerent:
1648 3767 1687 3795 ‘⁶
1710 3760 1930 3818 Omnes
1976 3761 2307 3819 festivitates
2351 3780 2506 3828 suas,
2553 3760 2700 3817 sicut

456 3936 463 3939 η
512 3854 786 3913 hactenus
828 3858 961 3935 ipsi,
990 3868 1048 3917 et
1072 3870 1262 3943 patres
1306 3878 1526 3925 eorum,
1570 3876 1674 3935 per
1711 3858 1882 3935 longa
1909 3860 2161 3918 colentes
2189 3869 2464 3943 tempora,
2509 3868 2698 3915 tenue-

511 3960 660 4018 runt,
686 3954 923 4013 liberam
962 3956 1208 4014 habeant
1246 3956 1588 4015 observandi
1627 3956 2064 4029 celebrandique
2103 3937 2522 4017 licentiam.”⁶‘
2556 3956 2694 4014 Jure

512 4052 788 4109 canonico
816 4063 1003 4112 tamen
1024 4056 1257 4113 vetitum
1284 4064 1371 4112 est
1398 4074 1527 4113 cum
1553 4054 1592 4113 J
1596 4054 1774 4113 udaeis
1802 4058 2164 4125 commorari,
2193 4076 2388 4115 eorum
2419 4058 2694 4114 interesse

512 4149 813 4217 conviviis,
844 4152 1047 4211 balneo
1072 4154 1365 4213 communi
1394 4154 1496 4223 uti,
1540 4154 1795 4213 medicos
1834 4154 2080 4214 Judoeos'
2109 4175 2419 4223 arcessere,
2461 4154 2693 4213 medici·

588 4311 681 4385 (l)
712 4310 751 4359 Ι.
776 4309 890 4360 Cor.
910 4326 957 4359 ν.
985 4314 1063 4359 12.
1546 4315 1632 4379 (2)
1674 4313 1800 4363 Can.
1822 4314 1917 4368 xii.
1940 4314 2030 4363 col.
2054 4316 2169 4362 590.
2193 4314 2302 4363 coll.
2325 4312 2476 4362 Hard-
2499 4318 2533 4361 t.
2555 4311 2623 4361 iii.

585 4396 670 4462 (3)
710 4394 832 4445 Luc.
855 4395 954 4444 xiv.
980 4398 1062 4443 23.
1539 4398 1624 4463 (4)
1665 4401 1713 4446 2.
1737 4400 1824 4447 2ae.
1848 4413 1930 4462 qu.
1952 4414 2002 4447 x.
2026 4404 2113 4447 art.
2133 4398 2236 4447 viii.
2309 4396 2458 4462 Κεφ.

582 4483 667 4549 (5)
704 4481 904 4531 Ibidem.
1531 4484 1618 4553 (6)
1656 4484 1862 4547 Registr.
1885 4486 1917 4533 l.
1939 4484 1991 4535 ii.
2015 4500 2059 4535 c.
2080 4500 2162 4534 xv-
