3117 5217
585 614 664 668 56
917 609 1034 669 DE
1077 608 1348 670 MODIS
1389 608 1924 677 AGQUIRENDI
1966 608 2434 669 DOMINIUM.

1484 1044 1769 1103 CAPUT
1811 1043 1885 1100 V.

1159 1259 1238 1300 DE
1266 1259 1448 1301 moms
1469 1258 1849 1307 scamnum
1876 1257 2200 1299 Domuum.

1295 1426 1346 1501 §.
1376 1426 1425 1485 1.
1509 1426 1607 1483 Du
1638 1443 2077 1485 occUPAT10N120

671 1598 771 1652 52.
809 1592 1208 1670 occupatione
1226 1593 1587 1664 acquiruntur
1604 1610 1728 1664 quae
1742 1590 1957 1649 nullum
1978 1588 2187 1647 habent
2202 1587 2518 1653 dominum:
2553 1599 2593 1625 “
2616 1561 2773 1663 quod

593 1693 746 1752 enim
789 1704 916 1749 ante
957 1690 1165 1749 nullius
1211 1699 1319 1757 est,
1368 1689 1424 1746 id
1471 1690 1708 1748 naturali
1749 1690 1963 1748 ratione
2002 1689 2300 1764 occupanti
2345 1683 2773 1747 coneedimr.’'¹

592 1792 878 1849 Animalia
917 1789 1152 1848 omnino
1196 1788 1332 1854 fera,
1362 1787 1681 1862 sylvestria,
1721 1788 1983 1864 vagantia
2023 1804 2125 1862 per
2166 1785 2380 1862 sylvas,
2409 1787 2500 1844 vel
2542 1788 2681 1845 alias
2721 1790 2780 1844 in

591 1889 722 1947 loco
748 1888 977 1964 publico
1001 1904 1118 1943 non
1146 1887 1546 1961 circumsepto,
1588 1886 1734 1943 fiunt
1774 1884 1957 1961 primo
1996 1885 2345 1960 occupantis.
2432 1884 2589 1943 Hinc
2630 1887 2773 1962 lupi,

593 1987 765 2052 cervi,
791 1986 1037 2059 lepores,
1067 1993 1175 2040 etc.
1204 1984 1558 2041 venatoribus
1599 1992 1731 2039 sunt
1758 1984 1935 2041 libera
1975 1982 2181 2058 praeda,
2221 1983 2320 2040 ubi
2345 1984 2503 2059 leges
2533 2002 2649 2042 non
2679 1985 2777 2051 ob·

589 2091 754 2141 stant.
839 2082 908 2140 In
935 2070 1365 2157 Penhsylvania
1391 2082 1628 2139 vetitum
1656 2091 1745 2138 est
1766 2081 1895 2159 lege
1921 2100 2068 2139 anno
2104 2084 2257 2140 1760
2283 2080 2415 2149 lata,
2444 2101 2519 2139 ne
2547 2084 2677 2155 quis
2710 2083 2768 2139 in

591 2180 792 2239 alienis
819 2182 990 2257 agris,
1019 2179 1116 2252 qui
1143 2180 1352 2238 suerint
1389 2180 1621 2247 exculti,
1651 2179 1743 2237 vel
1781 2180 2165 2255 circumsepti,
2194 2190 2512 2248 venaretur,
2558 2182 2772 2252 absque

590 2279 809 2337 domini
836 2298 1118 2337 consensu
1145 2299 1159 2335 ε
1205 2289 1544 2354 tempusque
1579 2277 1825 2336 venandi
1864 2298 1897 2335 a
1934 2279 2120 2354 prima
2146 2278 2239 2336 die
2267 2278 2530 2353 Augusti,
2562 2278 2633 2335 ad
2658 2279 2769 2354 pri-

591 2396 742 2435 mam
771 2377 924 2434 diem
946 2377 983 2434 J
988 2377 1202 2434 anuarii
1229 2376 1520 2433 definitum
1543 2384 1661 2432 est:
1692 2376 1903 2434 mulcta
1927 2377 2433 2452 transgressoribus
2455 2371 2775 2452 imposita.²

592 2474 880 2533 Caeterum
917 2474 1195 2549 justitiam
1241 2492 1355 2531 non
1403 2474 1597 2542 violat,
1640 2475 1739 2545 qui
1786 2474 1935 2533 hanc
1980 2475 2384 2551 transgreditur
2422 2475 2613 2551 legem
2658 2474 2769 2531 nisi

589 2574 848 2633 venando
874 2573 1146 2631 damnum
1173 2573 1375 2631 inserat
1401 2592 1661 2649 agrorum
1704 2572 1975 2631 dominis,
2060 2572 2230 2639 Quod
2270 2574 2320 2629 si
2362 2573 2495 2630 ferae
2544 2574 2599 2631 in
2643 2573 2770 2630 loco

591 2675 971 2750 circumsepto
991 2670 1367 2740 includantur,
1391 2671 1607 2729 domini
1627 2671 1738 2730 loci
1766 2672 2059 2729 habentur.
2122 2671 2327 2730 Feram
2345 2672 2415 2728 ab
2440 2691 2554 2729 uno
2581 2672 2771 2729 loesam

588 2775 658 2831 ab
686 2774 860 2830 altero
887 2780 1107 2846 captam
1135 2772 1412 2844 capientis
1439 2787 1569 2826 esse
1590 2770 1781 2825 statuit
1798 2768 1835 2827 J
1838 2770 2153 2828 ustiuianus
2176 2765 2224 2825 :³
2249 2778 2516 2826 caeterum
2545 2772 2762 2843 quoties

587 2874 664 2928 ita
703 2872 778 2926 sit
802 2869 1088 2925 vulnerata
1123 2875 1187 2922 ut
1211 2866 1448 2922 evadere
1477 2885 1594 2924 non
1619 2869 1822 2942 possit,
1851 2867 1943 2926 vel
1968 2866 2103 2924 alias
2130 2868 2206 2924 sit
2244 2886 2423 2944 penes
2464 2869 2764 2940 insequen-

585 2980 721 3031 tem,
749 2965 951 3022 merito
979 2972 1240 3020 censetur
1263 2964 1387 3039 ejus
1414 2956 1597 3021 esse.⁴
1635 2964 1727 3022 De
1755 2966 1955 3042 apibus
1977 2964 2282 3023 tenendum
2310 2978 2399 3023 est
2418 2984 2516 3023 eas
2546 2966 2755 3024 domini

585 3063 816 3122 alvearii
853 3080 1002 3129 esse,
1045 3061 1180 3119 licet
1215 3061 1347 3120 inde
1387 3064 1752 3130 avolaverint,
1780 3058 2053 3135 ⁴quamdiu
2093 3065 2151 3122 in
2191 3074 2503 3141 conspectu
2545 3064 2754 3122 domini

586 3161 914 3228 manserint,
955 3161 1030 3217 ita
1055 3169 1118 3217 ut
1141 3160 1218 3216 sit
1241 3178 1376 3235 spes
1403 3180 1499 3217 eas
1539 3160 1848 3219 reducendi
1870 3162 2064 3219 :alias
2105 3180 2236 3220 esse
2262 3164 2560 3239 capientis,
2592 3181 2756 3235 quum

586 3278 682 3317 eas
709 3259 952 3316 alveario
979 3276 1085 3315 suo
1109 3255 1451 3315 incluserit.⁸

655 3399 740 3463 (1)
781 3400 827 3456 §-
849 3396 997 3455 Ferae,
1020 3396 1138 3447 Innt.
1163 3396 1220 3447 de
1241 3382 1411 3446 'mum
1436 3396 1690 3449 divisione.

656 3485 738 3551 (2)
781 3481 1020 3531 Purdon's
1045 3480 1229 3543 Digest‚
1253 3488 1336 3530 art.
1361 3482 1621 3549 Hunting.
1689 3482 1817 3531 Vide
1838 3487 1887 3531 et
1921 3481 2129 3531 Elmer’s
2174 3482 2347 3545 Digest
2382 3484 2439 3532 of
2464 3485 2547 3533 the
2583 3486 2697 3535 laws
2718 3482 2767 3530 of

585 3568 715 3618 New
739 3568 923 3631 Jersey,
947 3574 1032 3617 art.
1069 3566 1241 3616 Game-

660 3656 746 3721 (3)
786 3658 832 3713 ς.
855 3654 982 3704 Item
1013 3652 1309 3714 Quaesitum.
1374 3650 1529 3700 Instit.
1551 3649 1612 3700 de
1632 3665 1802 3699 rerum
1826 3648 1970 3700 divis.

655 3740 741 3803 (4)
781 3748 811 3771 “
826 3739 937 3788 The
957 3738 1232 3803 possession
1255 3744 1388 3787 must
1407 3739 1466 3785 be
1488 3751 1542 3783 so
1566 3735 1639 3784 far
1658 3734 1961 3793 established,
1982 3736 2049 3797 by
2071 3734 2154 3782 the
2177 3734 2256 3783 aid
2278 3736 2335 3783 of
2361 3742 2485 3796 nets‚
2507 3752 2685 3795 suares,
2706 3750 2754 3783 or

579 3823 716 3871 other
736 3838 918 3881 means,
942 3824 1050 3870 that
1069 3824 1153 3871 the
1176 3824 1357 3873 animal
1380 3827 1560 3872 cannot
1580 3818 1797 3883 escape.’'
1836 3818 2019 3868 Kent’s
2043 3818 2454 3879 Commentarios,
2475 3822 2569 3869 vol.
2592 3822 2640 3869 ii.
2663 3825 2759 3883 part

583 3922 629 3953 v.
652 3907 740 3954 lec.
763 3921 913 3953 xxxv.
937 3921 986 3952 n.
1012 3907 1126 3952 349.

654 3990 738 4054 (5)
778 3988 873 4035 “If
897 4004 928 4035 a
949 4004 1124 4036 swarm
1173 3988 1230 4035 of
1253 3989 1364 4035 bees
1397 3990 1493 4037 had
1515 3990 1664 4037 flown
1684 3989 1807 4037 from
1828 3988 1911 4036 the
1944 3987 2056 4035 hive
2091 3988 2148 4035 of
2172 3988 2237 4045 A,
2279 3988 2396 4050 they
2417 4004 2544 4035 were
2567 3986 2756 4051 reputed

581 4074 658 4123 his
681 4088 735 4120 so
757 4073 872 4132 long
894 4089 946 4120 as
968 4072 1050 4119 the
1072 4087 1247 4119 swarm
1268 4072 1511 4120 remained
1537 4072 1591 4119 in
1612 4073 1755 4133 sight,
1778 4072 1875 4121 and
1896 4071 2055 4134 might
2074 4072 2226 4135 easily
2249 4074 2308 4119 be
2336 4070 2576 4135 pursued3
2612 4071 2758 4119 other·

577 4160 696 4207 wise
719 4158 834 4222 they
855 4160 1050 4207 became
1072 4157 1154 4205 the
1183 4164 1405 4219 property
1429 4157 1485 4204 of
1509 4156 1593 4204 the
1626 4158 1731 4205 first
1752 4165 2003 4221 occupant.
2072 4157 2258 4219 Mei-ely
2284 4156 2473 4217 finding
2506 4172 2537 4203 a
2574 4163 2673 4204 tree
2695 4170 2757 4203 on

577 4244 661 4291 the
684 4242 797 4291 land
816 4242 877 4291 ¹of
901 4242 1113 4300 another,
1139 4240 1421 4303 containing
1441 4258 1472 4289 a
1494 4256 1669 4289 swarm
1691 4242 1748 4291 of
1773 4244 1900 4301 bees,
1921 4241 2019 4290 and
2052 4240 2275 4301 marking
2305 4240 2356 4299 it,
2378 4241 2493 4289 does
2532 4246 2621 4288 not
2655 4244 2757 4287 vest

577 4329 659 4377 the
693 4334 914 4393 property
939 4326 995 4374 of
1021 4326 1102 4375 the
1123 4326 1235 4373 bees
1256 4324 1309 4373 in
1331 4326 1412 4374 the
1435 4325 1603 4374 findet.
1673 4324 1798 4375 Bees
1830 4324 1993 4374 which
2028 4340 2202 4373 swarm
2248 4340 2383 4389 upon
2416 4342 2444 4373 a
2467 4332 2564 4373 tree
2586 4323 2651 4372 do
2670 4329 2753 4371 not

578 4414 772 4461 become
796 4411 976 4474 private
998 4415 1217 4475 property
1243 4409 1368 4458 until
1391 4410 1597 4472 actually
1616 4408 1806 4457 hived.’'
1875 4406 2082 4469 Ibidem,
2104 4424 2154 4457 n.
2178 4410 2294 4456 350.
