3117 5217
476 578 595 633 272
932 524 939 529 ·
1130 576 1245 635 DE
1288 574 1517 634 FIDEI
1558 574 2002 635 SYMBOLIS.

474 756 700 797 mauam
727 737 1073 806 Ecclesiam,
1102 742 1355 799 omnium
1384 741 1753 799 ecclesiarum
1803 750 2063 807 matrem,
2105 750 2164 797 et
2201 741 2527 817 magistram
2562 761 2657 819 ag-

474 856 675 904 nosco,
706 838 1080 910 Romanoque
1108 840 1397 909 Pontifici,
1428 842 1576 898 beati
1604 841 1760 898 Petri
1787 840 2191 915 Apostolorum
2213 839 2498 916 Principis
2525 862 2656 900 suc-

473 937 707 1004 cessori,
724 954 790 993 ac
816 935 959 994 Jesu
988 936 1207 997 Christi
1231 938 1463 997 Vicario
1491 958 1682 996 veram
1709 938 2086 997 obedientiam
2114 938 2392 1014 spondeo,
2413 959 2477 997 ac
2495 940 2651 1016 juro.

474 1034 697 1093 Caetera
723 1036 860 1093 item
886 1038 1078 1094 omnia
1106 1058 1137 1095 a
1164 1038 1339 1095 sacris
1374 1038 1686 1095 canonibus
1736 1048 1793 1095 et
1837 1036 2234 1095 OEcumenicis
2278 1039 2556 1107 conciliis,
2587 1058 2652 1097 ac

472 1134 755 1211 praecipue
784 1153 817 1189 a
840 1146 1193 1193 sacrosancta
1218 1135 1555 1194 Tridentina
1582 1136 1807 1211 synodo
1833 1136 2049 1201 tradita,
2078 1134 2329 1202 definita,
2371 1147 2427 1193 et
2465 1137 2651 1195 decla-

472 1242 609 1299 rata,
638 1232 1018 1291 indubitanter
1044 1235 1279 1311 recipio,
1329 1244 1497 1308 atque
1543 1235 1788 1291 haereses
1835 1252 2226 1305 quascumque
2273 1235 2341 1291 ab
2386 1236 2654 1293 Ecclesia

469 1332 779 1399 damnatas,
809 1332 1065 1408 rejectas,
1094 1344 1151 1389 et
1174 1334 1694 1399 anathematizatae,
1718 1351 1826 1408 ego
1854 1334 2062 1408 pariter
2088 1330 2316 1398 damno,
2345 1334 2563 1409 rejicio,
2592 1345 2651 1392 et

470 1430 901 1487 anathematizo.
989 1430 1157 1489 Hanc
1186 1448 1374 1489 veram
1415 1430 1772 1489 catholicam
1815 1430 2009 1497 fidem,
2057 1438 2218 1487 extra
2264 1450 2435 1502 quam
2477 1451 2648 1491 nemo

469 1529 659 1586 salvus
687 1548 813 1586 esse
841 1540 1046 1605 potest,
1086 1549 1256 1603 quam
1299 1531 1360 1588 in
1400 1530 1664 1606 praesenti
1705 1538 1908 1606 sponte
1955 1528 2241 1604 profiteor,
2263 1538 2341 1585 ‚et
2381 1532 2652 1589 veraciter

470 1638 659 1695 teneo,
689 1627 927 1685 eandem
956 1629 1230 1705 integram
1258 1638 1314 1685 et
1334 1629 1682 1696 inviolatam,
1701 1646 1879 1700 usque
1904 1626 1972 1683 ad
1992 1636 2310 1684 extremum
2337 1628 2462 1685 vitae
2485 1631 2650 1704 spiri-

467 1738 607 1795 tum,
637 1728 1093 1785 constantissime
1124 1726 1279 1806 (Deo
1320 1724 1645 1805 adjuvante)
1687 1728 1948 1793 retinere,
1991 1735 2048 1783 et
2085 1726 2361 1794 confiteri,
2405 1736 2570 1799 atque
2611 1748 2644 1784 a

466 1828 611 1883 meis
638 1824 899 1892 subditis,
922 1827 1013 1884 vel
1038 1826 1172 1891 illis,
1196 1844 1437 1896 quorum
1467 1846 1604 1883 cura
1631 1825 1699 1882 ad
1727 1844 1818 1882 me
1846 1826 1904 1882 in
1934 1842 2168 1881 munere
2188 1842 2316 1881 meo
2343 1827 2636 1899 spectabit,

466 1924 662 1989 teneri,
691 1922 903 1989 doceri,
933 1934 991 1980 et
1014 1924 1326 1999 praedicari,
1374 1934 1646 1995 quantum
1692 1925 1750 1981 in
1791 1942 1886 1982 me
1927 1924 2051 1990 erit,
2083 1932 2425 1980 curaturum.
2509 1925 2645 2001 Ego

462 2021 613 2079 idem
644 2020 724 2077 N.
754 2020 1031 2095 Sponden,
1060 2040 1261 2089 voven,
1292 2041 1356 2079 ac
1380 2018 1582 2099 juro.”

540 2125 641 2177 22.
687 2118 831 2176 Haec
858 2119 991 2177 fidei
1018 2120 1299 2197 professio
1324 2121 1584 2179 facienda
1607 2131 1696 2178 est
1721 2122 1789 2178 ab
1814 2122 1884 2178 iis
1914 2121 2013 2191 qui
2042 2121 2111 2177 ab
2137 2119 2340 2176 haeresi
2367 2118 2434 2175 ad
2462 2120 2636 2178 fidem

462 2219 845 2287 traducuntur,
876 2229 939 2297 ut
964 2221 1217 2277 censuris
1246 2220 1390 2277 solvi
1416 2222 1670 2288 valeant3
1701 2240 1736 2275 a
1761 2218 2094 2295 praesulibus
2116 2218 2563 2286 EcclesiasticiS,
2587 2229 2642 2276 et

464 2318 531 2373 ab
559 2317 823 2373 omnibus
852 2320 949 2389 qui
977 2319 1234 2375 obtinent
1278 2318 1596 2393 dignitates,
1644 2319 1735 2378 vel
1774 2316 2052 2375 beneficia
2088 2334 2216 2374 cum
2255 2336 2389 2373 cura
2431 2318 2644 2375 anima-

461 2409 639 2471 ιἰιιιι.1
680 2414 921 2473 Videtur
946 2417 1320 2475 ob·rationem
1348 2417 1588 2475 eandem
1615 2414 1872 2475 fa‘cienda
1897 2436 1930 2472 a
1950 2416 2334 2475 Missionariis
2356 2417 2645 2483 omnibus,

464 2522 764 2585 antequam
792 2534 983 2573 curam
1012 2516 1159 2572 hanc
1186 2516 1516 2591 suscipiant.

540 2616 639 2669 23.
684 2614 851 2679 Quod
880 2614 1044 2690 plura
1069 2633 1135 2670 ea
1163 2616 1557 2673 contineantur
1584 2632 1707 2686 quae
1739 2630 1852 2691 per
1892 2630 1954 2669 se
1993 2610 2063 2669 ad
2101 2612 2272 2671 fidem
2314 2630 2430 2669 non
2469 2614 2640 2687 perti·
2703 2646 2709 2651 -

456 2720 610 2777 nent,
653 2731 823 2769 sensu
867 2732 982 2784 quo
1024 2712 1100 2768 D.
1132 2712 1391 2769 Thomas
1431 2714 1696 2785 loquitur,
1739 2730 1852 2768 non
1881 2712 2084 2778 obstat,
2117 2727 2288 2782 quum
2318 2712 2392 2768 ob
2418 2729 2632 2769 nexum

460 2828 591 2866 cum
632 2810 701 2867 iis
748 2830 873 2883 quae
903 2813 981 2869 ita
1019 2819 1276 2885 spectant
1320 2810 1512 2878 fidem,
1544 2810 1850 2886 plurimum
1882 2810 2122 2867 habeant
2146 2809 2528 2874 momenti,.et
2553 2809 2636 2866 di-

456 2908 587 2981 Vina
608 2905 1191 2965 ‘innitantuffveri'tata
1278 2906 1449 2974 Quod
1491 2920 1678 2966 autem
1707 2918 1789 2965 tot
1815 2906 2032 2964 articuli
2059 2905 2230 2963 simul
2257 2906 2640 2983 adjicerentur

458 3006 746 3081 symbolo,
776 3008 1011 3084 contigit
1030 3026 1104 3063 ex
1131 3008 1519 3065 haereticorum
1564 3009 1742 3065 nimia
1780 3005 2032 3073 audacia,
2079 3006 2349 3063 terminos
2393 3006 2638 3063 evellen-

460 3106 599 3161 tium
628 3124 771 3176 quos
800 3115 1109 3181 posuerant
1133 3118 1340 3181 patres,
1372 3116 1429 3162 et
1464 3107 1782 3163 certissima
1821 3114 1878 3161 et
1917 3105 2310 3175 antiquissima
2355 3102 2635 3162 Ecclesiae

456 3202 738 3277 principia
765 3203 1236 3259 conculcantium.
1322 3204 1489 3260 Nihil
1516 3212 1706 3260 autem
1732 3204 1868 3260 novi
1897 3202 2134 3260 accessit
2157 3200 2326 3268 fidei3
2369 3200 2473 3259 sed
2512 3221 2637 3274 quae

456 3299 719 3374 dogmata
744 3318 819 3357 ex
846 3300 1125 3357 constanti
1153 3299 1555 3377 praedicatione
1595 3310 1652 3357 et
1694 3320 1800 3359 usu
1849 3301 2128 3359 Ecclesiae
2157 3318 2386 3375 semper
2411 3300 2638 3359 fuerant

454 3396 749 3466 celebrata,
804 3398 1142 3475 explicatius
1194 3401 1485 3475 proposita
1536 3410 1686 3468 sunt,
1733 3418 1837 3475 pro
1897 3401 2073 3455 veteri
2120 3398 2400 3455 Ecclesiae
2447 3417 2630 3465 more,

454 3496 667 3572 quippe
708 3506 747 3533 ‘⁶
770 3517 919 3556 nova
969 3497 1141 3555 editio
1194 3500 1445 3573 symboli
1485 3498 1806 3556 necessaria
1848 3506 1934 3553 est
1985 3496 2054 3553 ad
2103 3497 2393 3554 vitandum
2447 3498 2630 3555 insur-

396 3622 403 3629 ·
450 3604 648 3671 gentes
676 3589 998 3655 erroreS.’'²
1077 3597 1367 3669 Equidem
1416 3600 1533 3657 “in
1563 3598 1820 3655 doctrina
1860 3594 2079 3653 Christi
2126 3607 2183 3653 et
2223 3596 2632 3672 Apostolorum

452 3696 655 3751 veritas
682 3695 816 3753 fidei
844 3707 931 3753 est
968 3695 1313 3754 sufficienter
1355 3697 1657 3773 explicata.
1744 3694 1859 3751 Sed
1906 3695 2040 3766 quia
2078 3696 2333 3770 perversi
2360 3695 2628 3752 homines

448 3792 839 3865 Apostolicam
868 3794 1193 3853 doctrinam*
1212 3804 1267 3851 et
1292 3804 1521 3853 caeteras
1550 3794 1832 3851 doctrinas
1875 3803 1934 3850 et
1960 3794 2282 3869 Scripturas
2311 3802 2636 3870 pervertunt

450 3887 519 3944 ad
548 3890 635 3946 sui
664 3891 917 3966 ipsorum
947 3891 1343 3968 perditionem,
1374 3896 1519 3952 sicut
1553 3894 1756 3951 dicitur
1801 3892 1880 3949 II.
1913 3892 2069 3949 Petri
2109 3892 2210 3949 ult.
2259 3892 2390 3950 ideo
2437 3910 2632 3949 neces-

450 3987 598 4043 saria
623 3986 727 4043 fuit
752 3991 1099 4064 temporibus
1124 3993 1558 4065 procedentibus
1579 3990 1888 4067 explicatio
1905 3989 2038 4046 fidei
2061 4000 2257 4047 contra
2275 3992 2632 4066 insurgentes

449 4078 765 4141 errores.”³
845 4088 1012 4153 Quod
1042 4088 1291 4163 objicere
1319 4099 1739 4147 consueverunt
1757 4096 2058 4161 novatores
2085 4088 2376 4165 Ephesini
2403 4088 2632 4145 concilii

520 4225 604 4289 (1)
645 4223 798 4272 Cone.
820 4223 957 4273 Trid.
981 4225 1110 4273 Sess.
1133 4226 1266 4274 xxiv.
1290 4226 1351 4275 de
1373 4228 1478 4276 Res.
1502 4246 1543 4277 c.
1564 4228 1648 4277 xii.

486 4370 490 4375 ῃ
520 4309 603 4373 (2)
644 4310 691 4354 2.
715 4310 802 4355 2ae.
826 4324 906 4370 qu.
932 4307 964 4355 i.
984 4314 1069 4356 art.
1092 4324 1143 4357 x.
1210 4308 1361 4375 Resp.

520 4394 605 4458 (3)
643 4391 841 4451 Ibidem,
864 4392 946 4441 Ad
967 4392 1005 4440 I.
1073 4392 1104 4441 J
1106 4394 1307 4442 eremias
1329 4395 1513 4457 Taylor
1530 4395 1591 4443 de
1609 4394 1931 4445 additionibus
1953 4394 2172 4458 symbolo
2193 4394 2332 4443 factis
2349 4396 2402 4443 in
2419 4394 2624 4443 concilio

450 4476 653 4527 Nicaeno
674 4476 816 4526 dicit:
840 4486 869 4510 ‘⁴
882 4477 931 4527 if
940 4477 1037 4527 this
1054 4478 1309 4541 precedent
1328 4479 1425 4528 had
1446 4481 1572 4528 been
1591 4479 1816 4529 followed
1836 4481 1902 4543 by
1915 4480 1982 4529 all
2002 4478 2234 4538 councils,
2255 4479 2374 4540 (and
2391 4479 2624 4542 certainly
