3117 5217
743 536 856 596 DE
901 536 1164 598 moms
1205 536 1740 603 ACQUIRENDI
1780 516 2253 611 n0M1N1uM.
2514 539 2583 592 οι

411 702 588 761 violat
610 702 762 761 filius
787 706 935 761 bona
961 704 1134 781 patris
1169 704 1282 762 sibi
1321 722 1625 780 usurpans,
1669 718 1845 775 quum
1886 702 1969 759 illi
2009 696 2192 759 faveat
2231 712 2441 759 naturae
2474 705 2594 779 juS,

416 802 506 859 vel
533 802 735 859 saltem
761 804 1012 877 gentium
1040 804 1298 861 omnium
1333 802 1683 859 consuetudo
1719 810 1931 857 'naturae
1972 800 2277 857 admodum
2304 800 2598 858 consenta-

416 917 560 957 nea:
617 900 714 960 cui
755 902 854 957 vix
899 901 1168 977 derogare
1212 902 1362 959 valet
1402 900 1502 959 lex
1551 897 1837 976 specialiS,
1891 899 2004 955 nisi
2054 899 2115 955 in
2160 899 2285 955 soro
2337 907 2595 957 externo,

417 998 742 1083 Propinqui
767 999 915 1056 bona
948 998 1196 1057 defuncti
1221 1008 1585 1075 usurpantes,
1612 1000 1663 1055 si
1702 998 1806 1053 fflii
1836 996 2041 1063 desint,
2084 1016 2199 1054 non
2228 996 2489 1055 videntur
2514 999 2599 1054 in·

411 1098 647 1173 justitiae
672 1098 774 1164 rei,
801 1098 852 1153 si
879 1116 946 1153 ea
970 1098 1116 1155 inter
1143 1116 1204 1154 se
1231 1096 1589 1163 distribuant,
1616 1104 1785 1169 prout
1808 1094 1969 1151 fieret
1993 1113 2067 1151 ex
2091 1095 2237 1171 legis
2276 1097 2597 1162 sanctione,

422 1195 471 1252 si
495 1196 640 1252 civis
667 1196 901 1253 fuisset:
933 1196 1086 1265 quod
1113 1197 1268 1253 enim
1286 1196 1386 1271 jus
1398 1193 1546 1254 illud
1564 1195 1661 1250 lex
1689 1193 1933 1269 deneget
1956 1193 2309 1269 alienigenae,
2338 1204 2397 1251 et
2414 1194 2599 1251 Statui

422 1292 674 1350 vindicet
696 1294 865 1360 bona,
891 1292 1252 1351 referendum
1279 1304 1365 1350 est
1389 1290 1460 1349 ad
1485 1302 1785 1349 externum
1812 1293 2088 1369 regimen,
2116 1294 2303 1368 potius
2333 1311 2501 1364 quam
2532 1291 2602 1348 ad

415 1392 564 1467 juris
591 1390 1022 1458 definitionem3
1063 1390 1306 1463 ideoque
1333 1409 1448 1448 non
1473 1392 1615 1467 ligat
1640 1391 2063 1457 conscientiam,
2107 1391 2365 1462 quamvis
2394 1392 2445 1447 si
2472 1409 2604 1447 exe·
2644 1375 2648 1379 ’

425 1490 646 1550 cutioni
671 1488 1060 1556 demandetur,
1089 1508 1327 1547 necesse
1355 1490 1429 1545 sit
1469 1488 1620 1546 haud
1659 1488 1942 1545 resistere.
2024 1486 2238 1545 Caeteri
2263 1488 2360 1559 qui
2387 1488 2605 1546 nullum

419 1588 521 1663 jus
548 1587 776 1653 habent,
806 1588 856 1643 si
884 1588 1030 1644 bona
1056 1587 1304 1645 defuncti
1345 1586 1497 1645 haud
1538 1586 1793 1643 deferant
1830 1586 2030 1657 Statui,
2072 1584 2174 1643 sed
2214 1586 2272 1644 in
2312 1605 2451 1644 usus
2480 1588 2605 1663 pios

429 1683 780 1759 impendant,
827 1686 888 1742 in
931 1704 1245 1761 pauperum
1285 1687 1566 1751 levamen,
1612 1684 1997 1760 orphanorum
2037 1685 2471 1752 institutionem,
2520 1686 2611 1742 vel

433 1782 572 1839 alios
598 1783 742 1839 fines
780 1800 915 1840 vere
941 1784 1088 1858 pios,
1131 1802 1248 1842 non
1288 1792 1420 1841 sunt
1459 1782 1745 1859 culpandi,
1776 1802 1953 1855 quum
1997 1784 2209 1841 nullius
2228 1786 2326 1861 jus
2362 1784 2608 1841 violent:

433 1879 534 1937 sed
560 1881 714 1938 nulla
738 1882 955 1939 ratione
983 1892 1226 1957 possunt
1249 1883 1358 1939 sibi
1403 1900 1675 1957 usurpare
1718 1891 1776 1938 et
1814 1880 1873 1939 in
1915 1902 2048 1960 suos
2076 1900 2215 1939 usus
2260 1894 2609 1951 convertere,

434 1979 546 2035 nisi
573 1978 682 2035 illis
710 1988 934 2037 constet
952 1978 1022 2036 de
1049 1981 1334 2038 voluntate
1362 1978 1611 2037 defuncti
1634 1980 1743 2037 sibi
1771 1998 1838 2037 ea
1864 1980 2133 2039 donandi.
2226 1982 2292 2038 Si
2318 1983 2606 2058 supersint

433 2076 559 2144 filii,
584 2078 654 2133 iis
681 2080 830 2135 bona
854 2079 1092 2137 omnino
1120 2078 1388 2135 tradenda
1413 2087 1564 2146 sunt,
1592 2079 1705 2135 nisi
1746 2078 1888 2136 fisco
1934 2080 2155 2147 dentur,
2184 2080 2277 2137 vel
2304 2082 2415 2137 nisi
2443 2081 2610 2155 plane

434 2176 548 2232 sint
571 2175 790 2253 indigui
815 2186 874 2233 et
897 2176 1161 2253 prodigi„
1213 2176 1278 2233 Si
1305 2177 1620 2252 propinqui
1643 2177 1843 2251 inopia
1867 2188 2214 2252 premantur,
2243 2178 2315 2237 iis
2343 2197 2457 2253 prae
2486 2180 2611 2236 aliis

432 2274 882 2332 subveniendum
909 2283 1014 2331 est.
1100 2276 1240 2333 Non
1265 2274 1603 2333 auderemus
1645 2284 1831 2333 autem
1878 2274 2144 2333 damnare
2180 2294 2336 2343 eum,
2367 2276 2464 2348 qui
2509 2296 2605 2333 ne-

365 2440 382 2453 ·
437 2372 638 2447 glectis
665 2370 1002 2447 propinquis
1020 2372 1168 2431 haud
1196 2373 1600 2449 indigentibuS,
1623 2373 1779 2431 daret
1795 2375 1945 2431 bona
1966 2374 2219 2431 defuncti
2238 2376 2613 2451 pauperibus:

439 2470 751 2547 propinqui
776 2472 927 2528 enim
948 2473 1046 2549 jus
1075 2473 1330 2529 strictum
1357 2490 1474 2529 non
1500 2466 1729 2528 habent.

522 2571 619 2625 61.
661 2568 825 2625 Bona
851 2568 1126 2628 derelicta
1156 2569 1418 2627 dicuntur
1457 2587 1584 2639 quae
1612 2570 1741 2640 quis
1784 2569 1993 2645 abjicit,
2036 2568 2237 2626 nolens
2266 2589 2333 2625 ea
2358 2570 2499 2626 in'ter
2525 2590 2615 2628 res

437 2684 570 2723 suas
605 2668 851 2743 amplius
891 2670 1198 2726 recenseri.
1281 2668 1420 2726 Jure
1461 2666 1619 2723 civili
1659 2675 1792 2723 sunt
1830 2667 2015 2741 primo
2054 2670 2419 2741 occupantis3
2464 2668 2621 2739 quod

438 2776 496 2822 et
511 2765 628 2842 juri
653 2766 891 2824 naturali
933 2776 1021 2823 est
1063 2785 1403 2825 consonum.
1488 2765 1633 2831 Quae
1678 2774 1865 2822 autem
1904 2764 2285 2840 naufragaturi
2327 2765 2616 2841 abjiciunt,

437 2863 698 2921 servandi
723 2865 922 2931 vitam,
950 2864 1042 2921 vel
1067 2884 1272 2922 navem
1311 2882 1504 2930 causa,
1533 2862 1628 2921 vel
1656 2881 1779 2935 quae
1820 2880 1893 2920 ex
1922 2863 2213 2940 naufragio
2253 2865 2617 2941 colliguntur,

439 2980 556 3019 non
583 2971 716 3022 sunt
741 2965 888 3021 inter
913 2962 1183 3020 derelicta
1207 2954 1639 3037 computanda.¹
1720 2958 1813 3017 Ea
1843 2963 2150 3038 eripientes
2178 2964 2463 3041 naufragis
2492 2983 2620 3022 ana-

440 3060 684 3119 themate
713 3061 914 3118 merito
942 3062 1188 3136 perculsi
1213 3054 1396 3117 sunt.²
1475 3060 1591 3126 Qui
1612 3078 1678 3115 ea
1704 3059 1909 3127 celant,
1940 3060 2185 3117 dominis
2214 3064 2616 3134 quaerentibus,

441 3159 502 3215 in
543 3158 702 3217 Statu
742 3159 1062 3217 Delavariae
1102 3161 1162 3217 in
1207 3178 1491 3216 carcerem
1532 3157 1795 3216 trudendi
1829 3159 2117 3235 jubentur,
2162 3160 2347 3217 donec
2386 3161 2623 3237 duplum

441 3257 650 3316 valoris
677 3248 962 3315 reddant.³
1015 3257 1243 3317 Similia
1270 3258 1440 3315 habet
1463 3258 1560 3315 lex
1582 3258 1774 3315 Status
1803 3258 1862 3315 N
1867 3276 1987 3315 ovae
2014 3258 2253 3317 Jerseae.
2306 3260 2623 3335 Supremas

528 3485 611 3550 (1)
650 3491 680 3516 “
693 3483 818 3532 This
839 3484 968 3545 right
989 3485 1047 3533 of
1073 3484 1374 3548 acquisition,
1407 3486 1471 3549 by
1489 3484 1692 3545 finding,
1725 3484 1769 3532 is
1790 3483 2015 3533 confined
2038 3490 2087 3531 to
2122 3482 2273 3543 goods
2304 3483 2456 3531 found
2490 3468 2629 3548 upon

448 3566 533 3615 the
555 3568 740 3616 susface
763 3568 820 3616 of
843 3568 926 3616 the
947 3569 1112 3628 earth3
1147 3568 1244 3618 and
1265 3570 1303 3618 it
1324 3569 1439 3618 does
1472 3575 1558 3617 not
1579 3584 1693 3617 now
1727 3567 1906 3616 extend
1927 3574 1977 3615 to
2000 3564 2151 3627 goods
2173 3566 2324 3613 found
2350 3564 2547 3615 derelict
2582 3573 2630 3614 at

450 3666 546 3709 sea,
569 3650 756 3711 though
777 3650 1060 3701 abandoned
1081 3653 1286 3702 without
1306 3652 1432 3716 hope
1457 3652 1513 3700 of
1537 3648 1808 3714 recovery.’'
1835 3684 1847 3697 .
1872 3684 1885 3697 .
1910 3683 1923 3697 .
1948 3658 1977 3681 “
1995 3649 2078 3696 All
2111 3644 2297 3697 wrecks
2316 3664 2394 3695 are
2417 3648 2631 3697 likewise

452 3734 689 3803 excluded
711 3734 834 3783 from
855 3735 952 3783 this
974 3734 1101 3796 right
1123 3736 1179 3785 of
1203 3736 1488 3799 acquisition
1510 3738 1577 3799 by
1595 3731 1921 3797 occupancy.'’
1947 3764 1961 3777 .
1985 3765 1998 3779 .
2023 3766 2035 3779 .
2060 3738 2089 3762 “
2106 3729 2447 3793 Shipwrecked
2464 3734 2629 3794 goods,

450 3818 495 3867 if
521 3819 844 3867 unreclaimed
865 3820 938 3867 for
959 3836 988 3867 a
1008 3836 1137 3883 year,
1171 3836 1250 3869 are
1289 3828 1339 3868 to
1373 3820 1434 3867 be
1469 3816 1589 3877 sold,
1614 3817 1709 3866 and
1735 3817 1817 3864 the
1852 3814 2079 3878 proceeds
2100 3813 2213 3877 paid
2234 3816 2336 3864 into
2359 3816 2440 3865 the
2470 3819 2633 3881 public

451 3910 682 3966 treasury.
751 3904 862 3953 The
893 3911 1092 3954 statutes
1131 3906 1256 3953 have
1289 3907 1414 3953 been
1436 3901 1678 3951 extended
1699 3902 1753 3950 in
1775 3900 1980 3964 practice
2002 3908 2053 3948 to
2076 3902 2139 3949 all
2163 3900 2313 3961 goods
2335 3903 2432 3951 and
2453 3920 2630 3966 money

455 3986 564 4045 lost,
585 3986 779 4046 hidden,
801 3988 1001 4047 weh-ed,
1024 4001 1078 4035 or
1098 3974 1380 4049 designediy
1399 3982 1695 4043 abandoned,
1717 3985 1862 4034 when
1884 4000 1950 4034 no
1972 3998 2137 4034 owner
2158 3984 2401 4059 appears?
2473 3986 2556 4035 Sic
2572 3988 2631 4035 de

460 4070 645 4131 legibus
665 4072 920 4135 provinciae
944 4072 1324 4121 Massachusetts
1343 4068 1558 4132 loquitur
1579 4067 1803 4131 Kentius‚
1825 4073 1919 4121 vol.
1942 4072 1991 4121 ii.
2014 4079 2121 4137 part
2142 4088 2188 4119 v.
2221 4072 2307 4119 lec.
2331 4072 2499 4120 xxxvi.

537 4158 620 4221 (2)
659 4156 806 4206 Bulla
827 4160 881 4207 in
901 4158 1058 4207 Ooena
1078 4156 1293 4206 Domini.
1361 4164 1390 4188 “
1409 4156 1621 4204 Peut-on
1643 4157 1877 4219 imaginer
1897 4169 1969 4207 un
1983 4174 2133 4219 usage
2155 4158 2265 4220 plus
2286 4159 2443 4215 noble,
2458 4165 2506 4205 et
2526 4159 2636 4219 plus

459 4242 692 4291 touchant
711 4244 770 4293 de
794 4246 842 4293 la
864 4240 1159 4318 suprematie
1179 4243 1430 4305 religieuse
1449 4240 1504 4288 '!”
1559 4242 1635 4291 De
1659 4244 1872 4303 Maistre,
1892 4244 1984 4305 Dur
2012 4242 2169 4309 Pam,
2189 4242 2265 4291 ch·
2289 4260 2367 4292 xv.

533 4330 616 4395 (3)
655 4328 802 4377 Laws
824 4331 881 4378 of
906 4330 1172 4390 Delaware,
1195 4336 1280 4379 art.
1301 4324 1502 4378 wreckS.

611 4427 765 4485 Vox..
794 4427 998 4486 11.-7
