3117 5217
498 589 609 646 114
1177 581 1289 641 DE
1334 581 2003 642 RESTITUTIONE.

494 752 583 810 vel
610 752 747 810 alias
775 751 1011 818 illatum,
1038 759 1257 826 peccat,
1284 750 1387 808 sed
1414 748 1748 807 restituendi
1788 767 1906 808 non
1945 749 2228 808 contrahit
2251 750 2682 828 obligationem,

490 869 669 923 quum
695 851 789 909 illa
814 849 1073 928 probatio
1099 867 1213 908 non
1242 850 1319 908 sit
1340 867 1513 908 causa
1544 848 1751 908 efficax
1779 847 1994 909 damni.
2077 848 2148 908 In
2173 849 2550 908 contractibus
2577 862 2676 907 au·

494 958 608 1007 tem
657 950 803 1008 valet
847 948 943 1007 illa
979 948 1127 1023 juris
1172 949 1399 1024 regula:
1443 957 1482 983 ‘⁴
1502 947 1822 1006 ratihabitio
1861 947 2268 1017 retrotrahitur,
2312 956 2370 1006 et
2412 947 2681 1006 mandato

490 1048 619 1106 sine
644 1046 817 1106 dubio
842 1039 1296 1123 eomparatur.”²
2031 1111 2037 1119 ⁸

574 1149 713 1206 184.
781 1144 1119 1206 Con-silium
1176 1146 1321 1222 parit
1372 1145 1774 1221 obligationem
1827 1144 2219 1211 restitutionis,
2273 1143 2502 1217 quando
2548 1144 2684 1216 quis

492 1246 665 1304 alium
694 1244 765 1302 ad
792 1245 1061 1304 damnum
1105 1243 1462 1303 inferendum
1504 1243 1810 1302 efficaciter
1836 1242 2072 1312 inducit,
2101 1244 2363 1311 consilio,
2391 1243 2678 1320 precibus,

492 1345 813 1422 promissis,
856 1344 1101 1402 rationes
1144 1342 1526 1420 suggerendO,
1554 1344 1646 1401 vel
1674 1343 1826 1400 viam
1869 1342 2114 1400 nocendi
2155 1342 2532 1401 ostendendo·
2615 1341 2684 1398 Si

494 1461 571 1502 ex
608 1442 821 1502 damno
862 1442 1017 1500 illato
1058 1443 1267 1500 utilitas
1312 1442 1636 1500 consulenti
1681 1442 1790 1500 soli
1835 1452 2116 1509 nascatur,
2155 1443 2282 1518 ipse
2321 1444 2510 1518 primo
2552 1441 2684 1498 loco

494 1542 775 1600 tenebitur
798 1542 869 1599 ad
904 1541 1349 1608 restituendum3
1393 1540 1648 1600 secundo
1693 1541 1820 1600 loco
1861 1549 2148 1600 executor.
2235 1541 2301 1598 Si
2327 1542 2436 1598 soli
2473 1558 2684 1598 execu-

494 1641 602 1700 tori
630 1640 841 1698 utilitas
868 1643 1188 1716 proveniat,
1234 1641 1329 1698 hic
1371 1638 1557 1715 primo
1598 1650 1851 1707 tenetur;
1893 1638 2164 1715 deinceps
2209 1640 2534 1698 consulens·
2617 1638 2686 1695 Si

494 1739 715 1812 utrique
779 1758 871 1796 res
918 1741 1101 1815 pariat
1140 1739 1462 1806 utilitatem,
1509 1748 1747 1813 uterque
1797 1755 1914 1816 pro
1963 1745 2107 1796 rata
2136 1745 2316 1817 parte
2363 1738 2682 1803 tenebitur-3

494 1846 553 1896 et
578 1838 753 1897 altero
780 1836 1103 1906 deficiente,
1132 1837 1274 1895 alter
1299 1838 1367 1896 in
1394 1835 1684 1906 solidum,
1713 1847 1776 1895 ut
1813 1839 1991 1894 aiunt.
2077 1838 2143 1896 Si
2169 1837 2440 1897 damnum
2470 1838 2687 1909 absque

446 1977 455 1990 .
494 1937 737 1994 consilio
764 1937 1075 2006 evenisset,
1105 1937 1435 2005 consulens,
1465 1955 1642 2008 quum
1665 1956 1782 1996 non
1808 1937 1886 1993 sit
1909 1934 2117 1994 efficax
2143 1955 2313 1995 causa
2329 1935 2544 2005 damni,
2567 1954 2685 1994 non

496 2035 773 2092 tenebitur
798 2033 869 2092 ad
897 2036 1314 2094 restituendum
1338 2055 1353 2092 τ
1398 2053 1566 2093 secus
1605 2037 1656 2094 si
1683 2043 1955 2094 executor
1988 2036 2228 2094 consilio
2253 2037 2424 2094 etiam
2453 2037 2529 2094 sit
2564 2054 2688 2096 mo·

494 2143 605 2192 tus.
690 2133 756 2192 Si
784 2133 1092 2193 consilium
1122 2144 1251 2194 ante
1278 2134 1547 2193 damnum
1583 2136 1802 2194 illatum
1841 2145 2155 2203 revocetur,
2183 2145 2488 2193 exmtsatur
2511 2154 2544 2192 a
2569 2152 2687 2192 res-

496 2232 755 2290 titutione
784 2234 1121 2303 consulens,
1148 2235 1263 2293 nisi
1296 2235 1419 2311 jam
1446 2235 1756 2293 rationibus
1799 2244 1855 2292 et
1892 2232 2067 2291 modo
2106 2234 2385 2292 inserendi
2410 2233 2682 2292 damnum

493 2333 828 2407 propositis,
878 2333 939 2390 in
987 2333 1257 2390 damnum
1308 2332 1493 2391 adhuc
1540 2333 1846 2392 consilium
1893 2331 2130 2390 influere
2177 2333 2448 2392 videatur.
2533 2333 2686 2390 Sunt

496 2439 685 2486 tamen
714 2432 1042 2506 gravissimi
1068 2432 1322 2508 theologi
1349 2431 1447 2503 qui
1474 2451 1608 2491 eum
1635 2433 1865 2509 penitus
1891 2442 2190 2500 excusant,
2220 2431 2530 2491 dummodo
2556 2450 2674 2489 me-

491 2529 623 2586 liori
665 2548 779 2601 quo
823 2531 1070 2606 potuerit
1109 2530 1285 2588 modo
1326 2529 1596 2590 damnum
1639 2540 1876 2589 conetur
1900 2539 2169 2599 avertere,
2213 2533 2524 2608 praesertim
2567 2549 2687 2589 mo-

492 2627 683 2714 nendo
711 2630 1075 2688 innocentem
1104 2639 1167 2688 ut
1195 2630 1303 2688 sibi
1344 2632 1624 2689 consulat.
1722 2638 1762 2666 ‘⁸
1787 2629 1956 2687 Hanc
1999 2629 2308 2687 secundam
2349 2631 2683 2688 sententiam

492 2727 629 2786 satis
657 2729 1029 2804 probabilem,
1068 2728 1172 2787 sed
1199 2730 1443 2806 primam
1480 2729 1919 2806 probabiliorem
1959 2728 2238 2797 cense0,”
2265 2729 2452 2800 inquit
2478 2730 2543 2787 S.
2584 2729 2682 2786 Al-

493 2819 807 2902 phonsus.²
888 2827 955 2885 Si
981 2829 1121 2884 alter
1138 2829 1263 2904 jam
1311 2826 1716 2886 determinatus
1757 2828 1832 2884 sit
1869 2827 1942 2884 ad
1983 2825 2252 2886 damnum
2279 2827 2678 2887 inferendum:

492 2943 529 2981 v
558 2944 572 2980 ε
604 2943 680 3000 g:
724 2922 792 2980 ad
830 2925 1251 2992 occidendum3
1292 2934 1351 2982 et
1388 2926 1626 2984 suadeat
1666 2927 1793 2998 quis
1833 2925 2089 2993 modum,
2117 2945 2326 3002 nempe
2365 2936 2429 2984 ut
2467 2925 2688 2986 occidat

492 3039 738 3088 veneno,
766 3040 881 3080 non
909 3023 1137 3099 gladi03
1182 3025 1243 3082 in
1268 3024 1388 3092 illo,
1431 3045 1546 3084 non
1587 3025 1698 3082 alio
1736 3024 1888 3093 loco,
1916 3025 2008 3082 vel
2037 3034 2322 3100 tempore;
2363 3035 2686 3085 controver-

492 3129 617 3176 tunt
644 3119 916 3198 theologi,
937 3131 1123 3182 utrum
1152 3122 1403 3180 suadens
1430 3126 1682 3183 incurrat
1709 3125 1769 3181 in
1794 3124 2202 3201 obligationem
2231 3123 2521 3192 damnum,
2551 3143 2688 3196 qua·

492 3227 659 3276 tenus
698 3220 923 3294 poterit,
964 3220 1285 3296 reparandi.
1370 3222 1688 3281 Affirmans
1731 3230 1786 3279 et
1827 3241 2044 3299 negans
2083 3223 2380 3280 sententiae
2425 3223 2686 3299 gravibus

492 3317 746 3378 nituntur
784 3318 1117 3386 rationibus,
1160 3338 1473 3396 gravesque
1518 3322 1732 3379 habent
1769 3321 2119 3379 defensoreS.
2205 3321 2446 3398 Negans
2485 3322 2688 3397 proba-

490 3415 659 3474 bilior
698 3415 763 3474 S.
804 3416 1107 3493 Alphonso
1154 3417 1397 3486 videtur,
1443 3429 1483 3456 “
1504 3421 1640 3493 quia
1683 3421 1990 3478 consulens
2037 3434 2172 3479 tunc
2218 3439 2334 3478 non
2381 3431 2470 3478 est
2511 3439 2685 3478 causa

492 3514 699 3574 efficax
724 3515 859 3574 mali
887 3516 1074 3588 quoad
1103 3517 1475 3577 substantiam
1509 3511 1805 3577 da'mni.’'³

578 3618 713 3673 185.
758 3615 873 3680 Qui
892 3633 968 3672 ex
995 3616 1317 3692 ignorantia
1344 3619 1590 3694 graviter
1610 3618 1879 3693 culpabili
1901 3616 2173 3700 damnum
2199 3617 2416 3688 suadet,
2447 3619 2518 3677 ad
2545 3618 2688 3676 illud

490 3712 869 3789 reparandum
912 3725 1152 3784 tenetur,
1183 3717 1407 3789 quoties
1446 3718 1502 3775 vi
1530 3718 1622 3775 sui
1663 3716 1836 3775 officii
1866 3717 2174 3776 consilium
2201 3717 2336 3776 dare
2364 3727 2602 3785 tenetur,
2631 3727 2691 3774 et

488 3830 557 3869 ea
595 3810 803 3886 gaudet
846 3813 1063 3888 peritiae
1108 3815 1482 3873 aestimatione
1537 3835 1663 3888 quae
1717 3815 1962 3874 consilio
2013 3835 2120 3873 suo
2167 3836 2369 3892 parere
2415 3827 2548 3876 nata
2591 3825 2682 3873 est

490 3908 685 3966 fidem.
772 3910 872 3966 Sic
912 3910 1214 3971 advocatus
1243 3914 1439 3972 clienti
1467 3915 1770 3973 consilium
1800 3912 1941 3970 dans
1981 3915 2221 3972 noxium
2248 3915 2584 3990 plerumque
2611 3913 2682 3971 ad

492 4005 765 4063 damnum
794 4008 1169 4083 reparandum
1198 4018 1418 4069 tenetur
1442 4033 1456 4069 ε
1500 4014 1552 4070 si
1591 4011 1724 4070 vero
1746 4023 2012 4071 noscatur
2037 4031 2165 4070 esse
2185 4013 2362 4083 rudis,
2384 4014 2686 4071 consilium

492 4112 695 4179 petens
741 4105 851 4161 sibi
895 4105 1173 4180 imputare
1220 4107 1389 4164 debet
1432 4108 1705 4168 damnum
1753 4111 1887 4170 inde
1934 4121 2363 4188 proventurum.
2448 4113 2564 4178 Qui
2609 4131 2686 4170 ex

491 4217 680 4261 errore
708 4201 875 4258 etiam
904 4202 1115 4274 absque
1142 4204 1309 4280 culpa
1336 4207 1642 4267 consilium
1681 4211 1924 4268 noxium
1967 4210 2142 4278 dedit,
2174 4218 2394 4268 tenetur
2423 4211 2491 4268 ad
2538 4210 2683 4268 illud

493 4299 913 4376 quamprimum
953 4302 1355 4370 revocandum,
1398 4315 1455 4362 et
1495 4305 1582 4363 ad'
1607 4306 1878 4367 damnum
1921 4327 1988 4365 ea
2033 4327 2144 4381 qua
2181 4310 2428 4384 potuerit
2466 4310 2684 4368 ratione

562 4501 647 4568 (1)
686 4499 806 4563 Rog.
828 4513 879 4549 x.
899 4499 1032 4550 Juris
1053 4499 1107 4550 in
1131 4502 1177 4549 6.
1383 4505 1468 4570 (2)
1506 4503 1567 4554 Ι..
1589 4504 1657 4553 iil.
1680 4520 1730 4554 n.
1755 4508 1871 4556 559.
2078 4511 2163 4576 (3)
2204 4509 2402 4568 Ibidem,
2423 4524 2474 4559 n.
2500 4511 2616 4558 563.
