3117 5217
498 583 575 638 os
830 580 943 640 DE
966 558 1258 638 'Moms
1294 578 1830 646 ACQUIRENDI
1871 579 2342 640 DOMINIUM.

498 753 619 811 Res
644 751 921 810 mobiles:
964 769 1037 807 vt
1068 769 1139 826 g:
1170 750 1451 817 animalia,
1480 759 1690 818 vestes,
1719 759 1828 808 ete.
1859 752 1909 808 si
1936 749 2336 826 possideantur
2359 767 2492 807 eum
2519 751 2682 809 titulo

498 871 601 928 per
628 851 955 916 triennium,
986 848 1421 924 praescribuntur
1446 858 1645 906 contra
1682 850 1926 907 aliorum
1958 851 2122 927 jurat
2167 857 2206 884 ‘⁴
2231 847 2482 907 Cautum
2509 859 2684 907 estut

495 969 585 1008 res
612 949 846 1022 quidem
888 947 1125 1006 mobiles
1146 933 1653 1022 ‘usucapiantur.”¹
1737 957 1776 984 “
1799 948 2007 1006 Debita
2043 967 2119 1008 ex
2144 948 2312 1006 rebus
2353 947 2678 1014 mobilibus,

495 1049 644 1106 sieut
669 1048 839 1106 etiam
862 1047 1103 1113 fruetus,
1132 1045 1252 1121 pari
1283 1043 1451 1102 modo
1480 1065 1545 1102 ae
1571 1047 1808 1105 mobilia
1831 1049 2294 1123 proeseribuntur.
2377 1045 2520 1103 Aliae
2549 1045 2682 1104 vero

496 1147 747 1207 actiones
774 1164 893 1204 non
932 1145 1374 1221 proeseribuntur
1404 1145 1515 1201 nisi
1554 1163 1660 1222 per
1683 1145 1910 1222 triginta
1934 1143 2214 1204 annos.”²
2293 1142 2386 1202 Ad
2429 1146 2685 1220 praescri-

494 1244 678 1306 benda
703 1244 1021 1304 immobilia
1046 1262 1179 1302 cum
1208 1241 1370 1302 titulo
1396 1244 1760 1314 requiruntur
1785 1245 1931 1303 inter
1955 1254 2263 1321 praesentes
2292 1243 2492 1302 decem
2521 1246 2678 1310 anni,

494 1345 695 1422 viginti
740 1345 889 1402 inter
932 1343 1193 1402 absentes
1214 1332 1261 1408 3³
1302 1338 1426 1398 sine
1468 1341 1632 1401 titulo
1673 1343 1901 1419 triginta
1942 1345 2110 1400 anni:
2153 1353 2462 1419 praesentes
2489 1352 2678 1404 autem

495 1442 759 1502 dicuntur
787 1443 887 1515 qui
915 1443 975 1499 in
1004 1441 1202 1498 eadem
1231 1449 1527 1496 versantur
1552 1441 1866 1516 provincia,
1909 1442 2172 1500 absentes
2213 1444 2312 1515 qui
2355 1443 2417 1500 in
2441 1441 2682 1498 diversis

492 1541 766 1600 habitant.
852 1540 1019 1600 Bona
1072 1538 1463 1597 Ecclesiamm
1518 1558 1636 1598 non
1685 1541 2123 1615 praescribuntur
2167 1541 2280 1598 nisi
2326 1549 2458 1616 post
2501 1557 2680 1596 annos

494 1639 906 1720 quadraginta3
950 1641 1067 1696 imo
1096 1649 1226 1714 post
1250 1647 1500 1705 centum,
1530 1639 1580 1695 si
1607 1639 1821 1698 fuerint
1847 1639 2126 1698 Eeelesiae
2156 1639 2453 1699 Romanae.
2536 1639 2680 1695 Res-

492 1740 675 1798 titutio
694 1742 753 1798 in
776 1741 1061 1814 integrum
1079 1736 1383 1808 aliquando
1406 1736 1569 1794 datur
1595 1758 1628 1795 a
1647 1738 1923 1814 principe,
1945 1740 2036 1797 vel
2057 1739 2275 1815 judice,
2297 1739 2450 1796 adeo
2465 1746 2526 1794 ut
2551 1747 2685 1812 post

490 1838 748 1914 elapsum
777 1849 1002 1912 ternpus
1030 1835 1478 1910 praescriptionis
1508 1839 1640 1921 quis
1668 1837 1852 1913 possit
1877 1855 1982 1894 sua
1998 1839 2131 1915 jura
2155 1832 2498 1896 vindicare.⁴

570 1941 670 1994 75.
714 1937 927 1993 “Bono
954 1934 1183 2010 publico
1210 1933 1529 1991 introducta
1554 1947 1642 1992 est
1677 1937 1972 2012 usucapi0,
1999 1955 2074 1994 ne
2099 1935 2194 1993 diu
2223 1945 2282 1994 et
2305 1935 2422 1993 fere
2451 1951 2682 2009 semper

492 2037 708 2100 incerta
758 2043 953 2090 essent
995 2051 1183 2090 rerum
1232 2027 1587 2093 dominia.”⁵
1667 2036 1860 2101 Quum
1913 2036 2084 2110 igitur
2125 2035 2454 2111 respublica
2498 2034 2684 2090 valeat

494 2151 655 2204 aequa
682 2151 757 2190 ex
782 2150 955 2190 eausa
980 2133 1193 2190 civium
1215 2132 1345 2206 jura
1387 2133 1706 2200 transferre,
1753 2135 2126 2210 praeseripti0‚
2157 2152 2328 2206 quam
2370 2134 2558 2208 ipsum
2579 2133 2678 2207 jus

492 2233 833 2290 canonicum
874 2231 1077 2298 sancit,
1120 2232 1235 2288 vim
1281 2229 1497 2288 obtinet
1536 2233 1596 2288 in
1643 2234 2028 2290 conscientia:
2072 2232 2318 2305 ideoque
2352 2232 2520 2308 juxta
2563 2230 2681 2305 ple-

490 2347 722 2400 rosque,
766 2331 971 2406 poterit
1010 2330 1138 2400 quis
1179 2347 1299 2386 rem
1341 2331 1604 2398 retinere,
1650 2332 1782 2389 lieet
1819 2331 2098 2408 detegerit
2141 2331 2366 2389 titulum
2411 2331 2480 2386 ab
2511 2329 2680 2386 initio

492 2427 645 2484 haud
672 2429 941 2486 valuisse.
1029 2429 1234 2485 Utrum
1272 2437 1458 2484 autem
1504 2428 1560 2485 id
1603 2430 1872 2504 procedat
1911 2432 1971 2488 in
2009 2430 2154 2488 loeis
2196 2431 2254 2488 in
2285 2430 2490 2502 quibus
2531 2427 2678 2502 legis

490 2527 707 2584 sanctio
748 2526 925 2594 deest,
968 2546 1081 2585 non
1130 2527 1397 2583 convenit
1442 2528 1593 2586 inter
1638 2529 1959 2605 theologos.
2045 2528 2386 2586 Tamburini
2431 2526 2682 2584 affirmat

492 2628 779 2699 qdemque
808 2645 981 2702 posse
1008 2625 1125 2684 tuto
1154 2625 1417 2683 diuturna
1462 2627 1559 2684 illa
1605 2629 1974 2703 possessione
2016 2628 2140 2694 niti,
2181 2625 2492 2685 dummodo
2519 2625 2676 2700 leges

491 2745 606 2783 non
651 2726 907 2793 obstent3
952 2711 1271 2784 consonum
1316 2727 1529 2800 quippe
1571 2728 1778 2785 rationi
1817 2736 1876 2783 et
1911 2729 2064 2784 bono
2107 2726 2294 2784 ordini
2336 2725 2577 2789 videtur,
2618 2733 2679 2778 ut

490 2843 617 2895 quoe
644 2823 740 2880 diu
768 2802 919 2881 bona
943 2823 1054 2880 fide
1082 2823 1271 2880 habita
1311 2833 1462 2889 sunt,
1506 2825 1872 2892 retineantur,
1917 2835 2114 2884 sanato
2143 2828 2244 2898 qui
2271 2825 2509 2882 latuerat
2531 2821 2676 2879 tituli

490 2921 735 2978 defectu.

566 3022 667 3076 76.
713 3018 1165 3094 Praeseriptionis
1192 3031 1415 3092 tempus
1446 3020 1505 3076 in
1541 3021 1826 3080 foederatis
1867 3023 2178 3100 provinciis
2207 3022 2424 3082 varium
2455 3029 2574 3084 θεῖς
2616 3019 2676 3075 in

488 3116 801 3174 Louisiana
826 3118 981 3174 enim
1012 3136 1115 3193 pro
1139 3133 1327 3174 rerum
1359 3119 1622 3177 varietate
1650 3121 1878 3179 brevius
1907 3121 2000 3178 vel
2025 3121 2354 3180 diuturnum
2377 3128 2486 3200 est,
2508 3119 2675 3194 juxta

480 3215 629 3290 juris
658 3213 842 3272 civilis
877 3215 1237 3272 definitiones
1258 3204 1306 3279 ;6
1349 3219 1408 3274 in
1437 3217 1561 3275 aliis
1591 3220 1900 3294 provinciis
1927 3221 2218 3297 plerisque
2238 3222 2338 3296 jus
2369 3217 2674 3294 Anglicum

491 3313 727 3379 obtinet,
760 3308 1021 3384 quamris
1048 3332 1165 3370 non
1189 3313 1419 3388 ubique.
1462 3327 1469 3334 '
1507 3315 1794 3376 Caeterum
1835 3320 2185 3396 praeseriptio
2217 3320 2348 3396 jure
2376 3316 2673 3374 communi

484 3429 600 3469 non
630 3411 937 3470 admittitur
980 3411 1050 3469 de
1094 3412 1258 3469 bonis
1307 3417 1719 3483 immobilibus,
1762 3437 1888 3490 quae
1934 3419 2311 3476 instrumento
2351 3427 2503 3473 certo
2542 3431 2672 3490 pro-

553 3634 637 3697 (1)
677 3631 735 3680 L.
756 3650 840 3682 un.
867 3633 989 3682 Cod.
1012 3634 1086 3683 de.
1112 3635 1324 3699 Usueap.
1346 3644 1396 3684 et
1416 3640 1461 3694 ξ.
1487 3636 1517 3684 i.
1542 3636 1661 3686 Inst.
1685 3637 1746 3686 de
1771 3637 1987 3701 Usucap.

556 3719 641 3781 (2)
683 3716 735 3764 S.
761 3719 1060 3781 AlphonsuS‚
1084 3720 1115 3768 1.
1139 3719 1205 3768 iii.
1221 3735 1271 3768 n.
1301 3722 1416 3768 50⁷.

554 3802 640 3865 (3)
678 3800 796 3849 Inst-
818 3802 877 3850 de
902 3803 1117 3866 Usucap,
1141 3808 1186 3862 ς.
1210 3805 1241 3852 i.

554 3884 639 3949 (4)
681 3883 802 3946 Cap.
826 3886 857 3933 i.
880 3893 928 3932 et
948 3887 997 3935 ii.
1016 3887 1076 3934 de
1097 3889 1244 3936 restit.
1268 3889 1321 3936 in
1344 3889 1600 3950 integrum.
1875 3890 1960 3954 (5)
1999 3887 2059 3935 L.
2081 3888 2114 3938 i.
2135 3887 2187 3936 ff.
2211 3889 2274 3936 de
2300 3887 2513 3948 Usueap.

557 3969 642 4032 (6)
682 3975 711 3998 ‘⁴
729 3967 839 4016 The
862 3968 977 4016 time
1000 3969 1056 4017 of
1082 3970 1337 4020 limitation
1370 3973 1523 4020 varies
1556 3972 1610 4020 in
1643 3972 1897 4035 particular
1919 3978 2078 4020 states.
2149 3971 2306 4030 Thus,
2327 3971 2382 4020 in
2405 3968 2665 4018 Con'necti-

485 4058 570 4101 cut
590 4050 687 4100 and
708 4051 959 4110 Vermont,
981 4053 1063 4101 the
1086 4059 1206 4101 term
1228 4055 1285 4102 of
1298 4056 1610 4118 prescription
1631 4057 1674 4104 is
1696 4057 1862 4105 fifteen
1880 4073 2035 4119 years,
2058 4056 2154 4105 and
2176 4056 2230 4104 in
2253 4055 2412 4104 South
2437 4054 2667 4104 Carolina

484 4138 579 4186 five
599 4152 751 4200 years.
820 4137 879 4184 In
902 4137 927 4185 I
930 4137 1165 4187 1ouisiana
1186 4138 1268 4186 the
1288 4139 1405 4187 time
1428 4141 1484 4188 of
1508 4142 1822 4204 prescription
1854 4143 2007 4192 varies
2029 4141 2284 4204 according
2307 4148 2357 4190 to
2379 4140 2460 4188 the
2481 4141 2667 4212 subject

483 4223 605 4271 from
628 4222 760 4270 three
782 4229 831 4270 to
854 4223 999 4285 thirty
1021 4238 1175 4285 years.
1244 4224 1347 4273 But
1380 4225 1403 4273 I
1437 4241 1674 4288 presumo,
1709 4227 1813 4276 that
1846 4227 2104 4290 generally,
2138 4227 2192 4276 in
2229 4226 2326 4274 this
2349 4232 2566 4288 country,
2587 4241 2665 4274 we

481 4308 644 4356 follow
667 4307 749 4355 the
773 4307 980 4367 English
1002 4306 1119 4356 time
1140 4307 1197 4356 of
1221 4309 1579 4372 prescription.'’
1651 4310 1826 4360 Kent's
1850 4309 2126 4360 comment.
2149 4312 2243 4362 vol.
2266 4310 2334 4359 iii.
2357 4317 2464 4374 part
2484 4309 2548 4358 vi.
2570 4305 2658 4358 lec.

482 4390 547 4440 lii.
571 4405 620 4438 n.
644 4391 759 4438 442.
782 4397 909 4438 note.
