3117 5217
563 554 676 617 174
900 596 910 605 -
1408 554 1522 613 DE
1570 552 1871 612 USURA.

563 730 624 787 in
649 726 957 787 mutuantis
985 734 1322 802 potestatem
1350 732 1614 792 transeat,
1646 741 1751 799 pro
1776 740 1881 781 suo
1902 724 2132 783 arbitrio
2158 723 2556 800 impendenda.
2635 724 2759 785 Lu·

565 826 700 886 dere
725 826 914 885 verbis
940 824 1221 892 videntur,
1245 824 1366 897 qui,
1393 823 1500 882 hac
1521 841 1728 881 vocum
1752 823 2005 881 instituta
2031 806 2419 891 distinctione,
2438 842 2562 896 quae
2582 834 2759 882 totam

565 926 726 985 latuit
742 934 1100 991 vetustatem,
1129 923 1520 981 severissimas
1548 921 1829 979 Ecclesiae
1856 923 2180 981 sanctiones
2207 922 2415 995 quibus
2454 941 2633 980 usurae
2663 944 2761 982 ac·

570 1025 758 1101 ceptio
785 1024 958 1081 vetita
981 1032 1090 1089 est,
1109 1022 1293 1081 irritas
1321 1021 1533 1079 faciunt
1557 1028 1615 1078 et
1640 1020 1861 1077 inanes.
1932 1020 2147 1094 Utique
2174 1022 2226 1078 si
2250 1021 2471 1079 locetur
2495 1024 2763 1099 pecunia,

571 1121 814 1197 quadam
841 1121 1010 1179 sortis
1037 1122 1307 1179 societate
1347 1120 1507 1188 inita,
1533 1119 1729 1176 licebit
1764 1119 1935 1177 etiam
1974 1132 2031 1177 et
2066 1120 2210 1178 lucri
2248 1120 2374 1178 fieri
2410 1122 2719 1199 participes
2740 1143 2757 1178 ε
2776 1154 2799 1171 ·-

571 1230 916 1297 quapropter
939 1221 1038 1292 qui
1066 1218 1332 1278 actiones
1359 1226 1556 1277 emunt
1580 1236 1793 1276 mensae
1824 1221 2155 1277 nummariae
2181 1218 2411 1295 publica
2435 1223 2765 1278 auctoritate

571 1320 906 1387 constitutae,
948 1320 1271 1396 percipiunt
1307 1317 1585 1390 quosdam
1626 1336 1847 1375 annuos
1888 1316 2121 1386 fructus,
2166 1336 2310 1391 quos
2354 1330 2557 1377 vocant
2608 1320 2767 1378 divi-

573 1418 794 1485 siones,
825 1428 940 1475 tum
985 1418 1116 1491 quia
1147 1418 1246 1494 jus
1287 1416 1358 1475 ad
1396 1425 1605 1474 sortem
1648 1415 2014 1491 repetendam
2057 1435 2172 1474 non
2211 1417 2439 1484 habent,
2470 1427 2588 1485 tum
2630 1420 2769 1491 quia

573 1534 700 1575 sors
728 1518 854 1593 ipsa
882 1516 1199 1575 discrimini
1225 1516 1524 1592 objicitur:
1555 1514 1707 1587 quod
1735 1515 1877 1572 tristi
1904 1533 2094 1573 rerum
2112 1524 2318 1574 eventu
2340 1516 2573 1592 plurimi
2593 1516 2769 1575 hodie

575 1616 723 1693 apud
751 1633 858 1673 nos
887 1628 1114 1675 norunt.
1680 1599 1684 1603 ’
2760 1678 2763 1683 ,

653 1718 754 1774 76.
799 1714 1121 1773 Mastrofini
1145 1712 1439 1771 contendit
1464 1712 1685 1769 titulum
1705 1711 1925 1789 justum
1944 1711 2006 1770 in
2034 1723 2325 1772 contractu
2352 1712 2424 1771 de
2445 1732 2563 1785 quo
2585 1716 2770 1791 agitur

577 1834 704 1872 esse
735 1812 1114 1871 venditionem
1143 1828 1279 1868 usus
1319 1811 1596 1887 pecuniae,
1636 1828 1806 1884 quem
1848 1811 1916 1868 ab
1954 1811 2082 1887 ipsa
2118 1815 2362 1889 pecunia
2398 1812 2677 1889 distingui
2718 1821 2775 1870 et

578 1913 759 1988 pretio
786 1911 1053 1967 aestimari
1079 1908 1340 1966 affirmat.
1393 1909 1472 1966 At
1493 1926 1635 1967 usus
1662 1910 1918 1985 pecunioe
1948 1910 2269 1970 necessario
2296 1910 2458 1969 datur
2482 1912 2542 1968 vi
2562 1913 2768 1979 mutui,

577 2028 752 2081 quum
795 2017 908 2066 tota
946 2009 1071 2084 ejus
1111 2007 1427 2085 proprietas
1467 2018 1526 2064 et
1564 2006 1878 2070 dominium
1919 2008 2102 2077 detur,
2128 2012 2211 2069 uti
2250 2026 2451 2069 omnes
2488 2010 2772 2069 hactenus

579 2102 1030 2166 intellexerunt.²
1087 2116 1126 2143 ‘⁶
1149 2104 1426 2174 Quaedam
1451 2124 1544 2163 res
1574 2116 1723 2173 sunt,
1752 2125 1990 2179 quarum
2017 2127 2157 2167 usus
2184 2121 2271 2167 est
2294 2110 2551 2185 ipsarum
2580 2129 2771 2168 rerum

581 2208 977 2282 consumptio:
1009 2207 1158 2264 sicut
1183 2206 1378 2264 vinum
1407 2205 1826 2273 consumimus,
1854 2224 1925 2263 eo
1952 2208 2163 2279 utendo
2189 2206 2259 2265 ad
2285 2219 2515 2283 potum:
2548 2220 2609 2266 et
2634 2211 2773 2267 triti-

581 2324 712 2363 cum
739 2307 1150 2372 comunimus,
1183 2323 1252 2361 eo
1281 2302 1491 2361 utendo
1519 2302 1589 2360 ad
1616 2303 1826 2363 cibum.
1910 2304 2082 2363 Unde
2123 2308 2183 2365 in
2219 2306 2421 2365 talibus
2461 2326 2580 2365 non
2606 2308 2776 2366 debet

581 2422 840 2462 seorsum
864 2403 1178 2479 computari
1197 2420 1334 2460 usus
1351 2402 1434 2460 rei
1451 2421 1482 2459 a
1499 2420 1558 2459 re
1587 2403 1747 2479 ipsaz
1776 2403 1879 2460 sed
1900 2404 2240 2477 cuicumque
2256 2405 2593 2464 conceditur
2608 2426 2772 2473 usus,

582 2521 657 2560 ex
685 2502 794 2560 hoc
823 2503 950 2579 ipso
985 2502 1314 2561 conceditur
1352 2520 1480 2559 res:
1525 2509 1582 2558 et
1606 2511 1837 2577 propter
1864 2503 1973 2561 hoc
2000 2502 2061 2560 in
2100 2504 2323 2572 talibus,
2353 2523 2457 2580 per
2484 2510 2771 2572 mutuum,

585 2601 918 2661 transfertur
935 2599 1343 2669 dominium-”.
1370 2643 1386 2659 .
1413 2609 1452 2637 ‘⁴
1475 2600 1731 2658 Pecunia
1748 2610 1933 2658 autem
1954 2602 2337 2679 principaliter
2351 2614 2441 2661 est
2454 2606 2690 2663 inventa
2708 2604 2775 2662 ad

587 2702 1058 2761 commutationes
1102 2699 1408 2758 faciendas.
1492 2699 1575 2757 Et
1619 2700 1693 2755 ita
1738 2700 2001 2776 proprius
2037 2712 2097 2759 et
2137 2702 2469 2778 principalis
2508 2704 2772 2781 pecuniae

585 2818 725 2859 usus
751 2812 840 2857 est
865 2800 1044 2874 ipsius
1070 2799 1452 2873 consumptiO,
1495 2797 1616 2853 sive
1655 2797 1966 2866 distractio,
1994 2799 2307 2859 secundum
2342 2801 2499 2874 quod
2526 2803 2589 2860 in
2614 2822 2771 2862 com-

584 2898 923 2954 mutationes
964 2894 1320 2972 expenditur.
1404 2893 1486 2951 Et
1523 2907 1755 2971 propter
1792 2896 1902 2954 hoc
1940 2898 2254 2957 secundum
2294 2918 2359 2957 se
2398 2912 2489 2958 est
2512 2902 2773 2962 illicitum

585 3013 690 3069 pro
729 3012 835 3051 usu
872 2995 1126 3070 pecuniae
1167 3002 1429 3052 mutuatae
1469 2994 1728 3069 accipere
1769 2997 2036 3072 pretium,
2080 2998 2231 3071 quod
2272 2996 2478 3057 dicitur
2502 2992 2777 3058 usura.”²

586 3092 878 3165 Equidem
921 3094 970 3151 si
1006 3093 1218 3165 absque
1246 3092 1363 3149 ulla
1391 3102 1649 3150 mutuum
1681 3096 1957 3152 sumentis
1986 3097 2174 3171 culpa,
2206 3106 2321 3155 tota
2347 3100 2597 3173 pecunia
2619 3095 2777 3157 brevi

585 3192 946 3257 amitteretur,
969 3191 1094 3266 ipse
1124 3200 1406 3247 teneretur
1431 3209 1627 3265 parem
1656 3210 1937 3252 summam
1966 3194 2201 3253 reddere
2232 3207 2491 3272 tempore
2520 3208 2771 3256 statuto:

585 3287 741 3362 quod
767 3286 1012 3345 ostendit
1037 3289 1227 3364 ipsum
1257 3287 1550 3347 dominum
1584 3292 1713 3367 ejus
1742 3294 1973 3369 agnosci
1997 3312 2013 3361 3
2042 3313 2134 3352 res
2160 3298 2315 3353 enim
2342 3296 2578 3355 domino
2607 3298 2771 3373 perit.

625 3406 638 3415 ·
663 3393 763 3449 77.
807 3387 1097 3465 Theologi
1125 3396 1321 3446 tenent
1347 3406 1518 3448 omne
1559 3407 1704 3447 onus
1748 3392 1899 3464 quod
1940 3394 2121 3467 pretio
2160 3396 2428 3453 aestimari
2457 3407 2633 3469 queat
2658 3415 2775 3454 mu·

586 3489 761 3548 tuanti
803 3488 1132 3564 impositum
1174 3506 1404 3545 usuram
1447 3486 1773 3547 redolere:³
1805 3491 1947 3549 tollit
1984 3492 2137 3550 enim
2179 3495 2474 3569 gratuitam
2509 3495 2775 3553 beneficii

585 3600 860 3647 naturam.
945 3588 1008 3645 Si
1039 3589 1165 3660 quis
1205 3587 1376 3665 igitur
1399 3587 1558 3645 alteri
1584 3598 1833 3647 mutuam
1866 3590 1962 3647 det
1997 3592 2320 3664 pecuniam,
2348 3611 2415 3650 ea
2446 3594 2769 3652 conditione

585 3688 803 3765 adjecta
830 3687 982 3760 quod
1013 3706 1230 3746 merces
1259 3687 1488 3745 nonnisi
1523 3686 1593 3743 ab
1634 3706 1704 3744 eo
1744 3698 1912 3756 emat,
1953 3690 2039 3746 vel
2070 3689 2221 3762 quod
2263 3701 2469 3750 certam
2514 3682 2793 3769 pecuniae'

586 3805 868 3843 summam
899 3787 1046 3862 apud
1076 3787 1264 3862 ipsum
1293 3786 1605 3864 impendat,
1637 3806 1805 3844 usura
1830 3789 1935 3845 erit
1956 3781 2004 3843 :⁴
2060 3789 2241 3846 Secus
2268 3791 2319 3847 si
2342 3790 2481 3848 alias
2510 3792 2774 3850 debeatur

587 3902 660 3939 ex
693 3884 931 3959 justitia,
972 3904 1042 3941 v:
1083 3905 1158 3961 g:
1203 3895 1264 3942 ut
1304 3905 1382 3943 aes
1418 3886 1667 3943 alienum
1708 3886 1802 3944 diu
1831 3886 2081 3945 debitum
2108 3888 2377 3946 solvatur.
2462 3890 2563 3947 Sic
2590 3899 2775 3967 potest

587 3980 714 4053 quis
743 3980 901 4039 alteri
927 4000 1247 4059 proponere
1273 4003 1338 4042 se
1365 3997 1624 4044 mutuam
1651 3985 1907 4045 daturum
1944 3987 2268 4061 pecuniam,
2296 3987 2611 4048 dummodo
2639 3990 2771 4047 alter

660 4180 744 4245 (1)
786 4178 911 4228 Vide
933 4177 986 4227 S.
1009 4178 1320 4244 Alphonsum
1343 4183 1403 4232 de
1425 4181 1638 4245 Ligurio,
1661 4185 1693 4233 1.
1715 4184 1783 4234 iii.
1808 4200 1859 4234 n.
1884 4188 1998 4235 759.

661 4265 740 4329 (2)
779 4262 830 4311 S.
848 4262 1081 4320 Thomas,
1105 4267 1152 4312 2.
1176 4268 1223 4312 2.
1245 4280 1326 4327 qu.
1347 4267 1535 4316 lxxviii.
1558 4273 1644 4317 art.
1667 4268 1699 4317 i.
1768 4270 1918 4337 Κεφ.

659 4350 743 4415 (3)
784 4347 837 4398 S.
862 4346 1161 4411 Alphonsus,
1184 4348 1216 4398 l.
1238 4349 1306 4397 iii.
1328 4365 1378 4399 n.
1403 4352 1520 4399 774.

655 4434 733 4497 (4)
772 4431 970 4491 Ibidem,
991 4446 1041 4481 u.
1065 4433 1180 4481 780.
1215 4431 1340 4481 Vide
1361 4439 1412 4481 et
1431 4433 1777 4497 Busembaum,
1800 4437 1930 4501 apud
1948 4438 2001 4489 S.
2024 4439 2174 4505 Alph.
2196 4455 2247 4490 n.
2272 4442 2389 4501 791,
2420 4443 2499 4501 12,
2529 4444 2609 4490 16.
