3117 5217
519 540 595 593 22
1209 534 1322 594 DE
1367 534 2010 595 TEMPERANTIA.

519 700 722 761 dicitur
749 700 1142 759 Ecclesiastici
1168 700 1278 759 111.
1364 710 1380 736 ‘
1400 701 1619 759 Altiora
1656 711 1708 759 te
1736 719 1809 759 ne
1850 702 2163 774 quaesieris,
2202 711 2261 758 et
2286 702 2517 759 fortiora
2544 713 2600 757 te
2634 718 2714 759 ne

517 809 796 857 scrutatus
823 800 1022 867 fueris,
1051 810 1108 857 et
1133 800 1192 857 in
1218 800 1474 876 pluribus
1501 801 1769 876 operibus
1790 800 1916 877 ejus
1946 818 2017 859 ne
2047 800 2223 859 fueris
2250 799 2555 858 curiosus.’
2624 799 2715 856 Et

521 912 721 973 postea
746 900 1037 969 sequiturt
1084 907 1099 933 ‘
1121 898 1338 956 Multos
1364 899 1520 957 enim
1566 898 1949 975 supplantavit
1992 900 2245 975 suspicio
2298 917 2518 965 eorum,
2554 908 2617 955 et
2646 898 2713 954 in

527 997 766 1054 vanitate
795 996 1036 1055 detinuit
1059 1015 1264 1055 sensus
1290 994 1563 1056 eorum-’¹

915 1220 966 1295 §.
1010 1218 1147 1279 VII.
1230 1220 1327 1278 De
1368 1238 1741 1288 camenus,
1782 1238 1861 1277 ΕΤ
1901 1238 2303 1279 numurus.

598 1396 697 1449 43.
740 1389 893 1447 Cum
919 1390 1310 1466 temperantia,
1336 1389 1521 1447 latiori
1547 1408 1721 1447 sensu
1750 1400 1993 1465 sumpta,
2029 1390 2328 1447 clementia
2354 1398 2409 1445 et
2434 1406 2705 1445 mansue-

521 1489 656 1548 tudo
705 1491 1141 1567 conjunguntur.
1229 1496 1268 1523 ‘⁴
1287 1486 1675 1556 Clementia,”
1730 1487 1968 1547 docente
2016 1488 2258 1555 Seneca,
2302 1496 2341 1523 ‘⁴
2364 1497 2453 1543 est
2492 1487 2709 1543 lenitas

520 1589 826 1666 superioris
855 1588 1124 1646 adversus
1150 1588 1475 1647 inferiorem
1503 1589 1563 1646 in
1590 1587 2001 1646 constituendis
2028 1588 2211 1663 poenis
2233 1578 2327 1644 :⁹⁹²
2368 1595 2407 1621 “
2428 1586 2711 1643 Mansue-

522 1688 659 1745 tudo
687 1697 872 1745 autem
897 1706 1014 1745 non
1039 1686 1224 1743 solum
1251 1698 1338 1743 est
1357 1686 1666 1762 superioris
1694 1686 1765 1744 ad
1791 1687 2138 1753 inferiorem,
2168 1684 2271 1743 sed
2297 1684 2600 1763 cujuslibet
2626 1683 2709 1740 ad

521 1774 928 1859 quemlibet.”³
981 1785 1306 1843 Clementia
1331 1785 1499 1861 igitur
1523 1784 1585 1841 in
1611 1784 1972 1846 moderandis
2000 1786 2184 1862 poenis
2212 1794 2494 1850 versatum
2536 1802 2701 1840 man-

523 1885 762 1943 suetudo
788 1884 980 1942 domat
1003 1884 1166 1951 iram,
1195 1893 1252 1941 et
1285 1902 1489 1942 suaves
1529 1883 1706 1941 efficit
1744 1902 1952 1943 mores.
2038 1882 2358 1942 Crudelitas
2398 1882 2713 1958 opponitur

523 1982 867 2039 clementiae:
913 1990 950 2016 ‘⁴
971 1981 1119 2039 unde
1146 1981 1284 2040 dicit
1309 1983 1530 2040 Seneca
1576 1983 1635 2040 in
1675 1982 1755 2041 ΙΙ.
1784 1982 1855 2041 de
1900 1982 2219 2050 clementia,
2248 1981 2401 2054 quod
2440 1980 2709 2038 crudeles

523 2091 793 2138 vocantur
818 2080 916 2151 qui
955 2080 1230 2155 puniendi
1267 2099 1496 2139 causam
1543 2081 1769 2149 habent,
1810 2081 2044 2140 modurn
2085 2090 2273 2139 tamen
2315 2098 2434 2138 non
2474 2080 2706 2137 habent.

523 2178 639 2245 Qui
683 2188 870 2236 autem
915 2179 974 2236 in
1018 2180 1206 2255 poenis
1251 2180 1550 2239 hominum
1594 2188 1827 2256 propter
1868 2199 1931 2237 se
1977 2179 2321 2238 delectantur
2363 2180 2532 2237 etiam
2578 2179 2711 2235 sine

523 2296 711 2344 causa,
739 2287 980 2353 possunt
1003 2278 1116 2336 dici
1141 2280 1298 2346 soevi,
1327 2279 1418 2337 vel
1453 2278 1580 2345 feri,
1612 2279 1777 2350 quasi
1817 2278 2083 2337 affectum
2127 2278 2439 2338 humanum
2462 2296 2583 2336 non
2606 2276 2711 2333 ha·

520 2378 738 2443 bentes,
767 2394 842 2433 ex
870 2394 986 2450 quo
1029 2376 1352 2435 naturaliter
1393 2377 1568 2433 homo
1614 2376 1799 2454 diligit
1843 2373 2271 2439 hominem-”⁴.
2318 2377 2379 2436 N
2383 2395 2457 2433 on
2506 2388 2705 2434 tamen

523 2474 836 2531 clementiae
864 2475 1095 2533 nomine
1123 2475 1376 2535 vocanda
1401 2483 1489 2531 est
1513 2476 1691 2533 nimia
1716 2476 1811 2533 illa
1833 2476 2035 2535 lenitas
2076 2495 2185 2548 qua
2212 2476 2495 2552 impunita
2520 2475 2706 2533 dimit-

522 2582 714 2631 tuntur
738 2573 952 2645 scelera
989 2594 1120 2633 cum
1158 2574 1481 2651 reipublicae
1523 2572 1883 2644 detrimento,
1926 2594 2103 2647 quum
2142 2575 2264 2632 haec
2299 2575 2472 2642 vit-iis,
2515 2574 2708 2650 potius

523 2691 694 2746 quam
739 2673 1055 2741 virtutibus,
1103 2672 1458 2733 accensenda
1501 2672 1595 2729 sit.
1679 2673 1819 2731 Ideo
1872 2682 2096 2750 oportet
2138 2673 2498 2732 clementiam
2536 2674 2707 2750 juxta

501 2772 754 2830 'rationis
781 2772 1103 2839 dictamina,
1132 2774 1388 2829 omnium
1417 2770 1653 2828 utilitate
1680 2789 1796 2847 prae
1825 2772 2005 2829 oculis
2033 2771 2240 2838 habita,
2269 2790 2558 2829 exercere.

602 2872 699 2924 44.
743 2868 1129 2926 Mansuetudo
1175 2868 1483 2943 plurimum
1530 2870 1959 2928 commendatur
2001 2870 2063 2927 in
2110 2870 2459 2946 Scripturis:
2506 2879 2545 2905 “
2568 2869 2703 2935 Fili,

522 2968 582 3023 in
609 2964 1037 3023 mansuetudine
1066 2966 1274 3042 perfice
1314 2984 1488 3042 opera
1527 2976 1640 3035 tua,
1682 2979 1740 3026 et
1764 2988 1939 3046 super
1962 2969 2271 3028 -hominum
2312 2969 2551 3045 gloriam
2577 2968 2703 3025 dili·

523 3054 774 3139 geris.'’⁵
814 3062 1079 3122 Christus
1107 3066 1359 3141 seipsum
1388 3067 1629 3141 praebuit
1652 3069 1982 3144 magistrum
2006 3077 2366 3125 mansuetum
2392 3088 2405 3124 ε
2441 3076 2478 3103 “
2498 3068 2702 3125 discite

523 3182 554 3217 a
581 3180 691 3227 me,
723 3162 856 3233 quia
881 3163 1032 3220 mitis
1060 3183 1186 3223 sum
1214 3174 1271 3221 et
1296 3165 1528 3223 humilis
1570 3158 1839 3223 corde.”⁶
1918 3167 2230 3243 Apostolus
2259 3167 2397 3225 Tito
2425 3166 2693 3243 injunxit,

523 3270 584 3329 ut
609 3260 976 3318 admonerent
999 3262 1196 3321 fideles
1222 3282 1348 3321 esse
1389 3265 1679 3323 modestos
1722 3272 2010 3324 “omnem
2050 3265 2415 3325 ostendentes
2444 3284 2707 3324 mansue·
2737 3252 2749 3263 ’

523 3358 775 3418 tudinem
804 3359 874 3417 ad
901 3377 1100 3419 omnes
1140 3356 1508 3420 homines-”⁷
1588 3364 1831 3447 Magnas
1871 3366 2039 3423 habet
2078 3364 2341 3422 utilitates
2375 3366 2554 3423 virtus
2582 3366 2704 3422 haec

523 3458 754 3526 eximia3
783 3478 912 3516 nam
942 3461 1038 3531 qui
1066 3470 1392 3519 mansuetus
1413 3471 1501 3519 est
1525 3462 1766 3520 idoneus
1793 3472 1879 3519 est
1904 3463 1973 3520 ad
1998 3462 2217 3521 divinas
2246 3464 2554 3540 capiendas
2582 3482 2699 3540 gra-

443 3547 449 3552 *
525 3559 649 3625 tias,
678 3568 736 3616 et
762 3559 832 3616 ad
857 3557 1140 3619 caelestem
1167 3560 1589 3638 adipiscendam
1616 3560 2033 3619 haereditatem:
2082 3570 2119 3597 ‘⁶
2142 3562 2288 3620 beati
2326 3564 2530 3630 mites;
2570 3581 2703 3635 quo-

527 3659 678 3716 niam
709 3660 819 3736 ipsi
849 3658 1220 3736 possidebunt
1245 3650 1545 3718 terram.”⁸

607 3761 705 3813 45.
769 3758 1107 3817 Humilitas
1146 3762 1321 3817 virtus
1367 3768 1454 3817 est
1496 3777 1610 3832 qua
1633 3757 1808 3816 homo
1852 3776 1927 3817 ex
1966 3778 2099 3818 vera
2142 3761 2233 3819 sui
2277 3762 2601 3837 cognitione
2644 3780 2704 3818 se

529 3857 859 3920 contemnit,
901 3859 1204 3928 omniaque
1246 3860 1392 3917 bona
1433 3858 1505 3916 ad
1550 3858 1741 3916 Deum
1783 3858 2053 3927 referens,
2094 3860 2290 3935 culpas
2318 3860 2566 3931 vitiaque
2608 3878 2708 3917 sua

531 3953 807 4027 agnoscit.
869 3952 1010 4010 Inde
1036 3954 1101 4009 fit
1125 3963 1186 4010 ut
1210 3955 1386 4015 homo
1415 3976 1476 4014 se
1503 3958 1633 4016 Deo
1661 3958 1988 4035 subjiciens,
2018 3967 2248 4035 propter
2273 3958 2462 4016 Deum
2492 3958 2617 4015 aliis
2644 3976 2706 4015 se

604 4110 688 4173 (1)
730 4106 825 4155 cit.
847 4125 875 4157 a
898 4108 950 4155 S.
975 4108 1152 4157 Thom.
1177 4112 1223 4165 2,
1247 4112 1294 4159 2.
1316 4125 1396 4173 qu.
1419 4111 1580 4161 clxvii.
1603 4121 1687 4163 art.
1710 4114 1742 4165 i.
1810 4114 1969 4181 Resp.

601 4193 686 4257 (2)
727 4190 784 4239 L.
808 4192 857 4240 ii.
879 4193 938 4241 de
961 4192 1232 4242 clementia.
1368 4194 1452 4260 (3)
1493 4194 1544 4242 S.
1568 4196 1801 4257 Thomas,
1828 4202 1875 4247 2.
1900 4203 1946 4247 2.
1969 4214 2051 4262 qu.
2074 4198 2199 4248 clvii.
2222 4205 2307 4247 art.
2330 4198 2361 4246 i.
2398 4196 2497 4247 Sed
2514 4202 2701 4248 contra.

600 4278 684 4342 (4)
723 4275 918 4325 Ibidem.
953 4276 1040 4328 Ad
1057 4278 1277 4328 tertium.
1370 4280 1454 4346 (5)
1493 4279 1627 4329 Eccl.
1649 4282 1716 4330 iii.
1746 4284 1821 4330 19.
2114 4286 2197 4352 (6)
2235 4284 2354 4335 Mat.
2377 4283 2443 4333 xi.
2468 4284 2547 4333 29.

602 4364 687 4429 (7)
725 4360 823 4410 Tit„
853 4362 919 4413 ιιι.
945 4367 992 4412 2.
1381 4364 1593 4431 (efflat.
1614 4382 1661 4415 v.
1683 4368 1732 4415 4.
