3117 5217
464 562 587 619 ³⁰0
903 558 1017 619 DE
1058 556 1588 619 DILEOTIONE
1629 558 2186 621 INIMICORUM.

462 722 867 786 1ιιιιιιιιιιιῐιι.”ι
948 736 989 763 “
1007 726 1447 803 Expectandum
1468 728 1638 805 igitur
1655 740 1880 805 tempus
1899 738 2320 805 opportunum;
2353 737 2412 787 et
2435 728 2654 785 interea

464 825 731 893 sufficiet,
758 825 911 899 quod
936 825 1197 885 offensus
1222 826 1471 903 deponat
1492 825 1757 885 odium.”
1831 826 1920 885 Ita
1937 828 2003 885 S.
2023 820 2414 905 Alphonsus.²
2493 824 2654 883 Hinc

462 925 513 983 si
542 926 671 998 quis
698 925 937 1002 alicujus
966 925 1251 993 maritum,
1276 925 1523 993 fratrem,
1552 925 1736 985 filium
1759 926 2050 997 occiderit,
2075 946 2194 985 non
2233 934 2454 985 tenetur
2475 942 2644 991 uxor,

460 1024 649 1090 frater,
702 1034 879 1100 pater,
926 1024 997 1081 ad
1041 1024 1222 1083 venite
1274 1024 1487 1084 indicia
1516 1026 1708 1084 statim
1749 1025 2084 1102 praebenda3
2131 1024 2236 1084 aed
2273 1026 2412 1084 satis
2449 1025 2556 1083 erit
2591 1022 2643 1079 si

462 1122 659 1181 odium
686 1132 743 1181 et
764 1122 1024 1181 vindictae
1050 1122 1377 1200 cupidinem
1402 1124 1762 1199 comprimat,
1789 1134 1854 1181 ut
1877 1124 2008 1183 Deo
2025 1125 2396 1201 obtemperet.

540 1226 641 1281 92.
684 1223 825 1281 Non
852 1231 1073 1281 tenetur
1096 1223 1227 1295 quis
1266 1224 1499 1281 inimico
1542 1224 1712 1281 etiam
1752 1224 2082 1301 deprecanti
2119 1224 2394 1283 damnum
2431 1222 2666 1280 illatum·

462 1321 805 1389 condonare,
834 1340 965 1381 nam
982 1323 1082 1399 jus
1108 1321 1177 1381 ad
1202 1322 1642 1405 satisfactionem
1671 1323 2010 1399 exigendam
2049 1332 2160 1381 stat
2195 1342 2328 1381 cum
2353 1322 2532 1381 veniae
2571 1317 2644 1375 de

461 1422 675 1499 injuria
697 1420 1015 1497 largitione.
1069 1421 1248 1497 Igitur
1271 1422 1513 1479 remissa
1538 1422 1746 1499 injuria
1761 1421 1954 1481 licebit
1965 1424 2380 1499 reparationem
2393 1420 2644 1495 exigere,

452 1520 667 1598 judicis
692 1522 1019 1579 auctoritate
1044 1519 1365 1597 implorata.
1449 1519 1621 1587 Quod
1647 1521 1698 1577 si
1723 1522 1952 1595 publica
1969 1521 2194 1599 justitia
2217 1522 2412 1597 exigat
2433 1519 2518 1577 rei
2543 1535 2646 1592 pu-

460 1620 759 1688 uitionem,
796 1638 865 1677 ne
904 1620 1121 1679 scelera
1157 1620 1391 1695 impune
1430 1628 1646 1695 patrata
1683 1630 2008 1697 augeantur,
2035 1621 2170 1678 licet
2205 1618 2462 1680 ordinem
2493 1615 2646 1694 judi-

461 1720 683 1778 ciorum
708 1720 893 1791 sequi.
976 1717 1265 1777 Caeterum
1294 1737 1469 1791 quum
1512 1719 1776 1779 vindictae
1815 1721 2037 1779 animus
2075 1720 2176 1777 vix
2215 1720 2414 1777 abesse
2440 1716 2642 1793 possit,

461 1829 659 1879 censet
683 1820 749 1875 S.
776 1818 1133 1893 Alphonsus,
1171 1826 1211 1853 ‘⁶
1232 1816 1387 1889 quod
1410 1819 1658 1893 practice
1681 1818 1972 1891 loquendo
2009 1837 2320 1892 numquam
2344 1818 2514 1875 liceat
2549 1832 2648 1872 ex-

463 1927 657 1991 petere
696 1917 1055 1992 punitionem
1094 1916 1330 1982 inimici,
1370 1917 1481 1973 etsi
1508 1918 1670 1992 justa
1705 1928 1762 1973 et
1795 1918 2054 1995 legitima
2089 1919 2417 1976 auctoritate
2443 1914 2652 1973 facien-

462 2012 693 2073 dam-’⁹3
1539 2036 1543 2039 .

538 2114 639 2171 93.
680 2111 895 2171 Odium
923 2112 1171 2187 proximi
1198 2130 1369 2188 grave
1395 2130 1524 2170 esse
1557 2122 1860 2189 peccatum
1895 2116 2096 2188 liquet.
2179 2124 2222 2151 ‘⁶
2243 2115 2358 2181 Qui
2385 2112 2506 2171 odit
2542 2110 2648 2168 sra-

462 2222 603 2271 trem
630 2230 819 2280 suum,
848 2213 909 2270 in
936 2212 1181 2269 tenebris
1208 2220 1315 2279 est,
1342 2222 1403 2269 et
1424 2212 1485 2269 in
1510 2214 1758 2270 tenebris
1785 2215 2052 2282 ambulat,
2079 2226 2138 2271 et
2161 2214 2344 2271 nescit
2379 2229 2494 2283 quo
2519 2218 2642 2265 eat:

460 2314 597 2384 quia
622 2312 865 2369 tenebrae
890 2311 1315 2369 obcaecaverunt
1336 2311 1535 2369 oeulos
1563 2304 1790 2389 ejus.'’⁴
1870 2321 1911 2349 ‘⁴
1928 2313 2046 2379 Qui
2081 2332 2201 2371 non
2225 2312 2427 2387 diligit,
2457 2317 2646 2367 manet

459 2410 518 2467 in
559 2418 773 2467 morte:
822 2409 1009 2466 omnis
1050 2409 1150 2481 qui
1189 2408 1308 2466 odit
1344 2409 1586 2467 fratrem.
1607 2428 1774 2468 suum
1811 2410 2100 2471 homicida
2135 2420 2242 2469 est.
2323 2410 2408 2469 Et
2429 2410 2644 2467 scimus

460 2509 733 2582 quoniam
774 2509 963 2567 omnis
1008 2507 1297 2566 homicida
1334 2528 1451 2567 non
1494 2509 1666 2567 habet
1707 2511 1877 2569 vitam
1921 2519 2186 2569 aeternam
2230 2512 2292 2567 in
2335 2508 2644 2583 semetipso

461 2605 883 2667 manentem.”⁵
960 2607 1101 2666 Ideo
1125 2607 1413 2665 homicida
1438 2608 1664 2677 dicitur,
1693 2611 1826 2681 quia
1849 2610 2044 2669 odium
2073 2628 2172 2667 cor
2197 2608 2268 2667 ad
2295 2607 2508 2666 caedem
2533 2604 2644 2663 dis-

459 2709 642 2784 ponit.
696 2708 795 2765 Ex
815 2706 1097 2767 desiderio
1116 2708 1291 2765 animi
1318 2706 1437 2765 odii
1462 2709 1706 2783 gravitas
1731 2692 1980 2767 maxime
2007 2707 2367 2786 dijudicanda
2391 2715 2515 2774 est;
2545 2703 2644 2777 qui

460 2808 613 2867 enim
634 2808 855 2866 ruinam
882 2805 1183 2880 adversarii
1210 2807 1385 2881 cupit,
1414 2808 1661 2883 graviter
1683 2807 1850 2883 plane
1889 2816 2086 2865 contra
2113 2807 2446 2865 charitatem
2468 2804 2646 2862 delin-

458 2906 601 2979 quit.
715 2956 721 2964 .

541 3006 641 3061 94.
684 3002 902 3061 Odium
928 3002 1405 3073 abominationis
1430 3006 1501 3063 ab
1529 3004 1666 3063 odio
1691 3003 2036 3065 inimicitiae
2077 3025 2111 3062 a
2135 3004 2420 3081 theologis
2447 3002 2648 3061 distin-

462 3104 689 3180 guitur;
730 3101 841 3160 hoc
869 3104 1085 3193 quippe
1108 3102 1402 3161 hominem
1430 3103 1686 3184 respicit,
1715 3106 1954 3180 ejusque
1981 3105 2194 3162 malum
2231 3104 2466 3177 quaerit:
2507 3098 2648 3159 illud

462 3200 663 3257 vitium
690 3209 995 3266 aversatur,
1026 3200 1117 3257 vel
1144 3198 1395 3257 indolem
1420 3201 1584 3259 nobis
1611 3201 1908 3277 ingratam.
1965 3204 2078 3270 Qui
2107 3202 2358 3275 aliquem
2385 3200 2645 3265 oderunt,

462 3298 604 3371 quin
628 3297 765 3354 mali
792 3295 1001 3367 aliquid
1028 3300 1083 3355 ei
1110 3298 1339 3354 evenire
1366 3299 1561 3366 velint,
1603 3300 1730 3376 ejus
1773 3302 1981 3378 agendi
2019 3303 2324 3370 rationem,
2369 3299 2646 3364 indolem,

464 3397 557 3456 vel
583 3397 783 3455 vitium
810 3397 1287 3483 aversarillrectius
1316 3396 1594 3466 dicuntur,
1627 3416 1742 3457 nec
1775 3400 1940 3460 facile
1969 3400 2278 3460 damnandi
2305 3408 2438 3458 sunt
2461 3397 2647 3476 gravis

462 3497 700 3575 peccati.
784 3496 885 3556 Sic
910 3496 1238 3573 parentibus
1286 3496 1590 3569 aliquando
1627 3500 1903 3578 contingit
1941 3500 2127 3558 filium
2169 3500 2421 3573 aliquem
2457 3497 2648 3555 minus

465 3598 721 3675 diligere,
750 3605 806 3653 et
830 3615 905 3654 ex
931 3607 1141 3655 naturae
1171 3595 1417 3667 quodam
1461 3597 1678 3673 impetu
1717 3600 1980 3667 aversari,
2011 3617 2182 3671 quem
2209 3608 2396 3657 tamen
2421 3598 2646 3654 sincero

463 3696 668 3756 affectu
694 3696 1125 3772 amplectuntur,
1156 3694 1281 3771 ejus
1306 3696 1638 3753 utilitatibus
1663 3698 2048 3757 consulentes.
2131 3698 2251 3756 Alii
2279 3698 2376 3756 vix
2407 3694 2642 3754 tolerare

463 3802 707 3874 possunt
744 3805 1116 3871 conspectum
1160 3794 1471 3870 propinqui
1512 3796 1775 3872 alicujuS‚
1821 3806 2111 3873 aspectum
2155 3796 2310 3855 haud
2353 3794 2642 3859 decorum,

464 3896 554 3951 vel
600 3892 807 3950 malam
853 3892 1104 3951 indolem
1152 3903 1495 3952 aversantes.
1578 3894 1977 3967 Laborandum
2025 3904 2114 3955 est
2155 3904 2218 3951 ut
2259 3893 2646 3951 aversationes

464 3992 612 4059 illas,
660 4008 789 4063 quae
830 3992 989 4050 nullo
1029 4010 1227 4057 eorum
1268 4012 1413 4065 quos
1454 4011 1780 4051 aversamur
1820 3996 1958 4053 vitio
2012 3996 2282 4062 nituntur,
2325 4006 2642 4069 ponamus;

462 4090 627 4149 facile
648 4090 802 4147 enim
832 4090 1045 4150 ducunt
1067 4090 1137 4148 ad
1164 4091 1491 4151 inimicitias
1517 4091 1813 4151 fovendas.

543 4190 643 4249 95.
684 4188 801 4254 Qui
828 4189 985 4247 alteri
1014 4189 1228 4248 malum
1266 4199 1517 4267 exoptat,
1556 4190 1724 4273 debet
1766 4192 2092 4253 confitendo
2131 4190 2442 4267 explicare,
2472 4204 2642 4261 quam

534 4390 617 4454 (1)
658 4386 1001 4445 Busembaum‚
1023 4385 1152 4450 apud
1174 4384 1227 4436 S.
1246 4385 1394 4449 Alph.
1418 4386 1450 4436 l.
1473 4386 1523 4435 ii.
1544 4402 1596 4436 n.
1620 4389 1702 4437 29.
2097 4388 2182 4452 (2)
2220 4384 2424 4435 Ibidem.

534 4476 621 4540 (3)
670 4472 871 4525 Ibidem.
1211 4473 1295 4538 (4)
1334 4471 1374 4521 Ι.
1394 4472 1523 4521 Joan
1542 4472 1596 4521 ii.
1622 4476 1699 4521 ll.
2103 4474 2188 4540 (5)
2226 4471 2424 4530 Ibidem,
2444 4469 2512 4519 iii.
2539 4471 2617 4517 14.
