3117 5217
500 553 620 611 87⁰
1281 548 1396 609 DE
1439 547 1883 609 CENSURIS.

501 734 614 773 non
631 724 738 783 eet,
757 716 860 789 qui
883 714 1224 773 beneficium
1243 714 1358 773 hoc
1379 733 1498 773 non
1523 715 1825 791 implorat:
1858 722 1897 751 “
1916 714 2027 773 nisi
2046 706 2283 791 g‘ratiam
2308 713 2683 773 absolutionis

503 813 766 891 imploret
788 834 803 882 ;
845 833 964 873 non
989 813 1156 871 debet
1179 812 1378 881 audiri,
1398 833 1472 872 ne
1493 814 1831 873 sententiam
1850 810 2293 873 eeclesiasticam
2312 822 2683 874 contemnere

501 910 850 973 videatur-”¹
933 912 1258 985 Aliquando
1300 921 1491 971 tamen
1529 914 1746 971 absolvi
1772 924 1963 989 potest
1998 913 2075 970 ob
2116 914 2329 972 bonum
2358 912 2673 991 publicum,

503 1013 594 1071 vel
621 1012 788 1071 etiam
817 1012 1060 1071 salutem
1087 1014 1270 1089 ipsiu·
1295 1014 1400 1080 rei,
1429 1014 1530 1085 qui
1549 1022 1743 1089 petere
1762 1013 2179 1071 absolutionem
2198 1012 2489 1079 detrectat,
2518 1011 2681 1069 dum-

503 1112 674 1171 modo
687 1112 764 1169 sit
781 1113 1146 1171 emendatus.-
1177 1114 1294 1171 imo
1313 1113 1364 1169 si
1383 1113 1598 1170 crimen
1618 1130 1731 1171 non
1754 1111 1956 1171 habeat
1972 1118 2237 1171 tractum
2254 1110 2677 1177 successivum,

499 1212 582 1267 uti
609 1211 783 1277 aiunt,
811 1211 979 1269 etiam
1009 1212 1108 1285 qui
1133 1211 1466 1271 emendatus
1491 1230 1607 1269 non
1635 1220 1742 1269 est.
1810 1212 2087 1288 Superior
2112 1220 2303 1287 potest
2327 1212 2523 1269 tollere
2548 1228 2679 1267 cen-

503 1327 692 1367 suram
719 1312 1068 1377 contumaci,
1095 1312 1230 1383 quia
1253 1311 1312 1367 in
1339 1310 1462 1385 ejus
1491 1310 1719 1368 arbitrio
1746 1320 1835 1368 est
1858 1311 2063 1388 posita.

579 1412 678 1465 58.
721 1408 840 1475 Qui
865 1410 924 1467 in
953 1411 1075 1468 foro
1117 1408 1478 1467 conscientiae
1519 1408 1809 1467 absolutus
1848 1420 1935 1467 est
1972 1428 2004 1465 a
2028 1422 2301 1475 censura,
2326 1428 2453 1480 quae
2490 1408 2681 1483 palam

501 1510 556 1565 in
565 1500 765 1577 notuit,
788 1507 958 1567 debet
981 1510 1232 1567 exterius
1259 1527 1322 1565 se
1349 1525 1546 1585 gerere
1568 1506 1741 1565 veluti
1760 1527 1827 1565 ae
1854 1508 1903 1565 si
1930 1508 2075 1565 foret
2094 1507 2276 1565 adhuc
2296 1507 2683 1583 ligatum-nam

502 1607 792 1683 publicum
819 1608 1110 1666 vinculum
1153 1607 1478 1665 auctoritate
1517 1607 1905 1666 ecelesiastica
1944 1608 2005 1665 in
2032 1607 2157 1665 foro
2196 1617 2435 1665 externo
2476 1606 2684 1664 tollen-

393 1756 398 1761 .
504 1706 638 1765 dum
665 1716 772 1765 eet.

583 1809 682 1863 59.
727 1807 866 1865 Non
895 1806 1045 1863 valet
1069 1804 1344 1863 absolu-tio
1383 1805 1565 1863 invito
1603 1823 1707 1880 per
1749 1805 1865 1861 vim
1907 1805 1999 1863 vel
2040 1813 2254 1862 metum
2282 1805 2555 1881 injustum
2582 1822 2691 1861 ex-

501 1912 662 1972 torta,
693 1905 796 1963 sed
819 1906 928 1963 vim
953 1904 1202 1962 inserens
1219 1904 1878 1962 excommunicationem
1902 1895 2234 1961 contrahit..2
2274 1903 2338 1959 Si
2364 1922 2467 1979 per
2486 1901 2691 1961 dolum

502 2002 650 2059 eirca
693 2020 923 2061 eausam
967 2001 1196 2059 finalem
1235 2010 1657 2073 extorqueatur,
1700 2002 1869 2059 etiam
1911 2002 2163 2060 invalida
2202 2012 2501 2068 censetur3
2546 2006 2689 2073 quia

503 2098 780 2176 Superior
803 2119 919 2158 non
946 2101 1068 2158 vult
1093 2101 1386 2158 absolvere
1411 2101 1524 2157 nisi
1551 2102 1625 2159 ob
1652 2119 1881 2159 causam
1916 2103 2025 2159 sibi
2054 2094 2457 2178 propositam.³
2522 2101 2691 2159 Alias

505 2197 807 2259 dicendum
839 2201 890 2257 si
917 2200 1144 2259 noverit·
1156 2219 1391 2259 eausam
1431 2199 1628 2257 salsam
1664 2200 1916 2276 allegari,
1945 2204 2079 2273 quia
2104 2202 2279 2258 utitur
2304 2202 2430 2276 ejus
2460 2202 2695 2259 arbitrio

501 2299 732 2358 vinculo
759 2299 1040 2359 tollendo:
1083 2298 1374 2375 delegatus
1401 2309 1587 2357 autem
1618 2302 1816 2373 nequit
1840 2300 1985 2359 fines
2014 2299 2273 2359 mandati·
2290 2300 2594 2358 transilire.

575 2471 658 2535 (1)
699 2469 759 2518 O.
785 2469 879 2519 Per
899 2476 1033 2529 tuas3
1067 2469 1168 2521 eod.
1192 2471 1268 2521 tit.
1586 2432 1607 2449 ι
1623 2473 1707 2537 (2)
1748 2471 1809 2519 C.
1832 2472 1964 2522 unic.
1987 2472 2063 2522 De
2088 2472 2154 2523 iis
2177 2489 2289 2541 quae
2310 2473 2361 2524 vi
2382 2479 2469 2523 etc.
2492 2474 2545 2521 in
2567 2476 2615 2521 6.

1245 2559 1328 2622 (3)
1369 2556 1421 2603 S.
1445 2557 1595 2620 Alph.
1618 2557 1649 2605 l.
1670 2557 1751 2605 vii.
1776 2574 1824 2606 n.
1854 2562 1965 2607 132.
