<?xml version="1.0" encoding="UTF-8"?>
<!DOCTYPE html PUBLIC "-//W3C//DTD XHTML 1.0 Transitional//EN"
    "http://www.w3.org/TR/xhtml1/DTD/xhtml1-transitional.dtd">
<html xmlns="http://www.w3.org/1999/xhtml" xml:lang="en" lang="en">
 <head>
  <title>
</title>
<meta http-equiv="Content-Type" content="text/html;charset=utf-8" />
  <meta name='ocr-system' content='tesseract 3.04.00' />
  <meta name='ocr-capabilities' content='ocr_page ocr_carea ocr_par ocr_line ocrx_word'/>
</head>
<body>
  <div class='ocr_page' id='page_1' title='image "./theologiaemoral00unkngoog_0285.png"; bbox 0 0 3117 5217; ppageno 0'>
   <div class='ocr_carea' id='block_1_1' title="bbox 1017 573 2545 638">
    <p class='ocr_par' dir='ltr' id='par_1_1' title="bbox 1017 573 2545 638">
     <span class='ocr_line' id='line_1_1' title="bbox 1017 573 2545 638; baseline 0.002 -5"><span class='ocrx_word' id='word_1_1' title='bbox 1017 574 1132 634; x_wconf 93' lang='lat' dir='ltr'><strong>DE</strong></span> <span class='ocrx_word' id='word_1_2' title='bbox 1175 573 1408 634; x_wconf 91' lang='lat' dir='ltr'><strong>FIDEI</strong></span> <span class='ocrx_word' id='word_1_3' title='bbox 1449 575 1895 636; x_wconf 88' lang='lat' dir='ltr'><strong>SYMBOLIS.</strong></span> <span class='ocrx_word' id='word_1_4' title='bbox 2430 583 2545 638; x_wconf 77' lang='lat'><strong>271</strong></span> 
     </span>
    </p>
   </div>
   <div class='ocr_carea' id='block_1_2' title="bbox 367 740 2631 4572">
    <p class='ocr_par' dir='ltr' id='par_1_2' title="bbox 367 740 2631 4572">
     <span class='ocr_line' id='line_1_2' title="bbox 377 740 2557 819; baseline 0.002 -22"><span class='ocrx_word' id='word_1_5' title='bbox 377 760 478 817; x_wconf 88' lang='lat' dir='ltr'><strong>per</strong></span> <span class='ocrx_word' id='word_1_6' title='bbox 502 741 726 808; x_wconf 88' lang='lat' dir='ltr'><strong>orbem,</strong></span> <span class='ocrx_word' id='word_1_7' title='bbox 754 740 1091 815; x_wconf 88' lang='lat' dir='ltr'><strong>Apostolico</strong></span> <span class='ocrx_word' id='word_1_8' title='bbox 1117 741 1390 815; x_wconf 89' lang='lat' dir='ltr'><strong>symbolo</strong></span> <span class='ocrx_word' id='word_1_9' title='bbox 1417 742 1565 800; x_wconf 90' lang='lat' dir='ltr'><strong>inter</strong></span> <span class='ocrx_word' id='word_1_10' title='bbox 1602 743 1743 800; x_wconf 89' lang='lat' dir='ltr'><strong>ritus</strong></span> <span class='ocrx_word' id='word_1_11' title='bbox 1786 741 2089 819; x_wconf 89' lang='lat' dir='ltr'><strong>Baptismi,</strong></span> <span class='ocrx_word' id='word_1_12' title='bbox 2118 751 2176 800; x_wconf 91' lang='lat' dir='ltr'><strong>et</strong></span> <span class='ocrx_word' id='word_1_13' title='bbox 2212 744 2347 800; x_wconf 89' lang='lat' dir='ltr'><strong>dum</strong></span> <span class='ocrx_word' id='word_1_14' title='bbox 2374 763 2557 802; x_wconf 84' lang='lat' dir='ltr'><strong>sacer·</strong></span> 
     </span>
     <span class='ocr_line' id='line_1_3' title="bbox 377 836 2557 906; baseline 0.001 -8"><span class='ocrx_word' id='word_1_15' title='bbox 377 839 596 898; x_wconf 86' lang='lat' dir='ltr'><strong>dotium</strong></span> <span class='ocrx_word' id='word_1_16' title='bbox 623 836 930 906; x_wconf 83' lang='lat' dir='ltr'><strong>confertur,</strong></span> <span class='ocrx_word' id='word_1_17' title='bbox 953 837 1226 896; x_wconf 89' lang='lat' dir='ltr'><strong>adhibito.</strong></span> <span class='ocrx_word' id='word_1_18' title='bbox 1281 840 1424 897; x_wconf 85' lang='lat' dir='ltr'><strong>Post</strong></span> <span class='ocrx_word' id='word_1_19' title='bbox 1449 850 1599 897; x_wconf 82' lang='lat' dir='ltr'><strong>ortas</strong></span> <span class='ocrx_word' id='word_1_20' title='bbox 1625 840 1871 898; x_wconf 74' lang='lat' dir='ltr'><strong>haereses</strong></span> <span class='ocrx_word' id='word_1_21' title='bbox 1898 853 2061 900; x_wconf 82' lang='lat' dir='ltr'><strong>sexto</strong></span> <span class='ocrx_word' id='word_1_22' title='bbox 2090 842 2317 902; x_wconf 91' lang='lat' dir='ltr'><strong>decimo</strong></span> <span class='ocrx_word' id='word_1_23' title='bbox 2345 845 2557 902; x_wconf 76' lang='lat' dir='ltr'><strong>saeculo</strong></span> 
     </span>
     <span class='ocr_line' id='line_1_4' title="bbox 379 936 2557 1014; baseline 0.003 -20"><span class='ocrx_word' id='word_1_24' title='bbox 379 937 527 996; x_wconf 86' lang='lat' dir='ltr'><strong>edita</strong></span> <span class='ocrx_word' id='word_1_25' title='bbox 573 947 665 994; x_wconf 88' lang='lat' dir='ltr'><strong>est</strong></span> <span class='ocrx_word' id='word_1_26' title='bbox 703 936 1028 996; x_wconf 85' lang='lat' dir='ltr'><strong>auctoritate</strong></span> <span class='ocrx_word' id='word_1_27' title='bbox 1074 937 1170 995; x_wconf 90' lang='lat' dir='ltr'><strong>Pii</strong></span> <span class='ocrx_word' id='word_1_28' title='bbox 1213 938 1322 996; x_wconf 89' lang='lat' dir='ltr'><strong>IV.</strong></span> <span class='ocrx_word' id='word_1_29' title='bbox 1357 939 1524 1014; x_wconf 83' lang='lat' dir='ltr'><strong>juxta</strong></span> <span class='ocrx_word' id='word_1_30' title='bbox 1549 937 1909 998; x_wconf 86' lang='lat' dir='ltr'><strong>definitiones</strong></span> <span class='ocrx_word' id='word_1_31' title='bbox 1956 941 2281 1000; x_wconf 82' lang='lat' dir='ltr'><strong>Tridentini</strong></span> <span class='ocrx_word' id='word_1_32' title='bbox 2306 943 2557 1008; x_wconf 87' lang='lat' dir='ltr'><strong>concilii,</strong></span> 
     </span>
     <span class='ocr_line' id='line_1_5' title="bbox 377 1035 2560 1116; baseline 0.002 -22"><span class='ocrx_word' id='word_1_33' title='bbox 377 1035 510 1094; x_wconf 91' lang='lat' dir='ltr'><strong>fidei</strong></span> <span class='ocrx_word' id='word_1_34' title='bbox 538 1036 846 1112; x_wconf 81' lang='lat' dir='ltr'>professio,</span> <span class='ocrx_word' id='word_1_35' title='bbox 875 1052 1001 1106; x_wconf 72' lang='lat' dir='ltr'><strong>quae</strong></span> <span class='ocrx_word' id='word_1_36' title='bbox 1029 1037 1296 1111; x_wconf 87' lang='lat' dir='ltr'><strong>symbolo</strong></span> <span class='ocrx_word' id='word_1_37' title='bbox 1325 1036 2225 1115; x_wconf 84' lang='lat' dir='ltr'><strong>Nieaeno-Constantinopolitano</strong></span> <span class='ocrx_word' id='word_1_38' title='bbox 2264 1040 2426 1116; x_wconf 88' lang='lat' dir='ltr'><strong>plura</strong></span> <span class='ocrx_word' id='word_1_39' title='bbox 2464 1040 2560 1098; x_wconf 88' lang='lat' dir='ltr'><strong>ad-</strong></span> 
     </span>
     <span class='ocr_line' id='line_1_6' title="bbox 367 1133 2561 1215; baseline 0.002 -23"><span class='ocrx_word' id='word_1_40' title='bbox 367 1137 583 1211; x_wconf 85' lang='lat' dir='ltr'><strong>jungit,</strong></span> <span class='ocrx_word' id='word_1_41' title='bbox 613 1136 820 1208; x_wconf 89' lang='lat' dir='ltr'><strong>quibus</strong></span> <span class='ocrx_word' id='word_1_42' title='bbox 845 1133 1128 1192; x_wconf 82' lang='lat' dir='ltr'><strong>haeresum</strong></span> <span class='ocrx_word' id='word_1_43' title='bbox 1155 1135 1378 1193; x_wconf 90' lang='lat' dir='ltr'><strong>illarum</strong></span> <span class='ocrx_word' id='word_1_44' title='bbox 1405 1136 1663 1210; x_wconf 86' lang='lat' dir='ltr'><strong>suspicio</strong></span> <span class='ocrx_word' id='word_1_45' title='bbox 1691 1138 1890 1212; x_wconf 91' lang='lat' dir='ltr'><strong>procul</strong></span> <span class='ocrx_word' id='word_1_46' title='bbox 1916 1150 2227 1196; x_wconf 85' lang='lat' dir='ltr'><strong>amovetur.</strong></span> <span class='ocrx_word' id='word_1_47' title='bbox 2314 1147 2353 1174; x_wconf 80' lang='lat'><strong>‘⁶</strong></span> <span class='ocrx_word' id='word_1_48' title='bbox 2372 1139 2561 1215; x_wconf 81' lang='lat' dir='ltr'><strong>Apos-</strong></span> 
     </span>
     <span class='ocr_line' id='line_1_7' title="bbox 377 1232 2560 1312; baseline 0.003 -23"><span class='ocrx_word' id='word_1_49' title='bbox 377 1233 576 1290; x_wconf 88' lang='lat' dir='ltr'><strong>tolicas</strong></span> <span class='ocrx_word' id='word_1_50' title='bbox 603 1246 663 1292; x_wconf 91' lang='lat' dir='ltr'><strong>et</strong></span> <span class='ocrx_word' id='word_1_51' title='bbox 691 1232 1132 1291; x_wconf 84' lang='lat' dir='ltr'><strong>Ecclesiasticas</strong></span> <span class='ocrx_word' id='word_1_52' title='bbox 1180 1233 1529 1301; x_wconf 76' lang='lat' dir='ltr'><strong>traditiones,</strong></span> <span class='ocrx_word' id='word_1_53' title='bbox 1578 1235 1939 1308; x_wconf 87' lang='lat' dir='ltr'><strong>reliquasque</strong></span> <span class='ocrx_word' id='word_1_54' title='bbox 1980 1237 2233 1312; x_wconf 89' lang='lat' dir='ltr'><strong>ejusdem</strong></span> <span class='ocrx_word' id='word_1_55' title='bbox 2276 1237 2560 1296; x_wconf 83' lang='lat' dir='ltr'><strong>Ecclesiae</strong></span> 
     </span>
     <span class='ocr_line' id='line_1_8' title="bbox 377 1332 2616 1411; baseline 0.003 -23"><span class='ocrx_word' id='word_1_56' title='bbox 377 1332 827 1399; x_wconf 85' lang='lat' dir='ltr'><strong>observationes,</strong></span> <span class='ocrx_word' id='word_1_57' title='bbox 869 1338 926 1388; x_wconf 87' lang='lat' dir='ltr'><strong>et</strong></span> <span class='ocrx_word' id='word_1_58' title='bbox 966 1333 1404 1404; x_wconf 58' lang='lat' dir='ltr'><strong>constitutiones</strong></span> <span class='ocrx_word' id='word_1_59' title='bbox 1458 1332 1784 1391; x_wconf 90' lang='lat' dir='ltr'><strong>firmissime</strong></span> <span class='ocrx_word' id='word_1_60' title='bbox 1838 1334 2073 1392; x_wconf 85' lang='lat' dir='ltr'><strong>admitto</strong></span> <span class='ocrx_word' id='word_1_61' title='bbox 2118 1345 2179 1392; x_wconf 88' lang='lat' dir='ltr'><strong>et</strong></span> <span class='ocrx_word' id='word_1_62' title='bbox 2228 1337 2560 1411; x_wconf 85' lang='lat' dir='ltr'><strong>amplector.</strong></span> <span class='ocrx_word' id='word_1_63' title='bbox 2606 1372 2616 1382; x_wconf 60' lang='grc' dir='ltr'>ι</span> 
     </span>
     <span class='ocr_line' id='line_1_9' title="bbox 376 1431 2563 1507; baseline 0.001 -20"><span class='ocrx_word' id='word_1_64' title='bbox 376 1431 524 1488; x_wconf 85' lang='lat' dir='ltr'><strong>Item</strong></span> <span class='ocrx_word' id='word_1_65' title='bbox 553 1447 772 1488; x_wconf 87' lang='lat' dir='ltr'><strong>sacram</strong></span> <span class='ocrx_word' id='word_1_66' title='bbox 801 1431 1154 1507; x_wconf 87' lang='lat' dir='ltr'><strong>Scripturam</strong></span> <span class='ocrx_word' id='word_1_67' title='bbox 1174 1431 1341 1507; x_wconf 84' lang='lat' dir='ltr'><strong>juxta</strong></span> <span class='ocrx_word' id='word_1_68' title='bbox 1385 1449 1518 1488; x_wconf 90' lang='lat' dir='ltr'><strong>eum</strong></span> <span class='ocrx_word' id='word_1_69' title='bbox 1565 1451 1818 1500; x_wconf 91' lang='lat' dir='ltr'><strong>sensum,</strong></span> <span class='ocrx_word' id='word_1_70' title='bbox 1863 1451 2033 1504; x_wconf 87' lang='lat' dir='ltr'><strong>quem</strong></span> <span class='ocrx_word' id='word_1_71' title='bbox 2088 1435 2285 1502; x_wconf 87' lang='lat' dir='ltr'><strong>tenuit,</strong></span> <span class='ocrx_word' id='word_1_72' title='bbox 2314 1443 2371 1490; x_wconf 92' lang='lat' dir='ltr'><strong>et</strong></span> <span class='ocrx_word' id='word_1_73' title='bbox 2410 1443 2563 1492; x_wconf 86' lang='lat' dir='ltr'><strong>tenet</strong></span> 
     </span>
     <span class='ocr_line' id='line_1_10' title="bbox 379 1529 2564 1610; baseline 0.002 -25"><span class='ocrx_word' id='word_1_74' title='bbox 379 1539 577 1588; x_wconf 87' lang='lat' dir='ltr'><strong>saneta</strong></span> <span class='ocrx_word' id='word_1_75' title='bbox 610 1538 792 1586; x_wconf 88' lang='lat' dir='ltr'><strong>mater</strong></span> <span class='ocrx_word' id='word_1_76' title='bbox 815 1529 1101 1596; x_wconf 80' lang='lat' dir='ltr'><strong>Ecclesia,</strong></span> <span class='ocrx_word' id='word_1_77' title='bbox 1131 1531 1294 1605; x_wconf 88' lang='lat' dir='ltr'><strong>cujus</strong></span> <span class='ocrx_word' id='word_1_78' title='bbox 1319 1539 1408 1588; x_wconf 87' lang='lat' dir='ltr'><strong>est</strong></span> <span class='ocrx_word' id='word_1_79' title='bbox 1444 1529 1703 1606; x_wconf 86' lang='lat' dir='ltr'><strong>judicare</strong></span> <span class='ocrx_word' id='word_1_80' title='bbox 1732 1531 1801 1587; x_wconf 91' lang='lat' dir='ltr'><strong>de</strong></span> <span class='ocrx_word' id='word_1_81' title='bbox 1828 1549 1965 1587; x_wconf 86' lang='lat' dir='ltr'><strong>vero</strong></span> <span class='ocrx_word' id='word_1_82' title='bbox 1990 1549 2184 1600; x_wconf 87' lang='lat' dir='ltr'><strong>sensu,</strong></span> <span class='ocrx_word' id='word_1_83' title='bbox 2213 1544 2270 1588; x_wconf 91' lang='lat' dir='ltr'><strong>et</strong></span> <span class='ocrx_word' id='word_1_84' title='bbox 2293 1534 2564 1610; x_wconf 90' lang='lat' dir='ltr'><strong>interpre-</strong></span> 
     </span>
     <span class='ocr_line' id='line_1_11' title="bbox 381 1627 2567 1706; baseline 0.002 -22"><span class='ocrx_word' id='word_1_85' title='bbox 381 1629 594 1686; x_wconf 85' lang='lat' dir='ltr'><strong>tatione</strong></span> <span class='ocrx_word' id='word_1_86' title='bbox 623 1647 907 1686; x_wconf 88' lang='lat' dir='ltr'><strong>sacrarum</strong></span> <span class='ocrx_word' id='word_1_87' title='bbox 941 1629 1382 1705; x_wconf 73' lang='lat' dir='ltr'><strong>scripturarum,</strong></span> <span class='ocrx_word' id='word_1_88' title='bbox 1403 1627 1659 1695; x_wconf 86' lang='lat' dir='ltr'><strong>admitt0,</strong></span> <span class='ocrx_word' id='word_1_89' title='bbox 1677 1647 1783 1686; x_wconf 91' lang='lat' dir='ltr'><strong>nec</strong></span> <span class='ocrx_word' id='word_1_90' title='bbox 1808 1647 1933 1686; x_wconf 85' lang='lat' dir='ltr'><strong>eam</strong></span> <span class='ocrx_word' id='word_1_91' title='bbox 1960 1648 2249 1702; x_wconf 89' lang='lat' dir='ltr'><strong>umquam,</strong></span> <span class='ocrx_word' id='word_1_92' title='bbox 2268 1631 2379 1688; x_wconf 88' lang='lat' dir='ltr'><strong>nisi</strong></span> <span class='ocrx_word' id='word_1_93' title='bbox 2398 1632 2567 1706; x_wconf 81' lang='lat' dir='ltr'><strong>juxta</strong></span> 
     </span>
     <span class='ocr_line' id='line_1_12' title="bbox 377 1722 2565 1802; baseline 0 -17"><span class='ocrx_word' id='word_1_94' title='bbox 377 1729 711 1786; x_wconf 75' lang='lat' dir='ltr'><strong>unanimem</strong></span> <span class='ocrx_word' id='word_1_95' title='bbox 741 1745 1088 1786; x_wconf 89' lang='lat' dir='ltr'><strong>consensum</strong></span> <span class='ocrx_word' id='word_1_96' title='bbox 1115 1727 1349 1784; x_wconf 88' lang='lat' dir='ltr'><strong>Patrum</strong></span> <span class='ocrx_word' id='word_1_97' title='bbox 1378 1726 1655 1801; x_wconf 81' lang='lat' dir='ltr'><strong>accipiam</strong></span> <span class='ocrx_word' id='word_1_98' title='bbox 1684 1738 1743 1786; x_wconf 90' lang='lat' dir='ltr'><strong>et</strong></span> <span class='ocrx_word' id='word_1_99' title='bbox 1776 1722 2202 1802; x_wconf 83' lang='lat' dir='ltr'><strong>interpretabor.</strong></span> <span class='ocrx_word' id='word_1_100' title='bbox 2286 1728 2565 1786; x_wconf 87' lang='lat' dir='ltr'><strong>Profiteor</strong></span> 
     </span>
     <span class='ocr_line' id='line_1_13' title="bbox 381 1826 2564 1904; baseline 0.001 -22"><span class='ocrx_word' id='word_1_101' title='bbox 381 1843 614 1898; x_wconf 87' lang='lat' dir='ltr'><strong>quoque</strong></span> <span class='ocrx_word' id='word_1_102' title='bbox 642 1836 864 1904; x_wconf 85' lang='lat' dir='ltr'><strong>septem</strong></span> <span class='ocrx_word' id='word_1_103' title='bbox 892 1845 1020 1884; x_wconf 86' lang='lat' dir='ltr'><strong>esse</strong></span> <span class='ocrx_word' id='word_1_104' title='bbox 1047 1844 1180 1883; x_wconf 88' lang='lat' dir='ltr'><strong>vere</strong></span> <span class='ocrx_word' id='word_1_105' title='bbox 1207 1835 1263 1882; x_wconf 90' lang='lat' dir='ltr'><strong>et</strong></span> <span class='ocrx_word' id='word_1_106' title='bbox 1299 1827 1528 1903; x_wconf 88' lang='lat' dir='ltr'><strong>proprie</strong></span> <span class='ocrx_word' id='word_1_107' title='bbox 1576 1835 1925 1885; x_wconf 87' lang='lat' dir='ltr'><strong>sacramenta</strong></span> <span class='ocrx_word' id='word_1_108' title='bbox 1963 1844 2124 1884; x_wconf 79' lang='lat' dir='ltr'><strong>novae</strong></span> <span class='ocrx_word' id='word_1_109' title='bbox 2164 1827 2307 1903; x_wconf 86' lang='lat' dir='ltr'><strong>legis</strong></span> <span class='ocrx_word' id='word_1_110' title='bbox 2348 1846 2382 1883; x_wconf 91' lang='lat' dir='ltr'><strong>a</strong></span> <span class='ocrx_word' id='word_1_111' title='bbox 2420 1826 2564 1884; x_wconf 85' lang='lat' dir='ltr'><strong>Jesu</strong></span> 
     </span>
     <span class='ocr_line' id='line_1_14' title="bbox 381 1923 2563 2002; baseline 0.001 -22"><span class='ocrx_word' id='word_1_112' title='bbox 381 1923 620 1981; x_wconf 89' lang='lat' dir='ltr'><strong>Christo</strong></span> <span class='ocrx_word' id='word_1_113' title='bbox 649 1925 906 1984; x_wconf 89' lang='lat' dir='ltr'><strong>Domino</strong></span> <span class='ocrx_word' id='word_1_114' title='bbox 931 1935 1128 1984; x_wconf 90' lang='lat' dir='ltr'><strong>nostro</strong></span> <span class='ocrx_word' id='word_1_115' title='bbox 1156 1926 1428 1994; x_wconf 84' lang='lat' dir='ltr'><strong>instituta,</strong></span> <span class='ocrx_word' id='word_1_116' title='bbox 1459 1933 1627 1998; x_wconf 89' lang='lat' dir='ltr'><strong>atque</strong></span> <span class='ocrx_word' id='word_1_117' title='bbox 1674 1925 1743 1984; x_wconf 92' lang='lat' dir='ltr'><strong>ad</strong></span> <span class='ocrx_word' id='word_1_118' title='bbox 1781 1925 2022 1983; x_wconf 87' lang='lat' dir='ltr'><strong>salutem</strong></span> <span class='ocrx_word' id='word_1_119' title='bbox 2050 1925 2291 1986; x_wconf 89' lang='lat' dir='ltr'><strong>humani</strong></span> <span class='ocrx_word' id='word_1_120' title='bbox 2317 1925 2563 2002; x_wconf 85' lang='lat' dir='ltr'><strong>generis,</strong></span> 
     </span>
     <span class='ocr_line' id='line_1_15' title="bbox 377 2024 2569 2101; baseline 0 -20"><span class='ocrx_word' id='word_1_121' title='bbox 377 2024 515 2081; x_wconf 86' lang='lat' dir='ltr'><strong>licet</strong></span> <span class='ocrx_word' id='word_1_122' title='bbox 542 2041 661 2081; x_wconf 90' lang='lat' dir='ltr'><strong>non</strong></span> <span class='ocrx_word' id='word_1_123' title='bbox 699 2026 894 2082; x_wconf 90' lang='lat' dir='ltr'><strong>omnia</strong></span> <span class='ocrx_word' id='word_1_124' title='bbox 937 2025 1178 2100; x_wconf 86' lang='lat' dir='ltr'><strong>singulis</strong></span> <span class='ocrx_word' id='word_1_125' title='bbox 1224 2025 1565 2091; x_wconf 83' lang='lat' dir='ltr'><strong>necessaria,</strong></span> <span class='ocrx_word' id='word_1_126' title='bbox 1608 2026 1828 2084; x_wconf 89' lang='lat' dir='ltr'><strong>scilicet</strong></span> <span class='ocrx_word' id='word_1_127' title='bbox 1866 2026 2229 2101; x_wconf 86' lang='lat' dir='ltr'><strong>baptismum,</strong></span> <span class='ocrx_word' id='word_1_128' title='bbox 2272 2024 2569 2083; x_wconf 79' lang='lat' dir='ltr'><strong>confirma-</strong></span> 
     </span>
     <span class='ocr_line' id='line_1_16' title="bbox 379 2123 2561 2197; baseline 0 -17"><span class='ocrx_word' id='word_1_129' title='bbox 379 2123 620 2190; x_wconf 87' lang='lat' dir='ltr'><strong>tionem,</strong></span> <span class='ocrx_word' id='word_1_130' title='bbox 649 2123 1072 2189; x_wconf 86' lang='lat' dir='ltr'><strong>eucharistiam,</strong></span> <span class='ocrx_word' id='word_1_131' title='bbox 1101 2123 1516 2197; x_wconf 83' lang='lat' dir='ltr'><strong>poenitentiam,</strong></span> <span class='ocrx_word' id='word_1_132' title='bbox 1547 2132 1859 2180; x_wconf 83' lang='lat' dir='ltr'><strong>extremam</strong></span> <span class='ocrx_word' id='word_1_133' title='bbox 1898 2125 2247 2192; x_wconf 88' lang='lat' dir='ltr'><strong>unctionem,</strong></span> <span class='ocrx_word' id='word_1_134' title='bbox 2282 2123 2561 2189; x_wconf 89' lang='lat' dir='ltr'><strong>ordinem,</strong></span> 
     </span>
     <span class='ocr_line' id='line_1_17' title="bbox 379 2219 2567 2297; baseline 0 -20"><span class='ocrx_word' id='word_1_135' title='bbox 379 2230 440 2277; x_wconf 89' lang='lat' dir='ltr'><strong>et</strong></span> <span class='ocrx_word' id='word_1_136' title='bbox 463 2222 912 2287; x_wconf 85' lang='lat' dir='ltr'><strong>matrimonium,</strong></span> <span class='ocrx_word' id='word_1_137' title='bbox 940 2221 1148 2292; x_wconf 89' lang='lat' dir='ltr'><strong>illaque</strong></span> <span class='ocrx_word' id='word_1_138' title='bbox 1175 2222 1410 2296; x_wconf 78' lang='lat' dir='ltr'><strong>gratiam</strong></span> <span class='ocrx_word' id='word_1_139' title='bbox 1437 2219 1714 2289; x_wconf 84' lang='lat' dir='ltr'><strong>conferre,</strong></span> <span class='ocrx_word' id='word_1_140' title='bbox 1743 2232 1800 2278; x_wconf 90' lang='lat' dir='ltr'><strong>et</strong></span> <span class='ocrx_word' id='word_1_141' title='bbox 1824 2239 1899 2278; x_wconf 80' lang='lat' dir='ltr'><strong>ex</strong></span> <span class='ocrx_word' id='word_1_142' title='bbox 1920 2221 2011 2279; x_wconf 89' lang='lat' dir='ltr'><strong>his</strong></span> <span class='ocrx_word' id='word_1_143' title='bbox 2038 2223 2403 2297; x_wconf 88' lang='lat' dir='ltr'><strong>baptismum,</strong></span> <span class='ocrx_word' id='word_1_144' title='bbox 2432 2239 2567 2279; x_wconf 89' lang='lat' dir='ltr'><strong>con·</strong></span> 
     </span>
     <span class='ocr_line' id='line_1_18' title="bbox 379 2318 2565 2397; baseline 0 -22"><span class='ocrx_word' id='word_1_145' title='bbox 379 2319 784 2386; x_wconf 88' lang='lat' dir='ltr'><strong>firmationem,</strong></span> <span class='ocrx_word' id='word_1_146' title='bbox 807 2327 864 2376; x_wconf 90' lang='lat' dir='ltr'><strong>et</strong></span> <span class='ocrx_word' id='word_1_147' title='bbox 887 2318 1142 2377; x_wconf 85' lang='lat' dir='ltr'><strong>ordinem</strong></span> <span class='ocrx_word' id='word_1_148' title='bbox 1170 2319 1295 2379; x_wconf 84' lang='lat' dir='ltr'><strong>sine</strong></span> <span class='ocrx_word' id='word_1_149' title='bbox 1321 2319 1619 2395; x_wconf 85' lang='lat' dir='ltr'><strong>sacrilegio</strong></span> <span class='ocrx_word' id='word_1_150' title='bbox 1636 2321 1887 2378; x_wconf 86' lang='lat' dir='ltr'><strong>reiterari</strong></span> <span class='ocrx_word' id='word_1_151' title='bbox 1906 2339 2023 2378; x_wconf 86' lang='lat' dir='ltr'><strong>non</strong></span> <span class='ocrx_word' id='word_1_152' title='bbox 2041 2339 2233 2396; x_wconf 87' lang='lat' dir='ltr'><strong>posse.</strong></span> <span class='ocrx_word' id='word_1_153' title='bbox 2266 2319 2565 2397; x_wconf 84' lang='lat' dir='ltr'><strong>Receptos</strong></span> 
     </span>
     <span class='ocr_line' id='line_1_19' title="bbox 384 2417 2568 2495; baseline 0.001 -21"><span class='ocrx_word' id='word_1_154' title='bbox 384 2435 639 2489; x_wconf 89' lang='lat' dir='ltr'><strong>quoque,</strong></span> <span class='ocrx_word' id='word_1_155' title='bbox 659 2429 716 2474; x_wconf 91' lang='lat' dir='ltr'><strong>et</strong></span> <span class='ocrx_word' id='word_1_156' title='bbox 731 2418 1068 2494; x_wconf 87' lang='lat' dir='ltr'><strong>approbatos</strong></span> <span class='ocrx_word' id='word_1_157' title='bbox 1085 2417 1361 2476; x_wconf 69' lang='lat' dir='ltr'><strong>Ecclesiae</strong></span> <span class='ocrx_word' id='word_1_158' title='bbox 1383 2417 1699 2476; x_wconf 83' lang='lat' dir='ltr'><strong>Catholicae</strong></span> <span class='ocrx_word' id='word_1_159' title='bbox 1716 2419 1875 2486; x_wconf 76' lang='lat' dir='ltr'><strong>rituS,</strong></span> <span class='ocrx_word' id='word_1_160' title='bbox 1898 2420 1957 2476; x_wconf 89' lang='lat' dir='ltr'><strong>in</strong></span> <span class='ocrx_word' id='word_1_161' title='bbox 1976 2419 2429 2495; x_wconf 75' lang='lat' dir='ltr'><strong>supradictorum</strong></span> <span class='ocrx_word' id='word_1_162' title='bbox 2446 2438 2568 2478; x_wconf 89' lang='lat' dir='ltr'><strong>om·</strong></span> 
     </span>
     <span class='ocr_line' id='line_1_20' title="bbox 385 2516 2567 2590; baseline 0.001 -18"><span class='ocrx_word' id='word_1_163' title='bbox 385 2519 548 2574; x_wconf 86' lang='lat' dir='ltr'><strong>nium</strong></span> <span class='ocrx_word' id='word_1_164' title='bbox 564 2527 1044 2575; x_wconf 86' lang='lat' dir='ltr'><strong>sacramentorum</strong></span> <span class='ocrx_word' id='word_1_165' title='bbox 1060 2516 1305 2574; x_wconf 87' lang='lat' dir='ltr'><strong>solemni</strong></span> <span class='ocrx_word' id='word_1_166' title='bbox 1324 2516 1807 2574; x_wconf 82' lang='lat' dir='ltr'><strong>administratione</strong></span> <span class='ocrx_word' id='word_1_167' title='bbox 1821 2517 2061 2590; x_wconf 87' lang='lat' dir='ltr'><strong>recipio,</strong></span> <span class='ocrx_word' id='word_1_168' title='bbox 2080 2528 2135 2574; x_wconf 89' lang='lat' dir='ltr'><strong>et</strong></span> <span class='ocrx_word' id='word_1_169' title='bbox 2148 2517 2397 2575; x_wconf 72' lang='lat' dir='ltr'><strong>admitto,</strong></span> <span class='ocrx_word' id='word_1_170' title='bbox 2426 2517 2567 2575; x_wconf 85' lang='lat' dir='ltr'><strong>Om-</strong></span> 
     </span>
     <span class='ocr_line' id='line_1_21' title="bbox 383 2614 2569 2692; baseline -0.001 -18"><span class='ocrx_word' id='word_1_171' title='bbox 383 2616 502 2683; x_wconf 86' lang='lat' dir='ltr'><strong>nia,</strong></span> <span class='ocrx_word' id='word_1_172' title='bbox 520 2626 580 2672; x_wconf 89' lang='lat' dir='ltr'><strong>et</strong></span> <span class='ocrx_word' id='word_1_173' title='bbox 604 2615 847 2692; x_wconf 88' lang='lat' dir='ltr'><strong>singula,</strong></span> <span class='ocrx_word' id='word_1_174' title='bbox 875 2633 1002 2687; x_wconf 87' lang='lat' dir='ltr'><strong>quae</strong></span> <span class='ocrx_word' id='word_1_175' title='bbox 1031 2615 1102 2671; x_wconf 90' lang='lat' dir='ltr'><strong>de</strong></span> <span class='ocrx_word' id='word_1_176' title='bbox 1123 2625 1355 2692; x_wconf 89' lang='lat' dir='ltr'><strong>peccato</strong></span> <span class='ocrx_word' id='word_1_177' title='bbox 1375 2616 1657 2690; x_wconf 79' lang='lat' dir='ltr'><strong>originali,</strong></span> <span class='ocrx_word' id='word_1_178' title='bbox 1686 2625 1743 2672; x_wconf 88' lang='lat' dir='ltr'><strong>et</strong></span> <span class='ocrx_word' id='word_1_179' title='bbox 1766 2615 1838 2672; x_wconf 88' lang='lat' dir='ltr'><strong>de</strong></span> <span class='ocrx_word' id='word_1_180' title='bbox 1858 2614 2263 2690; x_wconf 85' lang='lat' dir='ltr'><strong>justificatione</strong></span> <span class='ocrx_word' id='word_1_181' title='bbox 2290 2616 2348 2671; x_wconf 92' lang='lat' dir='ltr'><strong>in</strong></span> <span class='ocrx_word' id='word_1_182' title='bbox 2370 2615 2569 2672; x_wconf 87' lang='lat' dir='ltr'><strong>Sacro·</strong></span> 
     </span>
     <span class='ocr_line' id='line_1_22' title="bbox 383 2713 2565 2789; baseline -0.002 -17"><span class='ocrx_word' id='word_1_183' title='bbox 383 2725 583 2772; x_wconf 84' lang='lat' dir='ltr'><strong>sancta</strong></span> <span class='ocrx_word' id='word_1_184' title='bbox 609 2713 949 2772; x_wconf 88' lang='lat' dir='ltr'><strong>Tridentina</strong></span> <span class='ocrx_word' id='word_1_185' title='bbox 974 2713 1220 2789; x_wconf 84' lang='lat' dir='ltr'><strong>Synodo</strong></span> <span class='ocrx_word' id='word_1_186' title='bbox 1247 2713 1497 2780; x_wconf 83' lang='lat' dir='ltr'><strong>definita,</strong></span> <span class='ocrx_word' id='word_1_187' title='bbox 1527 2722 1585 2770; x_wconf 90' lang='lat' dir='ltr'><strong>et</strong></span> <span class='ocrx_word' id='word_1_188' title='bbox 1610 2714 1885 2770; x_wconf 90' lang='lat' dir='ltr'><strong>declarata</strong></span> <span class='ocrx_word' id='word_1_189' title='bbox 1924 2714 2190 2780; x_wconf 87' lang='lat' dir='ltr'><strong>suerunt;</strong></span> <span class='ocrx_word' id='word_1_190' title='bbox 2232 2713 2565 2788; x_wconf 87' lang='lat' dir='ltr'><strong>amplector,</strong></span> 
     </span>
     <span class='ocr_line' id='line_1_23' title="bbox 382 2811 2569 2890; baseline -0.002 -18"><span class='ocrx_word' id='word_1_191' title='bbox 382 2823 442 2872; x_wconf 90' lang='lat' dir='ltr'><strong>et</strong></span> <span class='ocrx_word' id='word_1_192' title='bbox 465 2814 707 2888; x_wconf 84' lang='lat' dir='ltr'><strong>recipie.</strong></span> <span class='ocrx_word' id='word_1_193' title='bbox 767 2812 1048 2870; x_wconf 89' lang='lat' dir='ltr'><strong>Profiteor</strong></span> <span class='ocrx_word' id='word_1_194' title='bbox 1074 2814 1302 2888; x_wconf 90' lang='lat' dir='ltr'><strong>pariter,</strong></span> <span class='ocrx_word' id='word_1_195' title='bbox 1332 2814 1392 2870; x_wconf 87' lang='lat' dir='ltr'><strong>in</strong></span> <span class='ocrx_word' id='word_1_196' title='bbox 1419 2813 1607 2870; x_wconf 90' lang='lat' dir='ltr'><strong>Missa</strong></span> <span class='ocrx_word' id='word_1_197' title='bbox 1632 2812 1825 2870; x_wconf 84' lang='lat' dir='ltr'><strong>offerri</strong></span> <span class='ocrx_word' id='word_1_198' title='bbox 1850 2811 1980 2870; x_wconf 93' lang='lat' dir='ltr'><strong>Deo</strong></span> <span class='ocrx_word' id='word_1_199' title='bbox 2007 2830 2223 2878; x_wconf 85' lang='lat' dir='ltr'><strong>verum,</strong></span> <span class='ocrx_word' id='word_1_200' title='bbox 2252 2811 2569 2890; x_wconf 87' lang='lat' dir='ltr'><strong>proprium,</strong></span> 
     </span>
     <span class='ocr_line' id='line_1_24' title="bbox 383 2910 2572 2989; baseline 0 -19"><span class='ocrx_word' id='word_1_201' title='bbox 383 2924 446 2970; x_wconf 88' lang='lat' dir='ltr'><strong>et</strong></span> <span class='ocrx_word' id='word_1_202' title='bbox 468 2910 928 2988; x_wconf 87' lang='lat' dir='ltr'><strong>propitiatorium</strong></span> <span class='ocrx_word' id='word_1_203' title='bbox 955 2911 1315 2980; x_wconf 87' lang='lat' dir='ltr'><strong>sacrificium,</strong></span> <span class='ocrx_word' id='word_1_204' title='bbox 1360 2931 1464 2989; x_wconf 89' lang='lat' dir='ltr'><strong>pro</strong></span> <span class='ocrx_word' id='word_1_205' title='bbox 1506 2911 1676 2981; x_wconf 75' lang='lat' dir='ltr'><strong>vivia,</strong></span> <span class='ocrx_word' id='word_1_206' title='bbox 1718 2918 1775 2980; x_wconf 76' lang='lat' dir='ltr'><strong>et</strong></span> <span class='ocrx_word' id='word_1_207' title='bbox 1799 2910 2099 2980; x_wconf 83' lang='lat' dir='ltr'><strong>defunctis,</strong></span> <span class='ocrx_word' id='word_1_208' title='bbox 2130 2923 2297 2985; x_wconf 86' lang='lat' dir='ltr'><strong>atque</strong></span> <span class='ocrx_word' id='word_1_209' title='bbox 2322 2910 2383 2971; x_wconf 91' lang='lat' dir='ltr'><strong>in</strong></span> <span class='ocrx_word' id='word_1_210' title='bbox 2411 2924 2572 2970; x_wconf 60' lang='lat' dir='ltr'><strong>san&amp;-</strong></span> 
     </span>
     <span class='ocr_line' id='line_1_25' title="bbox 386 3011 2575 3079; baseline 0.001 -11"><span class='ocrx_word' id='word_1_211' title='bbox 386 3012 614 3069; x_wconf 87' lang='lat' dir='ltr'><strong>tissimo</strong></span> <span class='ocrx_word' id='word_1_212' title='bbox 641 3011 998 3069; x_wconf 80' lang='lat' dir='ltr'><strong>eucharistiae</strong></span> <span class='ocrx_word' id='word_1_213' title='bbox 1025 3020 1381 3068; x_wconf 88' lang='lat' dir='ltr'><strong>sacramento</strong></span> <span class='ocrx_word' id='word_1_214' title='bbox 1427 3030 1556 3068; x_wconf 89' lang='lat' dir='ltr'><strong>esse</strong></span> <span class='ocrx_word' id='word_1_215' title='bbox 1603 3030 1755 3079; x_wconf 89' lang='lat' dir='ltr'><strong>vere,</strong></span> <span class='ocrx_word' id='word_1_216' title='bbox 1784 3013 2028 3078; x_wconf 85' lang='lat' dir='ltr'><strong>realiter,</strong></span> <span class='ocrx_word' id='word_1_217' title='bbox 2057 3020 2114 3067; x_wconf 91' lang='lat' dir='ltr'><strong>et</strong></span> <span class='ocrx_word' id='word_1_218' title='bbox 2137 3011 2575 3070; x_wconf 86' lang='lat' dir='ltr'><strong>substantialiter</strong></span> 
     </span>
     <span class='ocr_line' id='line_1_26' title="bbox 386 3109 2572 3187; baseline 0 -19"><span class='ocrx_word' id='word_1_219' title='bbox 386 3128 623 3186; x_wconf 84' lang='lat' dir='ltr'><strong>corpus,</strong></span> <span class='ocrx_word' id='word_1_220' title='bbox 653 3120 710 3166; x_wconf 90' lang='lat' dir='ltr'><strong>et</strong></span> <span class='ocrx_word' id='word_1_221' title='bbox 733 3111 1094 3187; x_wconf 85' lang='lat' dir='ltr'><strong>sanguinem,</strong></span> <span class='ocrx_word' id='word_1_222' title='bbox 1123 3127 1238 3167; x_wconf 88' lang='lat' dir='ltr'><strong>una</strong></span> <span class='ocrx_word' id='word_1_223' title='bbox 1274 3129 1405 3168; x_wconf 89' lang='lat' dir='ltr'><strong>cum</strong></span> <span class='ocrx_word' id='word_1_224' title='bbox 1451 3111 1641 3167; x_wconf 88' lang='lat' dir='ltr'><strong>anima</strong></span> <span class='ocrx_word' id='word_1_225' title='bbox 1684 3119 1741 3167; x_wconf 91' lang='lat' dir='ltr'><strong>et</strong></span> <span class='ocrx_word' id='word_1_226' title='bbox 1774 3109 2067 3168; x_wconf 87' lang='lat' dir='ltr'><strong>divinitate</strong></span> <span class='ocrx_word' id='word_1_227' title='bbox 2112 3110 2351 3168; x_wconf 89' lang='lat' dir='ltr'><strong>Domini</strong></span> <span class='ocrx_word' id='word_1_228' title='bbox 2394 3111 2572 3169; x_wconf 87' lang='lat' dir='ltr'><strong>nostri</strong></span> 
     </span>
     <span class='ocr_line' id='line_1_27' title="bbox 384 3201 2574 3286; baseline -0 -19"><span class='ocrx_word' id='word_1_229' title='bbox 384 3209 422 3267; x_wconf 87' lang='lat' dir='ltr'>J</span> <span class='ocrx_word' id='word_1_230' title='bbox 427 3227 532 3265; x_wconf 88' lang='lat' dir='ltr'><strong>esu</strong></span> <span class='ocrx_word' id='word_1_231' title='bbox 587 3207 828 3276; x_wconf 86' lang='lat' dir='ltr'><strong>Christi,</strong></span> <span class='ocrx_word' id='word_1_232' title='bbox 899 3208 1138 3280; x_wconf 88' lang='lat' dir='ltr'><strong>fierique</strong></span> <span class='ocrx_word' id='word_1_233' title='bbox 1184 3201 1625 3268; x_wconf 71' lang='lat' dir='ltr'><strong>&#39;conversionem</strong></span> <span class='ocrx_word' id='word_1_234' title='bbox 1677 3210 1847 3266; x_wconf 86' lang='lat' dir='ltr'><strong>totius</strong></span> <span class='ocrx_word' id='word_1_235' title='bbox 1912 3211 2237 3268; x_wconf 84' lang='lat' dir='ltr'><strong>substantiae</strong></span> <span class='ocrx_word' id='word_1_236' title='bbox 2294 3210 2459 3286; x_wconf 88' lang='lat' dir='ltr'><strong>panis</strong></span> <span class='ocrx_word' id='word_1_237' title='bbox 2512 3211 2574 3268; x_wconf 90' lang='lat' dir='ltr'><strong>in</strong></span> 
     </span>
     <span class='ocr_line' id='line_1_28' title="bbox 387 3308 2570 3384; baseline 0 -20"><span class='ocrx_word' id='word_1_238' title='bbox 387 3325 623 3383; x_wconf 88' lang='lat' dir='ltr'><strong>corpus,</strong></span> <span class='ocrx_word' id='word_1_239' title='bbox 677 3316 736 3362; x_wconf 90' lang='lat' dir='ltr'><strong>et</strong></span> <span class='ocrx_word' id='word_1_240' title='bbox 783 3308 954 3364; x_wconf 86' lang='lat' dir='ltr'><strong>totius</strong></span> <span class='ocrx_word' id='word_1_241' title='bbox 1007 3308 1332 3372; x_wconf 76' lang='lat' dir='ltr'><strong>substantiae</strong></span> <span class='ocrx_word' id='word_1_242' title='bbox 1383 3309 1504 3366; x_wconf 84' lang='lat' dir='ltr'><strong>vini</strong></span> <span class='ocrx_word' id='word_1_243' title='bbox 1553 3310 1615 3366; x_wconf 85' lang='lat' dir='ltr'><strong>in</strong></span> <span class='ocrx_word' id='word_1_244' title='bbox 1668 3310 2041 3384; x_wconf 81' lang='lat' dir='ltr'><strong>sanguinem3</strong></span> <span class='ocrx_word' id='word_1_245' title='bbox 2108 3328 2280 3381; x_wconf 88' lang='lat' dir='ltr'><strong>quam</strong></span> <span class='ocrx_word' id='word_1_246' title='bbox 2334 3327 2570 3368; x_wconf 86' lang='lat' dir='ltr'><strong>conver-</strong></span> 
     </span>
     <span class='ocr_line' id='line_1_29' title="bbox 391 3403 2569 3482; baseline 0.001 -22"><span class='ocrx_word' id='word_1_247' title='bbox 391 3407 620 3464; x_wconf 82' lang='lat' dir='ltr'><strong>sionem</strong></span> <span class='ocrx_word' id='word_1_248' title='bbox 677 3403 978 3463; x_wconf 85' lang='lat' dir='ltr'><strong>Catholica</strong></span> <span class='ocrx_word' id='word_1_249' title='bbox 1045 3406 1314 3465; x_wconf 85' lang='lat' dir='ltr'><strong>Ecclesia</strong></span> <span class='ocrx_word' id='word_1_250' title='bbox 1366 3407 2049 3465; x_wconf 86' lang='lat' dir='ltr'><strong>Transubstantiationem</strong></span> <span class='ocrx_word' id='word_1_251' title='bbox 2090 3407 2353 3482; x_wconf 86' lang='lat' dir='ltr'><strong>appellat.</strong></span> <span class='ocrx_word' id='word_1_252' title='bbox 2460 3407 2569 3464; x_wconf 84' lang='lat' dir='ltr'><strong>Fa—</strong></span> 
     </span>
     <span class='ocr_line' id='line_1_30' title="bbox 392 3503 2575 3580; baseline -0.001 -18"><span class='ocrx_word' id='word_1_253' title='bbox 392 3515 517 3564; x_wconf 86' lang='lat' dir='ltr'><strong>teor</strong></span> <span class='ocrx_word' id='word_1_254' title='bbox 581 3504 754 3562; x_wconf 83' lang='lat' dir='ltr'><strong>etiam</strong></span> <span class='ocrx_word' id='word_1_255' title='bbox 819 3506 924 3562; x_wconf 88' lang='lat' dir='ltr'><strong>sub</strong></span> <span class='ocrx_word' id='word_1_256' title='bbox 997 3505 1170 3562; x_wconf 85' lang='lat' dir='ltr'><strong>altera</strong></span> <span class='ocrx_word' id='word_1_257' title='bbox 1233 3513 1448 3563; x_wconf 88' lang='lat' dir='ltr'><strong>tantum</strong></span> <span class='ocrx_word' id='word_1_258' title='bbox 1513 3505 1727 3580; x_wconf 84' lang='lat' dir='ltr'><strong>specie,</strong></span> <span class='ocrx_word' id='word_1_259' title='bbox 1794 3513 1993 3569; x_wconf 87' lang='lat' dir='ltr'><strong>totum,</strong></span> <span class='ocrx_word' id='word_1_260' title='bbox 2060 3513 2229 3575; x_wconf 89' lang='lat' dir='ltr'><strong>atque</strong></span> <span class='ocrx_word' id='word_1_261' title='bbox 2294 3503 2575 3578; x_wconf 78' lang='lat' dir='ltr'><strong>integrum</strong></span> 
     </span>
     <span class='ocr_line' id='line_1_31' title="bbox 388 3600 2631 3676; baseline -0.001 -16"><span class='ocrx_word' id='word_1_262' title='bbox 388 3602 714 3671; x_wconf 85' lang='lat' dir='ltr'><strong>Christum,</strong></span> <span class='ocrx_word' id='word_1_263' title='bbox 771 3621 1086 3676; x_wconf 86' lang='lat' dir='ltr'><strong>verumque</strong></span> <span class='ocrx_word' id='word_1_264' title='bbox 1126 3613 1548 3662; x_wconf 87' lang='lat' dir='ltr'><strong>sacramentum</strong></span> <span class='ocrx_word' id='word_1_265' title='bbox 1588 3603 1758 3659; x_wconf 88' lang='lat' dir='ltr'><strong>sumi.</strong></span> <span class='ocrx_word' id='word_1_266' title='bbox 1845 3600 2189 3659; x_wconf 86' lang='lat' dir='ltr'><strong>Constanter</strong></span> <span class='ocrx_word' id='word_1_267' title='bbox 2228 3609 2393 3658; x_wconf 90' lang='lat' dir='ltr'><strong>teneo</strong></span> <span class='ocrx_word' id='word_1_268' title='bbox 2434 3601 2583 3657; x_wconf 79' lang='lat' dir='ltr'><strong>Pur·</strong></span> <span class='ocrx_word' id='word_1_269' title='bbox 2620 3633 2631 3643; x_wconf 85' lang='lat'><strong>·</strong></span> 
     </span>
     <span class='ocr_line' id='line_1_32' title="bbox 394 3698 2571 3779; baseline -0.002 -19"><span class='ocrx_word' id='word_1_270' title='bbox 394 3703 678 3779; x_wconf 82' lang='lat' dir='ltr'><strong>gatorium</strong></span> <span class='ocrx_word' id='word_1_271' title='bbox 731 3719 881 3770; x_wconf 87' lang='lat' dir='ltr'><strong>esse,</strong></span> <span class='ocrx_word' id='word_1_272' title='bbox 935 3703 1268 3774; x_wconf 88' lang='lat' dir='ltr'><strong>animasque</strong></span> <span class='ocrx_word' id='word_1_273' title='bbox 1296 3703 1375 3760; x_wconf 93' lang='lat' dir='ltr'><strong>ibi</strong></span> <span class='ocrx_word' id='word_1_274' title='bbox 1431 3701 1685 3760; x_wconf 83' lang='lat' dir='ltr'><strong>detentas</strong></span> <span class='ocrx_word' id='word_1_275' title='bbox 1724 3698 1980 3758; x_wconf 88' lang='lat' dir='ltr'><strong>fidelium</strong></span> <span class='ocrx_word' id='word_1_276' title='bbox 2021 3698 2307 3774; x_wconf 87' lang='lat' dir='ltr'><strong>suffragiis</strong></span> <span class='ocrx_word' id='word_1_277' title='bbox 2347 3699 2571 3776; x_wconf 67' lang='lat' dir='ltr'><strong>juvarit</strong></span> 
     </span>
     <span class='ocr_line' id='line_1_33' title="bbox 391 3797 2574 3876; baseline -0.002 -18"><span class='ocrx_word' id='word_1_278' title='bbox 391 3801 654 3858; x_wconf 87' lang='lat' dir='ltr'><strong>similiter</strong></span> <span class='ocrx_word' id='word_1_279' title='bbox 679 3808 735 3856; x_wconf 90' lang='lat' dir='ltr'><strong>et</strong></span> <span class='ocrx_word' id='word_1_280' title='bbox 761 3801 1001 3858; x_wconf 79' lang='lat' dir='ltr'><strong>Sanctus</strong></span> <span class='ocrx_word' id='word_1_281' title='bbox 1027 3821 1146 3859; x_wconf 89' lang='lat' dir='ltr'><strong>una</strong></span> <span class='ocrx_word' id='word_1_282' title='bbox 1187 3821 1318 3861; x_wconf 87' lang='lat' dir='ltr'><strong>cum</strong></span> <span class='ocrx_word' id='word_1_283' title='bbox 1362 3800 1597 3859; x_wconf 86' lang='lat' dir='ltr'><strong>Christo</strong></span> <span class='ocrx_word' id='word_1_284' title='bbox 1639 3807 1961 3876; x_wconf 84' lang='lat' dir='ltr'><strong>regnantes,</strong></span> <span class='ocrx_word' id='word_1_285' title='bbox 1996 3797 2363 3866; x_wconf 87' lang='lat' dir='ltr'><strong>venerandos,</strong></span> <span class='ocrx_word' id='word_1_286' title='bbox 2406 3807 2574 3870; x_wconf 84' lang='lat' dir='ltr'><strong>atque</strong></span> 
     </span>
     <span class='ocr_line' id='line_1_34' title="bbox 390 3895 2574 3972; baseline -0.001 -16"><span class='ocrx_word' id='word_1_287' title='bbox 390 3899 743 3957; x_wconf 84' lang='lat' dir='ltr'><strong>invocandos</strong></span> <span class='ocrx_word' id='word_1_288' title='bbox 770 3917 916 3966; x_wconf 86' lang='lat' dir='ltr'><strong>esse,</strong></span> <span class='ocrx_word' id='word_1_289' title='bbox 947 3917 1161 3972; x_wconf 88' lang='lat' dir='ltr'><strong>eosque</strong></span> <span class='ocrx_word' id='word_1_290' title='bbox 1177 3901 1460 3958; x_wconf 87' lang='lat' dir='ltr'><strong>orationes</strong></span> <span class='ocrx_word' id='word_1_291' title='bbox 1481 3899 1613 3956; x_wconf 91' lang='lat' dir='ltr'><strong>Deo</strong></span> <span class='ocrx_word' id='word_1_292' title='bbox 1629 3915 1733 3972; x_wconf 90' lang='lat' dir='ltr'><strong>pro</strong></span> <span class='ocrx_word' id='word_1_293' title='bbox 1754 3897 1915 3955; x_wconf 88' lang='lat' dir='ltr'><strong>nobis</strong></span> <span class='ocrx_word' id='word_1_294' title='bbox 1937 3895 2161 3965; x_wconf 85' lang='lat' dir='ltr'><strong>offerre,</strong></span> <span class='ocrx_word' id='word_1_295' title='bbox 2182 3905 2349 3968; x_wconf 90' lang='lat' dir='ltr'><strong>atque</strong></span> <span class='ocrx_word' id='word_1_296' title='bbox 2376 3916 2574 3956; x_wconf 87' lang='lat' dir='ltr'><strong>corum</strong></span> 
     </span>
     <span class='ocr_line' id='line_1_35' title="bbox 393 3995 2575 4071; baseline 0 -17"><span class='ocrx_word' id='word_1_297' title='bbox 393 3997 666 4070; x_wconf 84' lang='lat' dir='ltr'><strong>reliquias</strong></span> <span class='ocrx_word' id='word_1_298' title='bbox 693 4015 820 4054; x_wconf 88' lang='lat' dir='ltr'><strong>esse</strong></span> <span class='ocrx_word' id='word_1_299' title='bbox 850 3997 1218 4056; x_wconf 86' lang='lat' dir='ltr'><strong>venerandas.</strong></span> <span class='ocrx_word' id='word_1_300' title='bbox 1299 3998 1657 4056; x_wconf 85' lang='lat' dir='ltr'><strong>Firmissime</strong></span> <span class='ocrx_word' id='word_1_301' title='bbox 1685 4015 1897 4064; x_wconf 88' lang='lat' dir='ltr'><strong>assero,</strong></span> <span class='ocrx_word' id='word_1_302' title='bbox 1926 3996 2203 4071; x_wconf 87' lang='lat' dir='ltr'><strong>imagines</strong></span> <span class='ocrx_word' id='word_1_303' title='bbox 2240 3995 2479 4064; x_wconf 84' lang='lat' dir='ltr'><strong>Christi,</strong></span> <span class='ocrx_word' id='word_1_304' title='bbox 2508 4015 2575 4054; x_wconf 87' lang='lat' dir='ltr'><strong>ac</strong></span> 
     </span>
     <span class='ocr_line' id='line_1_36' title="bbox 395 4094 2579 4174; baseline -0 -22"><span class='ocrx_word' id='word_1_305' title='bbox 395 4094 664 4171; x_wconf 85' lang='lat' dir='ltr'><strong>Deiparae</strong></span> <span class='ocrx_word' id='word_1_306' title='bbox 691 4113 924 4170; x_wconf 86' lang='lat' dir='ltr'><strong>semper</strong></span> <span class='ocrx_word' id='word_1_307' title='bbox 949 4096 1226 4174; x_wconf 85' lang='lat' dir='ltr'><strong>Virginis,</strong></span> <span class='ocrx_word' id='word_1_308' title='bbox 1253 4115 1362 4154; x_wconf 89' lang='lat' dir='ltr'><strong>nec</strong></span> <span class='ocrx_word' id='word_1_309' title='bbox 1387 4115 1502 4155; x_wconf 90' lang='lat' dir='ltr'><strong>non</strong></span> <span class='ocrx_word' id='word_1_310' title='bbox 1544 4096 1782 4154; x_wconf 88' lang='lat' dir='ltr'><strong>aliorum</strong></span> <span class='ocrx_word' id='word_1_311' title='bbox 1820 4095 2159 4154; x_wconf 84' lang='lat' dir='ltr'><strong>Sanctorum</strong></span> <span class='ocrx_word' id='word_1_312' title='bbox 2185 4094 2493 4161; x_wconf 85' lang='lat' dir='ltr'><strong>habendas,</strong></span> <span class='ocrx_word' id='word_1_313' title='bbox 2521 4103 2579 4152; x_wconf 86' lang='lat' dir='ltr'><strong>et</strong></span> 
     </span>
     <span class='ocr_line' id='line_1_37' title="bbox 397 4192 2577 4266; baseline 0 -16"><span class='ocrx_word' id='word_1_314' title='bbox 397 4192 722 4251; x_wconf 86' lang='lat' dir='ltr'><strong>retinendas</strong></span> <span class='ocrx_word' id='word_1_315' title='bbox 751 4211 899 4262; x_wconf 87' lang='lat' dir='ltr'><strong>esse,</strong></span> <span class='ocrx_word' id='word_1_316' title='bbox 928 4203 1097 4266; x_wconf 85' lang='lat' dir='ltr'><strong>atque</strong></span> <span class='ocrx_word' id='word_1_317' title='bbox 1133 4194 1217 4251; x_wconf 86' lang='lat' dir='ltr'><strong>eis</strong></span> <span class='ocrx_word' id='word_1_318' title='bbox 1257 4194 1508 4253; x_wconf 89' lang='lat' dir='ltr'><strong>debitum</strong></span> <span class='ocrx_word' id='word_1_319' title='bbox 1551 4193 1853 4261; x_wconf 89' lang='lat' dir='ltr'><strong>honorem,</strong></span> <span class='ocrx_word' id='word_1_320' title='bbox 1897 4213 1983 4266; x_wconf 42' lang='lat' dir='ltr'><strong>ac,</strong></span> <span class='ocrx_word' id='word_1_321' title='bbox 2007 4195 2427 4251; x_wconf 83' lang='lat' dir='ltr'><strong>venerationem</strong></span> <span class='ocrx_word' id='word_1_322' title='bbox 2472 4193 2577 4250; x_wconf 89' lang='lat' dir='ltr'><strong>im·</strong></span> 
     </span>
     <span class='ocr_line' id='line_1_38' title="bbox 399 4289 2577 4369; baseline -0.001 -21"><span class='ocrx_word' id='word_1_323' title='bbox 399 4290 773 4367; x_wconf 89' lang='lat' dir='ltr'><strong>pertiendam.</strong></span> <span class='ocrx_word' id='word_1_324' title='bbox 856 4292 1339 4368; x_wconf 87' lang='lat' dir='ltr'><strong>Indulgentiarum</strong></span> <span class='ocrx_word' id='word_1_325' title='bbox 1367 4295 1536 4350; x_wconf 90' lang='lat' dir='ltr'><strong>etiam</strong></span> <span class='ocrx_word' id='word_1_326' title='bbox 1575 4301 1933 4369; x_wconf 87' lang='lat' dir='ltr'><strong>potestatem,</strong></span> <span class='ocrx_word' id='word_1_327' title='bbox 1965 4311 1999 4350; x_wconf 90' lang='lat' dir='ltr'><strong>a</strong></span> <span class='ocrx_word' id='word_1_328' title='bbox 2025 4291 2260 4350; x_wconf 89' lang='lat' dir='ltr'><strong>Christo</strong></span> <span class='ocrx_word' id='word_1_329' title='bbox 2286 4293 2348 4348; x_wconf 91' lang='lat' dir='ltr'><strong>in</strong></span> <span class='ocrx_word' id='word_1_330' title='bbox 2372 4289 2577 4348; x_wconf 90' lang='lat' dir='ltr'><strong>Eccle-</strong></span> 
     </span>
     <span class='ocr_line' id='line_1_39' title="bbox 399 4383 2575 4466; baseline -0.001 -22"><span class='ocrx_word' id='word_1_331' title='bbox 399 4391 486 4446; x_wconf 87' lang='lat' dir='ltr'><strong>sia</strong></span> <span class='ocrx_word' id='word_1_332' title='bbox 533 4390 793 4448; x_wconf 81' lang='lat' dir='ltr'><strong>relictam</strong></span> <span class='ocrx_word' id='word_1_333' title='bbox 837 4390 1036 4457; x_wconf 84' lang='lat' dir='ltr'><strong>fuisse,</strong></span> <span class='ocrx_word' id='word_1_334' title='bbox 1080 4391 1414 4463; x_wconf 88' lang='lat' dir='ltr'><strong>illarumque</strong></span> <span class='ocrx_word' id='word_1_335' title='bbox 1457 4411 1628 4450; x_wconf 88' lang='lat' dir='ltr'><strong>usum</strong></span> <span class='ocrx_word' id='word_1_336' title='bbox 1691 4390 2023 4450; x_wconf 86' lang='lat' dir='ltr'><strong>Christiano</strong></span> <span class='ocrx_word' id='word_1_337' title='bbox 2069 4390 2285 4466; x_wconf 92' lang='lat' dir='ltr'><strong>populo</strong></span> <span class='ocrx_word' id='word_1_338' title='bbox 2322 4383 2575 4444; x_wconf 82' lang='lat' dir='ltr'><strong>maxime</strong></span> 
     </span>
     <span class='ocr_line' id='line_1_40' title="bbox 403 4483 2580 4572; baseline 0 -30"><span class='ocrx_word' id='word_1_339' title='bbox 403 4488 702 4546; x_wconf 72' lang='lat' dir='ltr'><strong>salu⁴arem</strong></span> <span class='ocrx_word' id='word_1_340' title='bbox 735 4505 886 4572; x_wconf 78' lang='lat' dir='ltr'><strong>esse,</strong></span> <span class='ocrx_word' id='word_1_341' title='bbox 913 4488 1156 4547; x_wconf 87' lang='lat' dir='ltr'><strong>affirmo.</strong></span> <span class='ocrx_word' id='word_1_342' title='bbox 1239 4489 1510 4547; x_wconf 84' lang='lat' dir='ltr'><strong>Sanctam</strong></span> <span class='ocrx_word' id='word_1_343' title='bbox 1551 4489 1932 4557; x_wconf 85' lang='lat' dir='ltr'><strong>Catholicam,</strong></span> <span class='ocrx_word' id='word_1_344' title='bbox 1961 4498 2019 4546; x_wconf 88' lang='lat' dir='ltr'><strong>et</strong></span> <span class='ocrx_word' id='word_1_345' title='bbox 2042 4485 2435 4564; x_wconf 86' lang='lat' dir='ltr'><strong>Apostolicam</strong></span> <span class='ocrx_word' id='word_1_346' title='bbox 2462 4483 2580 4542; x_wconf 90' lang='lat' dir='ltr'><strong>Ro-</strong></span> 
     </span>
    </p>
   </div>
  </div>
 </body>
</html>
