3117 5217
1126 550 1242 609 DE
1285 550 1803 609 PRUDENTIA.
2520 548 2557 602 ὅ

1249 1023 1534 1085 CAPUT
1576 1026 1655 1083 II.

1207 1231 1286 1271 DE
1327 1230 1696 1271 PRUDENTIA.

430 1391 494 1443 7.
539 1382 800 1447 Quatuor
825 1389 1194 1439 recensentur
1216 1384 1522 1458 praecipuoe
1569 1389 1699 1457 post
1744 1381 2083 1457 religionem
2127 1382 2359 1439 virtutes
2400 1400 2549 1439 mor·

353 1484 497 1548 ales,
530 1478 871 1539 cardinales
918 1479 1100 1548 dictae,
1145 1498 1216 1537 eo
1261 1480 1412 1551 quod
1465 1482 1540 1538 iis
1585 1480 1759 1538 veluti
1810 1480 2135 1538 cardinibus
2180 1482 2384 1539 nitatur
2434 1490 2551 1539 tota

355 1598 588 1639 morum
625 1578 962 1653 disciplina3
1006 1577 1327 1654 prudentia,
1371 1580 1611 1645 scilicet,
1640 1578 1932 1646 fortitude,
1962 1580 2332 1654 temperantia
2356 1586 2413 1635 et
2428 1579 2551 1655 jus·

355 1680 498 1737 titia.
570 1678 662 1736 De
689 1678 973 1752 sapientia
1000 1677 1194 1734 divina
1233 1676 1474 1735 dicitur:
1521 1686 1558 1712 ‘⁶
1582 1678 1943 1735 sobrietatem
1990 1678 2165 1746 enim,
2206 1688 2265 1735 ct
2302 1678 2549 1753 pruden-

357 1780 498 1835 tiam
527 1776 713 1842 docet‚
753 1786 811 1832 et
843 1776 1145 1851 justitiam,
1167 1786 1226 1833 et
1245 1777 1531 1844 virtutem,
1555 1777 1759 1848 quibus
1785 1777 1981 1835 utilius
2032 1776 2179 1833 nihil
2219 1788 2309 1834 est
2351 1776 2411 1833 in
2436 1776 2551 1833 vita

358 1870 791 1934 hominibus.”¹
873 1874 964 1931 De
995 1875 1216 1950 justitia
1251 1876 1514 1951 specialis
1555 1876 1663 1933 erit
1687 1884 1981 1933 tractatus:
2026 1875 2250 1933 interim
2274 1874 2347 1933 de
2386 1882 2551 1933 caete·

359 1977 440 2033 ris
467 1974 839 2032 disseremus.

439 2078 500 2131 8.
543 2070 888 2131 Prudentia
913 2072 1090 2128 virtus
1115 2080 1221 2139 est,
1251 2090 1364 2143 qua
1395 2082 1550 2130 actus
1592 2073 1769 2129 nostri
1810 2073 1871 2129 in
1912 2072 2087 2129 finem
2111 2072 2371 2129 ultimum
2398 2080 2551 2129 recte

360 2173 697 2247 diriguntur,
721 2169 862 2227 adeo
888 2177 952 2225 ut
974 2168 1259 2245 fugiamus
1287 2189 1412 2243 quae
1441 2189 1546 2227 nos
1574 2171 1643 2227 ab
1668 2188 1738 2227 eo
1764 2169 2067 2237 abducunt,
2094 2188 2275 2242 eaque
2302 2189 2390 2228 am
2401 2170 2551 2245 plec-

362 2282 548 2329 tamur
573 2288 699 2341 quae
727 2270 830 2325 fini
869 2278 1210 2343 congruunt.
1294 2269 1405 2326 Est
1443 2268 1759 2326 intellectus
1789 2270 1986 2337 virtus,
2028 2286 2161 2339 qua,
2200 2268 2369 2327 rebus
2406 2269 2551 2327 bene

365 2369 686 2445 perpensis„
715 2386 918 2423 sanum
945 2366 1012 2423 fit
1026 2366 1312 2443 judicium
1341 2367 1410 2423 de
1451 2368 1522 2424 iis
1551 2386 1677 2441 quae
1705 2378 1841 2425 sunt
1864 2364 2141 2425 facienda.
2222 2367 2375 2426 Eam
2398 2386 2553 2425 com·

365 2468 594 2525 mendat
617 2465 936 2542 Apostolus
961 2484 975 2521 ε
1024 2473 1062 2499 “
1081 2466 1288 2523 Estote
1314 2468 1504 2538 itaque
1531 2458 1939 2541 prudentes.”²
2000 2466 2091 2525 Ab
2118 2466 2439 2542 Augustino
2468 2468 2553 2523 sic

365 2566 660 2623 definitur:
708 2572 747 2598 ‘⁴
770 2562 1064 2639 prudentia
1088 2574 1178 2621 est
1203 2565 1453 2639 cognitio
1481 2582 1669 2621 rerum
1710 2564 2155 2639 appetendarum
2182 2574 2241 2621 et
2264 2564 2554 2641 fugienda-

367 2656 589 2723 rum.”³
672 2663 740 2720 In
768 2662 1062 2738 proprium
1087 2665 1304 2720 bonum
1333 2661 1611 2737 dirigitur,
1634 2661 1735 2719 sed
1761 2662 1933 2717 etiam
1960 2680 2091 2718 cum
2120 2662 2377 2718 omnium
2404 2663 2555 2719 utili-

369 2774 496 2830 tate,
524 2781 658 2821 nam
675 2759 939 2837 ‚prudens
969 2762 1210 2833 quisque
1239 2762 1530 2818 communi
1568 2761 1719 2818 bono
1746 2759 1951 2817 studet.
2038 2767 2077 2795 ‘⁴
2099 2759 2205 2817 Ille
2232 2760 2331 2833 qui
2358 2763 2559 2833 quaerit

361 2864 572 2921 bonum
601 2878 908 2917 commune
936 2860 1334 2925 multitudinis,
1369 2879 1442 2917 ex
1485 2860 1862 2932 consequenti
1901 2860 2073 2917 etiam
2114 2860 2315 2931 quaerit
2340 2861 2555 2919 bonum

367 2980 558 3027 suum,
613 2970 845 3034 propter
889 2958 1024 3016 duo.
1110 2958 1308 3015 Primo
1354 2958 1610 3029 quidem,
1658 2960 1793 3030 quia
1841 2958 2054 3016 bonum
2102 2960 2397 3033 proprium
2438 2979 2557 3019 non

367 3068 558 3136 potest
581 3076 710 3115 esse
738 3058 860 3115 sine
887 3058 1038 3114 bono
1077 3057 1366 3113 communi
1406 3057 1497 3114 vel
1536 3056 1785 3123 familiae,
1827 3056 1917 3113 vel
1962 3058 2224 3123 civitatis,
2254 3067 2349 3115 aut
2371 3061 2551 3134 regni.

368 3158 538 3217 Unde
565 3166 623 3214 et
649 3156 911 3213 Valerius
939 3155 1238 3213 Maximus
1279 3154 1416 3212 dicit
1453 3154 1522 3212 de
1568 3156 1811 3226 antiquis
1839 3155 2137 3223 Romanis,
2168 3155 2321 3229 quod
2350 3165 2364 3190 ⁴
2386 3158 2556 3215 male-

367 3260 506 3317 bant,
525 3274 654 3323 esse
684 3272 962 3331 pauperes
991 3256 1051 3311 in
1077 3254 1250 3312 divite
1277 3255 1538 3329 imperiO,
1570 3274 1743 3326 quam
1770 3254 1973 3311 divites
2002 3256 2059 3313 in
2100 3273 2349 3331 paupere
2374 3256 2557 3333 impe·

369 3356 496 3413 ri0.’
585 3352 874 3420 Secund0,
903 3354 1038 3426 quia
1063 3372 1194 3410 cum
1220 3352 1396 3411 homo
1424 3355 1497 3409 sit
1517 3372 1647 3428 pars
1676 3353 1901 3421 domus,
1930 3354 2022 3411 vel
2048 3336 2307 3421 civitatis,
2337 3364 2557 3430 oportet

371 3454 526 3527 quod
552 3451 878 3510 consideret
903 3452 1040 3524 quid
1068 3453 1144 3509 sit
1168 3452 1278 3509 sibi
1315 3452 1526 3509 bonum
1555 3471 1629 3509 ex
1672 3454 1803 3520 hoc,
1834 3452 1988 3526 quod
2016 3462 2106 3509 est
2131 3452 2381 3528 prudens
2407 3454 2559 3511 circa

371 3554 582 3611 bonum
615 3550 1012 3609 multitudinis.
1083 3551 1248 3609 Bona
1273 3553 1428 3609 enim
1458 3552 1759 3627 dispositio
1786 3552 2025 3627 partium
2056 3551 2331 3625 accipitur
2355 3568 2557 3606 secun·

373 3650 504 3709 dum
532 3649 920 3707 habitudinem
950 3648 1020 3705 ad
1047 3658 1222 3707 totum
1247 3669 1262 3705 ε
1308 3652 1460 3721 quia.
1488 3662 1550 3708 ut
1575 3650 1929 3726 Augustinus
1957 3648 2094 3706 dicit
2134 3648 2192 3703 in
2219 3646 2363 3709 libro
2392 3645 2549 3705 Con-

377 3749 684 3806 fessionum
707 3768 722 3805 ι
769 3757 784 3783 ‘
809 3749 1026 3823 Turpis
1053 3758 1142 3804 est
1165 3749 1354 3807 omnis
1383 3769 1514 3825 pars
1541 3768 1649 3806 suo
1672 3749 1772 3804 toti
1792 3765 1910 3803 non
1928 3746 2299 3815 conveniens,
2324 3747 2413 3804 vel
2440 3766 2557 3807 non
2626 3758 2629 3761 ’

382 3841 796 3925 congruens.”⁴
874 3848 1212 3905 Rectoribus
1254 3848 1597 3923 populorum
1639 3845 1885 3903 maxime
1914 3864 2058 3922 opus
2098 3856 2186 3903 est
2224 3846 2553 3923 prudentia3

384 3946 476 4003 sed
501 3957 558 4004 et
581 3944 826 4023 singulis
852 3946 1184 4007 hominibus
1214 3948 1276 4004 in
1303 3946 1633 4018 quotidiano
1657 3945 1783 4003 vitae
1808 3963 1936 4003 usu.

452 4134 530 4197 (1)
568 4132 684 4195 Sap.
708 4131 808 4179 viii.
831 4136 878 4180 8.
1490 4134 1573 4198 (2)
1617 4135 1639 4179 l
1669 4132 1773 4179 Pet,
1797 4132 1860 4179 iv.
1886 4135 1930 4179 7.

452 4220 529 4285 (3)
568 4220 676 4268 Lib.
699 4219 891 4268 lxxxiii.
915 4227 1080 4283 quaest.
1109 4236 1192 4284 qu.
1215 4219 1300 4270 lxi.

457 4306 534 4371 (4)
573 4306 626 4354 S.
649 4306 830 4355 Thom.
853 4309 900 4354 2.
924 4310 972 4355 2.
995 4323 1074 4370 qu.
1097 4307 1230 4357 xlvii.
1253 4314 1338 4355 art.
1371 4320 1420 4354 x.
1489 4306 1576 4357 Ad
1606 4306 1900 4358 secumdum.
1970 4305 2067 4354 Oit.
2105 4307 2234 4369 Aug.
2258 4308 2289 4356 l.
2314 4306 2380 4356 iii.
2409 4305 2556 4355 Conf.

389 4388 537 4438 eviii.

1445 4470 1522 4525 2*
