<?xml version="1.0" encoding="UTF-8"?>
<!DOCTYPE html PUBLIC "-//W3C//DTD XHTML 1.0 Transitional//EN"
    "http://www.w3.org/TR/xhtml1/DTD/xhtml1-transitional.dtd">
<html xmlns="http://www.w3.org/1999/xhtml" xml:lang="en" lang="en">
 <head>
  <title>
</title>
<meta http-equiv="Content-Type" content="text/html;charset=utf-8" />
  <meta name='ocr-system' content='tesseract 3.04.00' />
  <meta name='ocr-capabilities' content='ocr_page ocr_carea ocr_par ocr_line ocrx_word'/>
</head>
<body>
  <div class='ocr_page' id='page_1' title='image "./theologiaemoral00unkngoog_0209.png"; bbox 0 0 3117 5217; ppageno 0'>
   <div class='ocr_carea' id='block_1_1' title="bbox 1227 533 2630 635">
    <p class='ocr_par' dir='ltr' id='par_1_1' title="bbox 1227 533 2630 635">
     <span class='ocr_line' id='line_1_1' title="bbox 1227 533 2630 635; baseline 0.004 -6"><span class='ocrx_word' id='word_1_1' title='bbox 1227 571 1340 629; x_wconf 83' lang='lat' dir='ltr'>DE</span> <span class='ocrx_word' id='word_1_2' title='bbox 1386 572 1856 632; x_wconf 84' lang='lat' dir='ltr'>MONTIBUS.</span> <span class='ocrx_word' id='word_1_3' title='bbox 2314 533 2323 541; x_wconf 67' lang='grc'><strong>’</strong></span> <span class='ocrx_word' id='word_1_4' title='bbox 2517 582 2630 635; x_wconf 84' lang='lat'>195</span> 
     </span>
    </p>
   </div>
   <div class='ocr_carea' id='block_1_2' title="bbox 446 737 2673 2103">
    <p class='ocr_par' dir='ltr' id='par_1_2' title="bbox 446 737 2673 2103">
     <span class='ocr_line' id='line_1_2' title="bbox 453 737 2641 820; baseline 0.006 -29"><span class='ocrx_word' id='word_1_5' title='bbox 453 737 690 811; x_wconf 85' lang='lat' dir='ltr'>accepit,</span> <span class='ocrx_word' id='word_1_6' title='bbox 719 738 1042 796; x_wconf 80' lang='lat' dir='ltr'>satisfacere</span> <span class='ocrx_word' id='word_1_7' title='bbox 1063 741 1387 798; x_wconf 87' lang='lat' dir='ltr'>censendus</span> <span class='ocrx_word' id='word_1_8' title='bbox 1416 761 1532 799; x_wconf 89' lang='lat' dir='ltr'>non</span> <span class='ocrx_word' id='word_1_9' title='bbox 1560 752 1666 810; x_wconf 89' lang='lat' dir='ltr'>est,</span> <span class='ocrx_word' id='word_1_10' title='bbox 1690 744 1739 799; x_wconf 89' lang='lat' dir='ltr'>si</span> <span class='ocrx_word' id='word_1_11' title='bbox 1767 744 2069 820; x_wconf 90' lang='lat' dir='ltr'>pecuniam</span> <span class='ocrx_word' id='word_1_12' title='bbox 2096 746 2231 802; x_wconf 88' lang='lat' dir='ltr'>tanti</span> <span class='ocrx_word' id='word_1_13' title='bbox 2257 746 2537 803; x_wconf 87' lang='lat' dir='ltr'>valentem</span> <span class='ocrx_word' id='word_1_14' title='bbox 2565 765 2641 805; x_wconf 84' lang='lat' dir='ltr'>ex</span> 
     </span>
     <span class='ocr_line' id='line_1_3' title="bbox 446 834 2639 919; baseline 0.006 -30"><span class='ocrx_word' id='word_1_15' title='bbox 446 835 606 910; x_wconf 89' lang='lat' dir='ltr'>regio</span> <span class='ocrx_word' id='word_1_16' title='bbox 633 834 839 905; x_wconf 82' lang='lat' dir='ltr'>edicte,</span> <span class='ocrx_word' id='word_1_17' title='bbox 863 836 964 894; x_wconf 89' lang='lat' dir='ltr'>sed</span> <span class='ocrx_word' id='word_1_18' title='bbox 991 856 1096 914; x_wconf 87' lang='lat' dir='ltr'>per</span> <span class='ocrx_word' id='word_1_19' title='bbox 1119 857 1183 896; x_wconf 88' lang='lat' dir='ltr'>se</span> <span class='ocrx_word' id='word_1_20' title='bbox 1211 840 1561 909; x_wconf 86' lang='lat' dir='ltr'>inferiorem,</span> <span class='ocrx_word' id='word_1_21' title='bbox 1591 840 1789 899; x_wconf 89' lang='lat' dir='ltr'>reddat</span> <span class='ocrx_word' id='word_1_22' title='bbox 1807 862 1822 910; x_wconf 92' lang='lat'>;</span> <span class='ocrx_word' id='word_1_23' title='bbox 1843 843 1941 919; x_wconf 91' lang='lat' dir='ltr'>jus</span> <span class='ocrx_word' id='word_1_24' title='bbox 1972 844 2182 919; x_wconf 89' lang='lat' dir='ltr'>quippe</span> <span class='ocrx_word' id='word_1_25' title='bbox 2201 844 2371 901; x_wconf 89' lang='lat' dir='ltr'>habet</span> <span class='ocrx_word' id='word_1_26' title='bbox 2396 844 2639 903; x_wconf 83' lang='lat' dir='ltr'>creditor</span> 
     </span>
     <span class='ocr_line' id='line_1_4' title="bbox 453 932 2637 1018; baseline 0.005 -29"><span class='ocrx_word' id='word_1_27' title='bbox 453 932 522 989; x_wconf 89' lang='lat' dir='ltr'>ad</span> <span class='ocrx_word' id='word_1_28' title='bbox 563 951 827 991; x_wconf 83' lang='lat' dir='ltr'><strong>nummos</strong></span> <span class='ocrx_word' id='word_1_29' title='bbox 873 935 1068 1009; x_wconf 88' lang='lat' dir='ltr'>quales</span> <span class='ocrx_word' id='word_1_30' title='bbox 1120 938 1277 996; x_wconf 85' lang='lat' dir='ltr'><strong>dedit</strong></span> <span class='ocrx_word' id='word_1_31' title='bbox 1317 940 1715 1016; x_wconf 79' lang='lat' dir='ltr'>accipiendost</span> <span class='ocrx_word' id='word_1_32' title='bbox 1760 961 1892 999; x_wconf 91' lang='lat' dir='ltr'>nam</span> <span class='ocrx_word' id='word_1_33' title='bbox 1943 941 2097 999; x_wconf 88' lang='lat' dir='ltr'>aliud</span> <span class='ocrx_word' id='word_1_34' title='bbox 2133 961 2236 1018; x_wconf 88' lang='lat' dir='ltr'>pro</span> <span class='ocrx_word' id='word_1_35' title='bbox 2277 943 2407 1012; x_wconf 83' lang='lat' dir='ltr'>alic,</span> <span class='ocrx_word' id='word_1_36' title='bbox 2457 944 2637 1001; x_wconf 86' lang='lat' dir='ltr'>invito</span> 
     </span>
     <span class='ocr_line' id='line_1_5' title="bbox 453 1030 2639 1117; baseline 0.006 -31"><span class='ocrx_word' id='word_1_37' title='bbox 453 1030 749 1099; x_wconf 81' lang='lat' dir='ltr'>creditore,</span> <span class='ocrx_word' id='word_1_38' title='bbox 774 1034 919 1092; x_wconf 89' lang='lat' dir='ltr'>solvi</span> <span class='ocrx_word' id='word_1_39' title='bbox 940 1054 1056 1092; x_wconf 89' lang='lat' dir='ltr'>non</span> <span class='ocrx_word' id='word_1_40' title='bbox 1077 1048 1280 1114; x_wconf 85' lang='lat' dir='ltr'>potest.</span> <span class='ocrx_word' id='word_1_41' title='bbox 1367 1038 1523 1096; x_wconf 89' lang='lat' dir='ltr'>Hinc</span> <span class='ocrx_word' id='word_1_42' title='bbox 1543 1041 1988 1116; x_wconf 87' lang='lat' dir='ltr'>jurisconsultus</span> <span class='ocrx_word' id='word_1_43' title='bbox 2030 1050 2069 1076; x_wconf 77' lang='lat'>‘⁸</span> <span class='ocrx_word' id='word_1_44' title='bbox 2091 1041 2307 1099; x_wconf 87' lang='lat' dir='ltr'>Paulus</span> <span class='ocrx_word' id='word_1_45' title='bbox 2329 1042 2639 1117; x_wconf 87' lang='lat' dir='ltr'>respondit,</span> 
     </span>
     <span class='ocr_line' id='line_1_6' title="bbox 455 1128 2640 1216; baseline 0.006 -31"><span class='ocrx_word' id='word_1_46' title='bbox 455 1128 767 1188; x_wconf 78' lang='lat' dir='ltr'>debitorem</span> <span class='ocrx_word' id='word_1_47' title='bbox 797 1150 914 1191; x_wconf 89' lang='lat' dir='ltr'>non</span> <span class='ocrx_word' id='word_1_48' title='bbox 941 1152 1068 1192; x_wconf 90' lang='lat' dir='ltr'>esse</span> <span class='ocrx_word' id='word_1_49' title='bbox 1096 1136 1416 1213; x_wconf 88' lang='lat' dir='ltr'>cogendum</span> <span class='ocrx_word' id='word_1_50' title='bbox 1439 1140 1498 1195; x_wconf 89' lang='lat' dir='ltr'>in</span> <span class='ocrx_word' id='word_1_51' title='bbox 1526 1138 1694 1195; x_wconf 83' lang='lat' dir='ltr'>aliam</span> <span class='ocrx_word' id='word_1_52' title='bbox 1721 1140 1959 1197; x_wconf 85' lang='lat' dir='ltr'>formam</span> <span class='ocrx_word' id='word_1_53' title='bbox 1989 1159 2253 1197; x_wconf 88' lang='lat' dir='ltr'>nummos</span> <span class='ocrx_word' id='word_1_54' title='bbox 2283 1141 2561 1216; x_wconf 86' lang='lat' dir='ltr'>accipere,</span> <span class='ocrx_word' id='word_1_55' title='bbox 2590 1142 2640 1199; x_wconf 88' lang='lat' dir='ltr'>si</span> 
     </span>
     <span class='ocr_line' id='line_1_7' title="bbox 451 1229 2634 1311; baseline 0.006 -27"><span class='ocrx_word' id='word_1_56' title='bbox 451 1246 525 1285; x_wconf 86' lang='lat' dir='ltr'>ex</span> <span class='ocrx_word' id='word_1_57' title='bbox 550 1247 616 1285; x_wconf 89' lang='lat' dir='ltr'>ea</span> <span class='ocrx_word' id='word_1_58' title='bbox 641 1247 703 1285; x_wconf 85' lang='lat' dir='ltr'>re</span> <span class='ocrx_word' id='word_1_59' title='bbox 745 1229 1016 1290; x_wconf 88' lang='lat' dir='ltr'>damnum</span> <span class='ocrx_word' id='word_1_60' title='bbox 1056 1234 1298 1307; x_wconf 69' lang='lat' dir='ltr'>aliquod‘</span> <span class='ocrx_word' id='word_1_61' title='bbox 1323 1254 1597 1311; x_wconf 88' lang='lat' dir='ltr'>passurus</span> <span class='ocrx_word' id='word_1_62' title='bbox 1624 1231 1792 1295; x_wconf 88' lang='lat' dir='ltr'>sit.&#39;’²</span> <span class='ocrx_word' id='word_1_63' title='bbox 1876 1237 2163 1296; x_wconf 84' lang='lat' dir='ltr'>Oaeterum</span> <span class='ocrx_word' id='word_1_64' title='bbox 2206 1241 2252 1296; x_wconf 89' lang='lat' dir='ltr'>si</span> <span class='ocrx_word' id='word_1_65' title='bbox 2282 1238 2352 1296; x_wconf 93' lang='lat' dir='ltr'>de</span> <span class='ocrx_word' id='word_1_66' title='bbox 2393 1249 2634 1297; x_wconf 84' lang='lat' dir='ltr'>monetae</span> 
     </span>
     <span class='ocr_line' id='line_1_8' title="bbox 451 1327 2673 1405; baseline 0.006 -23"><span class='ocrx_word' id='word_1_67' title='bbox 451 1327 644 1403; x_wconf 86' lang='lat' dir='ltr'>specie</span> <span class='ocrx_word' id='word_1_68' title='bbox 670 1327 956 1387; x_wconf 88' lang='lat' dir='ltr'>reddenda</span> <span class='ocrx_word' id='word_1_69' title='bbox 981 1331 1128 1389; x_wconf 88' lang='lat' dir='ltr'>inter</span> <span class='ocrx_word' id='word_1_70' title='bbox 1146 1335 1543 1393; x_wconf 83' lang='lat' dir='ltr'>contrahentes</span> <span class='ocrx_word' id='word_1_71' title='bbox 1572 1338 1921 1404; x_wconf 87' lang='lat' dir='ltr'>convenerit,</span> <span class='ocrx_word' id='word_1_72' title='bbox 1946 1339 2144 1395; x_wconf 90' lang='lat' dir='ltr'>mutati</span> <span class='ocrx_word' id='word_1_73' title='bbox 2163 1338 2370 1395; x_wconf 87' lang='lat' dir='ltr'>valoris</span> <span class='ocrx_word' id='word_1_74' title='bbox 2398 1357 2517 1395; x_wconf 87' lang='lat' dir='ltr'>non</span> <span class='ocrx_word' id='word_1_75' title='bbox 2540 1339 2638 1396; x_wconf 89' lang='lat' dir='ltr'>ha·</span> <span class='ocrx_word' id='word_1_76' title='bbox 2670 1402 2673 1405; x_wconf 15' lang='lat'><strong>⁴</strong></span> 
     </span>
     <span class='ocr_line' id='line_1_9' title="bbox 451 1426 2636 1509; baseline 0.006 -28"><span class='ocrx_word' id='word_1_77' title='bbox 451 1426 617 1483; x_wconf 88' lang='lat' dir='ltr'>betur</span> <span class='ocrx_word' id='word_1_78' title='bbox 642 1427 804 1497; x_wconf 89' lang='lat' dir='ltr'>ratio,</span> <span class='ocrx_word' id='word_1_79' title='bbox 833 1428 935 1486; x_wconf 89' lang='lat' dir='ltr'>sed</span> <span class='ocrx_word' id='word_1_80' title='bbox 961 1432 1182 1489; x_wconf 89' lang='lat' dir='ltr'>nummi</span> <span class='ocrx_word' id='word_1_81' title='bbox 1208 1434 1478 1508; x_wconf 84' lang='lat' dir='ltr'>promissi</span> <span class='ocrx_word' id='word_1_82' title='bbox 1504 1434 1675 1493; x_wconf 90' lang='lat' dir='ltr'>dandi</span> <span class='ocrx_word' id='word_1_83' title='bbox 1702 1446 1851 1503; x_wconf 87' lang='lat' dir='ltr'>sunt,</span> <span class='ocrx_word' id='word_1_84' title='bbox 1881 1435 2156 1509; x_wconf 84' lang='lat' dir='ltr'>quidquid</span> <span class='ocrx_word' id='word_1_85' title='bbox 2196 1437 2271 1493; x_wconf 86' lang='lat' dir='ltr'>sit</span> <span class='ocrx_word' id='word_1_86' title='bbox 2300 1436 2371 1493; x_wconf 89' lang='lat' dir='ltr'>de</span> <span class='ocrx_word' id='word_1_87' title='bbox 2413 1438 2636 1496; x_wconf 86' lang='lat' dir='ltr'>valore:</span> 
     </span>
     <span class='ocr_line' id='line_1_10' title="bbox 453 1525 2641 1611; baseline 0.006 -31"><span class='ocrx_word' id='word_1_88' title='bbox 453 1525 588 1595; x_wconf 89' lang='lat' dir='ltr'>quia</span> <span class='ocrx_word' id='word_1_89' title='bbox 629 1534 668 1560; x_wconf 77' lang='lat'>‘⁶</span> <span class='ocrx_word' id='word_1_90' title='bbox 689 1537 1008 1586; x_wconf 87' lang='lat' dir='ltr'>contractus</span> <span class='ocrx_word' id='word_1_91' title='bbox 1055 1548 1127 1589; x_wconf 87' lang='lat' dir='ltr'>ex</span> <span class='ocrx_word' id='word_1_92' title='bbox 1168 1533 1544 1591; x_wconf 86' lang='lat' dir='ltr'>conventione</span> <span class='ocrx_word' id='word_1_93' title='bbox 1587 1533 1777 1611; x_wconf 88' lang='lat' dir='ltr'>legem</span> <span class='ocrx_word' id='word_1_94' title='bbox 1816 1528 2214 1610; x_wconf 81' lang='lat' dir='ltr'>accipiunt:”²</span> <span class='ocrx_word' id='word_1_95' title='bbox 2293 1534 2532 1600; x_wconf 82' lang='lat' dir='ltr'>Quoties</span> <span class='ocrx_word' id='word_1_96' title='bbox 2570 1535 2641 1593; x_wconf 88' lang='lat' dir='ltr'>de</span> 
     </span>
     <span class='ocr_line' id='line_1_11' title="bbox 453 1627 2636 1713; baseline 0.006 -34"><span class='ocrx_word' id='word_1_97' title='bbox 453 1634 698 1681; x_wconf 84' lang='lat' dir='ltr'>monetae</span> <span class='ocrx_word' id='word_1_98' title='bbox 724 1627 916 1700; x_wconf 85' lang='lat' dir='ltr'>specie</span> <span class='ocrx_word' id='word_1_99' title='bbox 942 1647 1058 1686; x_wconf 89' lang='lat' dir='ltr'>non</span> <span class='ocrx_word' id='word_1_100' title='bbox 1078 1632 1365 1699; x_wconf 86' lang='lat' dir='ltr'>convenit,</span> <span class='ocrx_word' id='word_1_101' title='bbox 1393 1643 1451 1689; x_wconf 88' lang='lat' dir='ltr'>et</span> <span class='ocrx_word' id='word_1_102' title='bbox 1478 1633 1637 1691; x_wconf 86' lang='lat' dir='ltr'>valor</span> <span class='ocrx_word' id='word_1_103' title='bbox 1660 1634 1912 1709; x_wconf 87' lang='lat' dir='ltr'>legitima</span> <span class='ocrx_word' id='word_1_104' title='bbox 1951 1633 2270 1713; x_wconf 75' lang='lat' dir='ltr'>anctoritate</span> <span class='ocrx_word' id='word_1_105' title='bbox 2306 1634 2636 1692; x_wconf 86' lang='lat' dir='ltr'>immutatus</span> 
     </span>
     <span class='ocr_line' id='line_1_12' title="bbox 449 1722 2638 1808; baseline 0.006 -31"><span class='ocrx_word' id='word_1_106' title='bbox 449 1730 556 1789; x_wconf 82' lang='lat' dir='ltr'>est,</span> <span class='ocrx_word' id='word_1_107' title='bbox 588 1722 682 1781; x_wconf 89' lang='lat' dir='ltr'>hic</span> <span class='ocrx_word' id='word_1_108' title='bbox 709 1726 1055 1799; x_wconf 87' lang='lat' dir='ltr'>spectandus</span> <span class='ocrx_word' id='word_1_109' title='bbox 1083 1738 1190 1797; x_wconf 89' lang='lat' dir='ltr'>est,</span> <span class='ocrx_word' id='word_1_110' title='bbox 1218 1731 1339 1787; x_wconf 86' lang='lat' dir='ltr'>sive</span> <span class='ocrx_word' id='word_1_111' title='bbox 1367 1739 1560 1787; x_wconf 89' lang='lat' dir='ltr'>auctus</span> <span class='ocrx_word' id='word_1_112' title='bbox 1586 1734 1664 1789; x_wconf 90' lang='lat' dir='ltr'>sit</span> <span class='ocrx_word' id='word_1_113' title='bbox 1688 1732 1778 1789; x_wconf 86' lang='lat' dir='ltr'>vel</span> <span class='ocrx_word' id='word_1_114' title='bbox 1804 1732 2162 1799; x_wconf 74' lang='lat' dir='ltr'>imminutuS,</span> <span class='ocrx_word' id='word_1_115' title='bbox 2192 1730 2333 1789; x_wconf 90' lang='lat' dir='ltr'>adeo</span> <span class='ocrx_word' id='word_1_116' title='bbox 2369 1742 2431 1789; x_wconf 89' lang='lat' dir='ltr'>ut</span> <span class='ocrx_word' id='word_1_117' title='bbox 2469 1750 2638 1808; x_wconf 87' lang='lat' dir='ltr'>pecu-</span> 
     </span>
     <span class='ocr_line' id='line_1_13' title="bbox 452 1822 2641 1907; baseline 0.005 -30"><span class='ocrx_word' id='word_1_118' title='bbox 452 1822 562 1879; x_wconf 82' lang='lat' dir='ltr'>niae</span> <span class='ocrx_word' id='word_1_119' title='bbox 589 1840 874 1883; x_wconf 89' lang='lat' dir='ltr'>summam</span> <span class='ocrx_word' id='word_1_120' title='bbox 901 1825 1136 1884; x_wconf 88' lang='lat' dir='ltr'>reddere</span> <span class='ocrx_word' id='word_1_121' title='bbox 1163 1827 1365 1885; x_wconf 89' lang='lat' dir='ltr'>debeat</span> <span class='ocrx_word' id='word_1_122' title='bbox 1383 1828 1646 1897; x_wconf 85' lang='lat' dir='ltr'>creditor,</span> <span class='ocrx_word' id='word_1_123' title='bbox 1670 1831 1921 1888; x_wconf 85' lang='lat' dir='ltr'>nummis</span> <span class='ocrx_word' id='word_1_124' title='bbox 1948 1840 2114 1905; x_wconf 86' lang='lat' dir='ltr'>prout</span> <span class='ocrx_word' id='word_1_125' title='bbox 2130 1831 2253 1907; x_wconf 88' lang='lat' dir='ltr'>jam</span> <span class='ocrx_word' id='word_1_126' title='bbox 2274 1831 2463 1892; x_wconf 77' lang='lat' dir='ltr'>valent</span> <span class='ocrx_word' id='word_1_127' title='bbox 2484 1849 2641 1888; x_wconf 88' lang='lat' dir='ltr'>com-</span> 
     </span>
     <span class='ocr_line' id='line_1_14' title="bbox 452 1920 2635 2004; baseline 0.005 -28"><span class='ocrx_word' id='word_1_128' title='bbox 452 1920 659 1995; x_wconf 86' lang='lat' dir='ltr'>putatis</span> <span class='ocrx_word' id='word_1_129' title='bbox 681 1940 696 1977; x_wconf 72' lang='grc' dir='ltr'><strong>ε</strong></span> <span class='ocrx_word' id='word_1_130' title='bbox 726 1939 892 1981; x_wconf 86' lang='lat' dir='ltr'>secus</span> <span class='ocrx_word' id='word_1_131' title='bbox 913 1924 963 1981; x_wconf 91' lang='lat' dir='ltr'>si</span> <span class='ocrx_word' id='word_1_132' title='bbox 986 1933 1024 1961; x_wconf 86' lang='lat'><strong>“</strong></span> <span class='ocrx_word' id='word_1_133' title='bbox 1045 1926 1302 2002; x_wconf 90' lang='lat' dir='ltr'>improba</span> <span class='ocrx_word' id='word_1_134' title='bbox 1321 1926 1721 1987; x_wconf 84' lang='lat' dir='ltr'>foeneratorum</span> <span class='ocrx_word' id='word_1_135' title='bbox 1741 1938 1797 1985; x_wconf 89' lang='lat' dir='ltr'>et</span> <span class='ocrx_word' id='word_1_136' title='bbox 1814 1946 2181 2004; x_wconf 67' lang='lat' dir='ltr'>(sampsorum</span> <span class='ocrx_word' id='word_1_137' title='bbox 2202 1928 2635 1997; x_wconf 86' lang='lat' dir='ltr'>consuetudine,</span> 
     </span>
     <span class='ocr_line' id='line_1_15' title="bbox 457 2019 2637 2103; baseline 0.005 -28"><span class='ocrx_word' id='word_1_138' title='bbox 457 2019 674 2094; x_wconf 88' lang='lat' dir='ltr'>populo</span> <span class='ocrx_word' id='word_1_139' title='bbox 701 2022 920 2095; x_wconf 88' lang='lat' dir='ltr'>reliquo</span> <span class='ocrx_word' id='word_1_140' title='bbox 940 2043 1054 2082; x_wconf 87' lang='lat' dir='ltr'>non</span> <span class='ocrx_word' id='word_1_141' title='bbox 1069 2026 1480 2094; x_wconf 81' lang='lat' dir='ltr'>consentiente,</span> <span class='ocrx_word' id='word_1_142' title='bbox 1496 2027 1599 2085; x_wconf 85' lang='lat' dir='ltr'>sed</span> <span class='ocrx_word' id='word_1_143' title='bbox 1620 2024 2069 2103; x_wconf 83' lang='lat' dir='ltr'>improbante,”³</span> <span class='ocrx_word' id='word_1_144' title='bbox 2094 2028 2249 2085; x_wconf 85' lang='lat' dir='ltr'>valor</span> <span class='ocrx_word' id='word_1_145' title='bbox 2274 2028 2348 2084; x_wconf 88' lang='lat' dir='ltr'>sit</span> <span class='ocrx_word' id='word_1_146' title='bbox 2372 2038 2637 2096; x_wconf 86' lang='lat' dir='ltr'>mutatus,</span> 
     </span>
    </p>
   </div>
   <div class='ocr_carea' id='block_1_3' title="bbox 455 2118 2743 2202">
    <p class='ocr_par' dir='ltr' id='par_1_3' title="bbox 455 2118 2743 2202">
     <span class='ocr_line' id='line_1_16' title="bbox 455 2118 2743 2202; baseline 0.006 -28"><span class='ocrx_word' id='word_1_147' title='bbox 455 2136 586 2176; x_wconf 87' lang='lat' dir='ltr'>nam</span> <span class='ocrx_word' id='word_1_148' title='bbox 625 2118 782 2177; x_wconf 86' lang='lat' dir='ltr'>nulla</span> <span class='ocrx_word' id='word_1_149' title='bbox 820 2132 907 2179; x_wconf 89' lang='lat' dir='ltr'>est</span> <span class='ocrx_word' id='word_1_150' title='bbox 943 2122 1115 2199; x_wconf 89' lang='lat' dir='ltr'>hujus</span> <span class='ocrx_word' id='word_1_151' title='bbox 1154 2125 1294 2181; x_wconf 88' lang='lat' dir='ltr'>ratio</span> <span class='ocrx_word' id='word_1_152' title='bbox 1335 2126 1617 2193; x_wconf 88' lang='lat' dir='ltr'>habenda,</span> <span class='ocrx_word' id='word_1_153' title='bbox 1646 2128 1707 2183; x_wconf 87' lang='lat' dir='ltr'>in</span> <span class='ocrx_word' id='word_1_154' title='bbox 1744 2127 2033 2185; x_wconf 87' lang='lat' dir='ltr'>solvendis</span> <span class='ocrx_word' id='word_1_155' title='bbox 2067 2125 2292 2193; x_wconf 89' lang='lat' dir='ltr'>debitis,</span> <span class='ocrx_word' id='word_1_156' title='bbox 2320 2128 2637 2202; x_wconf 69' lang='lat' dir='ltr'>praesertim</span> <span class='ocrx_word' id='word_1_157' title='bbox 2738 2124 2743 2129; x_wconf 62' lang='grc'><em>’</em></span> 
     </span>
    </p>
   </div>
   <div class='ocr_carea' id='block_1_4' title="bbox 456 2214 2645 3286">
    <p class='ocr_par' dir='ltr' id='par_1_4' title="bbox 461 2214 764 2291">
     <span class='ocr_line' id='line_1_17' title="bbox 461 2214 764 2291; baseline 0.013 -19"><span class='ocrx_word' id='word_1_158' title='bbox 461 2214 764 2291; x_wconf 84' lang='lat' dir='ltr'>antiquis.⁴</span> 
     </span>
    </p>

    <p class='ocr_par' dir='ltr' id='par_1_5' title="bbox 456 2317 2642 2969">
     <span class='ocr_line' id='line_1_18' title="bbox 543 2317 2642 2398; baseline 0.003 -25"><span class='ocrx_word' id='word_1_159' title='bbox 543 2320 675 2375; x_wconf 83' lang='lat'>121.</span> <span class='ocrx_word' id='word_1_160' title='bbox 717 2317 756 2374; x_wconf 89' lang='lat' dir='ltr'><strong>J</strong></span> <span class='ocrx_word' id='word_1_161' title='bbox 759 2338 852 2377; x_wconf 90' lang='lat' dir='ltr'>am</span> <span class='ocrx_word' id='word_1_162' title='bbox 880 2318 1017 2378; x_wconf 72' lang='lat' dir='ltr'>vero</span> <span class='ocrx_word' id='word_1_163' title='bbox 1041 2321 1112 2379; x_wconf 89' lang='lat' dir='ltr'>ad</span> <span class='ocrx_word' id='word_1_164' title='bbox 1137 2340 1324 2380; x_wconf 88' lang='lat' dir='ltr'>rerum</span> <span class='ocrx_word' id='word_1_165' title='bbox 1352 2322 1504 2398; x_wconf 88' lang='lat' dir='ltr'>apud</span> <span class='ocrx_word' id='word_1_166' title='bbox 1531 2342 1640 2382; x_wconf 85' lang='lat' dir='ltr'>nos</span> <span class='ocrx_word' id='word_1_167' title='bbox 1666 2324 2054 2383; x_wconf 86' lang='lat' dir='ltr'>conditionem</span> <span class='ocrx_word' id='word_1_168' title='bbox 2081 2332 2142 2381; x_wconf 89' lang='lat' dir='ltr'>ut</span> <span class='ocrx_word' id='word_1_169' title='bbox 2166 2323 2484 2391; x_wconf 81' lang='lat' dir='ltr'>veniamus,</span> <span class='ocrx_word' id='word_1_170' title='bbox 2518 2324 2642 2381; x_wconf 88' lang='lat' dir='ltr'>auri</span> 
     </span>
     <span class='ocr_line' id='line_1_19' title="bbox 457 2418 2641 2499; baseline 0.005 -29"><span class='ocrx_word' id='word_1_171' title='bbox 457 2423 516 2470; x_wconf 83' lang='lat' dir='ltr'>et</span> <span class='ocrx_word' id='word_1_172' title='bbox 539 2418 755 2491; x_wconf 83' lang='lat' dir='ltr'>argenti</span> <span class='ocrx_word' id='word_1_173' title='bbox 782 2419 950 2494; x_wconf 88' lang='lat' dir='ltr'>copia</span> <span class='ocrx_word' id='word_1_174' title='bbox 973 2437 1150 2491; x_wconf 88' lang='lat' dir='ltr'>quum</span> <span class='ocrx_word' id='word_1_175' title='bbox 1177 2420 1344 2488; x_wconf 88' lang='lat' dir='ltr'>desit,</span> <span class='ocrx_word' id='word_1_176' title='bbox 1367 2421 1759 2499; x_wconf 83' lang='lat' dir='ltr'>chirographis</span> <span class='ocrx_word' id='word_1_177' title='bbox 1781 2442 2108 2482; x_wconf 86' lang='lat' dir='ltr'>mensarum</span> <span class='ocrx_word' id='word_1_178' title='bbox 2135 2422 2641 2481; x_wconf 83' lang='lat' dir='ltr'>nummulariamm</span> 
     </span>
     <span class='ocr_line' id='line_1_20' title="bbox 458 2516 2641 2597; baseline 0.003 -27"><span class='ocrx_word' id='word_1_179' title='bbox 458 2517 868 2574; x_wconf 82' lang='lat' dir='ltr'>commercium</span> <span class='ocrx_word' id='word_1_180' title='bbox 893 2516 1229 2592; x_wconf 88' lang='lat' dir='ltr'>plerumque</span> <span class='ocrx_word' id='word_1_181' title='bbox 1255 2520 1486 2594; x_wconf 88' lang='lat' dir='ltr'>geritur.</span> <span class='ocrx_word' id='word_1_182' title='bbox 1572 2520 1813 2577; x_wconf 89' lang='lat' dir='ltr'>Nummi</span> <span class='ocrx_word' id='word_1_183' title='bbox 1842 2523 1995 2579; x_wconf 90' lang='lat' dir='ltr'>aurei</span> <span class='ocrx_word' id='word_1_184' title='bbox 2022 2520 2247 2597; x_wconf 87' lang='lat' dir='ltr'>pondus</span> <span class='ocrx_word' id='word_1_185' title='bbox 2288 2521 2641 2593; x_wconf 76' lang='lat' dir='ltr'>aliquatenus</span> 
     </span>
     <span class='ocr_line' id='line_1_21' title="bbox 456 2611 2640 2694; baseline 0.003 -26"><span class='ocrx_word' id='word_1_186' title='bbox 456 2611 820 2674; x_wconf 86' lang='lat' dir='ltr'>imminutum</span> <span class='ocrx_word' id='word_1_187' title='bbox 883 2624 989 2684; x_wconf 88' lang='lat' dir='ltr'>est,</span> <span class='ocrx_word' id='word_1_188' title='bbox 1047 2616 1290 2692; x_wconf 84' lang='lat' dir='ltr'>praeside</span> <span class='ocrx_word' id='word_1_189' title='bbox 1347 2616 1579 2674; x_wconf 87' lang='lat' dir='ltr'>Andrea</span> <span class='ocrx_word' id='word_1_190' title='bbox 1628 2617 1664 2675; x_wconf 89' lang='lat' dir='ltr'><strong>J</strong></span> <span class='ocrx_word' id='word_1_191' title='bbox 1670 2617 1917 2684; x_wconf 77' lang='lat' dir='ltr'>ackson3</span> <span class='ocrx_word' id='word_1_192' title='bbox 1978 2617 2081 2675; x_wconf 88' lang='lat' dir='ltr'>sed</span> <span class='ocrx_word' id='word_1_193' title='bbox 2136 2618 2308 2694; x_wconf 89' lang='lat' dir='ltr'>hujus</span> <span class='ocrx_word' id='word_1_194' title='bbox 2377 2619 2463 2675; x_wconf 89' lang='lat' dir='ltr'>rei</span> <span class='ocrx_word' id='word_1_195' title='bbox 2540 2618 2640 2675; x_wconf 84' lang='lat' dir='ltr'>vix</span> 
     </span>
     <span class='ocr_line' id='line_1_22' title="bbox 457 2709 2641 2791; baseline 0.003 -25"><span class='ocrx_word' id='word_1_196' title='bbox 457 2709 692 2769; x_wconf 86' lang='lat' dir='ltr'>habetur</span> <span class='ocrx_word' id='word_1_197' title='bbox 715 2714 776 2770; x_wconf 88' lang='lat' dir='ltr'>in</span> <span class='ocrx_word' id='word_1_198' title='bbox 803 2715 1048 2791; x_wconf 78' lang='lat' dir='ltr'>negotiis</span> <span class='ocrx_word' id='word_1_199' title='bbox 1073 2715 1248 2773; x_wconf 90' lang='lat' dir='ltr'>ratio:</span> <span class='ocrx_word' id='word_1_200' title='bbox 1279 2715 1789 2791; x_wconf 76' lang='lat' dir='ltr'>chirographorum</span> <span class='ocrx_word' id='word_1_201' title='bbox 1815 2725 2001 2775; x_wconf 88' lang='lat' dir='ltr'>autem</span> <span class='ocrx_word' id='word_1_202' title='bbox 2029 2717 2187 2774; x_wconf 84' lang='lat' dir='ltr'>valor</span> <span class='ocrx_word' id='word_1_203' title='bbox 2210 2716 2270 2773; x_wconf 90' lang='lat' dir='ltr'>in</span> <span class='ocrx_word' id='word_1_204' title='bbox 2298 2715 2420 2773; x_wconf 86' lang='lat' dir='ltr'>dies</span> <span class='ocrx_word' id='word_1_205' title='bbox 2462 2726 2641 2773; x_wconf 81' lang='lat' dir='ltr'>muta-</span> 
     </span>
     <span class='ocr_line' id='line_1_23' title="bbox 459 2812 2641 2892; baseline 0.004 -28"><span class='ocrx_word' id='word_1_206' title='bbox 459 2816 566 2876; x_wconf 88' lang='lat' dir='ltr'>tur,</span> <span class='ocrx_word' id='word_1_207' title='bbox 595 2819 764 2885; x_wconf 90' lang='lat' dir='ltr'>prout</span> <span class='ocrx_word' id='word_1_208' title='bbox 787 2812 930 2870; x_wconf 88' lang='lat' dir='ltr'>fides</span> <span class='ocrx_word' id='word_1_209' title='bbox 972 2832 1300 2873; x_wconf 84' lang='lat' dir='ltr'>mensarum</span> <span class='ocrx_word' id='word_1_210' title='bbox 1339 2815 1583 2883; x_wconf 86' lang='lat' dir='ltr'>vacillat,</span> <span class='ocrx_word' id='word_1_211' title='bbox 1612 2815 1703 2873; x_wconf 86' lang='lat' dir='ltr'>vel</span> <span class='ocrx_word' id='word_1_212' title='bbox 1730 2814 1899 2891; x_wconf 85' lang='lat' dir='ltr'>viget,</span> <span class='ocrx_word' id='word_1_213' title='bbox 1930 2815 2073 2892; x_wconf 81' lang='lat' dir='ltr'>ipsis</span> <span class='ocrx_word' id='word_1_214' title='bbox 2110 2814 2333 2891; x_wconf 88' lang='lat' dir='ltr'>legibus</span> <span class='ocrx_word' id='word_1_215' title='bbox 2371 2833 2477 2891; x_wconf 88' lang='lat' dir='ltr'>pro</span> <span class='ocrx_word' id='word_1_216' title='bbox 2516 2832 2641 2890; x_wconf 87' lang='lat' dir='ltr'>par-</span> 
     </span>
     <span class='ocr_line' id='line_1_24' title="bbox 458 2907 1298 2969; baseline 0.007 -6"><span class='ocrx_word' id='word_1_217' title='bbox 458 2907 600 2965; x_wconf 90' lang='lat' dir='ltr'>tium</span> <span class='ocrx_word' id='word_1_218' title='bbox 628 2909 817 2966; x_wconf 86' lang='lat' dir='ltr'>studio</span> <span class='ocrx_word' id='word_1_219' title='bbox 842 2911 977 2967; x_wconf 85' lang='lat' dir='ltr'>fixis</span> <span class='ocrx_word' id='word_1_220' title='bbox 1003 2922 1062 2969; x_wconf 88' lang='lat' dir='ltr'>et</span> <span class='ocrx_word' id='word_1_221' title='bbox 1085 2913 1298 2969; x_wconf 86' lang='lat' dir='ltr'>refixis.</span> 
     </span>
    </p>

    <p class='ocr_par' dir='ltr' id='par_1_6' title="bbox 456 3007 2645 3286">
     <span class='ocr_line' id='line_1_25' title="bbox 541 3007 2639 3088; baseline 0.003 -26"><span class='ocrx_word' id='word_1_222' title='bbox 541 3009 675 3064; x_wconf 83' lang='lat'>122.</span> <span class='ocrx_word' id='word_1_223' title='bbox 745 3007 1070 3080; x_wconf 88' lang='lat' dir='ltr'>Unicuique</span> <span class='ocrx_word' id='word_1_224' title='bbox 1118 3010 1254 3067; x_wconf 86' lang='lat' dir='ltr'>licet</span> <span class='ocrx_word' id='word_1_225' title='bbox 1301 3028 1500 3068; x_wconf 88' lang='lat' dir='ltr'>aurum</span> <span class='ocrx_word' id='word_1_226' title='bbox 1549 3011 1643 3069; x_wconf 83' lang='lat' dir='ltr'>vel</span> <span class='ocrx_word' id='word_1_227' title='bbox 1686 3020 1981 3088; x_wconf 87' lang='lat' dir='ltr'>argentum</span> <span class='ocrx_word' id='word_1_228' title='bbox 2026 3030 2059 3069; x_wconf 90' lang='lat' dir='ltr'>a</span> <span class='ocrx_word' id='word_1_229' title='bbox 2096 3011 2347 3070; x_wconf 88' lang='lat' dir='ltr'>debitore</span> <span class='ocrx_word' id='word_1_230' title='bbox 2386 3011 2639 3088; x_wconf 85' lang='lat' dir='ltr'>exigere,</span> 
     </span>
     <span class='ocr_line' id='line_1_26' title="bbox 457 3107 2643 3193; baseline 0.004 -33"><span class='ocrx_word' id='word_1_231' title='bbox 457 3121 634 3174; x_wconf 89' lang='lat' dir='ltr'>quum</span> <span class='ocrx_word' id='word_1_232' title='bbox 691 3107 1020 3165; x_wconf 84' lang='lat' dir='ltr'>constitutio</span> <span class='ocrx_word' id='word_1_233' title='bbox 1077 3108 1338 3167; x_wconf 89' lang='lat' dir='ltr'>Statuum</span> <span class='ocrx_word' id='word_1_234' title='bbox 1397 3108 1825 3168; x_wconf 87' lang='lat' dir='ltr'>Foederatorum</span> <span class='ocrx_word' id='word_1_235' title='bbox 1876 3111 2089 3168; x_wconf 88' lang='lat' dir='ltr'>nullam</span> <span class='ocrx_word' id='word_1_236' title='bbox 2148 3110 2314 3193; x_wconf 80' lang='lat' dir='ltr'>aliam</span> <span class='ocrx_word' id='word_1_237' title='bbox 2373 3121 2643 3187; x_wconf 88' lang='lat' dir='ltr'>agnoscat</span> 
     </span>
     <span class='ocr_line' id='line_1_27' title="bbox 456 3194 2645 3286; baseline 0.004 -29"><span class='ocrx_word' id='word_1_238' title='bbox 456 3202 767 3279; x_wconf 87' lang='lat' dir='ltr'>legitimam</span> <span class='ocrx_word' id='word_1_239' title='bbox 794 3205 1166 3265; x_wconf 83' lang='lat' dir='ltr'>solutionem:</span> <span class='ocrx_word' id='word_1_240' title='bbox 1211 3208 1365 3280; x_wconf 90' lang='lat' dir='ltr'>quod</span> <span class='ocrx_word' id='word_1_241' title='bbox 1389 3209 1441 3266; x_wconf 89' lang='lat' dir='ltr'>si</span> <span class='ocrx_word' id='word_1_242' title='bbox 1480 3210 1611 3282; x_wconf 90' lang='lat' dir='ltr'>quis</span> <span class='ocrx_word' id='word_1_243' title='bbox 1654 3210 1939 3285; x_wconf 85' lang='lat' dir='ltr'>acceperit</span> <span class='ocrx_word' id='word_1_244' title='bbox 1974 3194 2353 3286; x_wconf 76' lang='lat' dir='ltr'>chirographa</span> <span class='ocrx_word' id='word_1_245' title='bbox 2388 3226 2459 3267; x_wconf 90' lang='lat' dir='ltr'>eo</span> <span class='ocrx_word' id='word_1_246' title='bbox 2497 3220 2645 3266; x_wconf 82' lang='lat' dir='ltr'>tem-</span> 
     </span>
    </p>
   </div>
   <div class='ocr_carea' id='block_1_5' title="bbox 455 3305 2739 3389">
    <p class='ocr_par' dir='ltr' id='par_1_7' title="bbox 455 3305 2739 3389">
     <span class='ocr_line' id='line_1_28' title="bbox 455 3305 2739 3389; baseline 0.001 -29"><span class='ocrx_word' id='word_1_247' title='bbox 455 3319 596 3377; x_wconf 88' lang='lat' dir='ltr'>pore</span> <span class='ocrx_word' id='word_1_248' title='bbox 635 3322 750 3376; x_wconf 92' lang='lat' dir='ltr'>quo</span> <span class='ocrx_word' id='word_1_249' title='bbox 797 3306 984 3363; x_wconf 87' lang='lat' dir='ltr'>minus</span> <span class='ocrx_word' id='word_1_250' title='bbox 1029 3307 1308 3375; x_wconf 86' lang='lat' dir='ltr'>valebant,</span> <span class='ocrx_word' id='word_1_251' title='bbox 1343 3326 1461 3365; x_wconf 91' lang='lat' dir='ltr'>non</span> <span class='ocrx_word' id='word_1_252' title='bbox 1499 3317 1688 3383; x_wconf 81' lang='lat' dir='ltr'>potest</span> <span class='ocrx_word' id='word_1_253' title='bbox 1729 3309 1941 3380; x_wconf 87' lang='lat' dir='ltr'>absque</span> <span class='ocrx_word' id='word_1_254' title='bbox 1977 3308 2253 3384; x_wconf 86' lang='lat' dir='ltr'>injustitia</span> <span class='ocrx_word' id='word_1_255' title='bbox 2290 3305 2363 3364; x_wconf 85' lang='lat' dir='ltr'>ad</span> <span class='ocrx_word' id='word_1_256' title='bbox 2406 3306 2644 3365; x_wconf 89' lang='lat' dir='ltr'>redden·</span> <span class='ocrx_word' id='word_1_257' title='bbox 2734 3384 2739 3389; x_wconf 20' lang='grc' dir='ltr'>ι</span> 
     </span>
    </p>
   </div>
   <div class='ocr_carea' id='block_1_6' title="bbox 451 3398 2648 4170">
    <p class='ocr_par' dir='ltr' id='par_1_8' title="bbox 451 3398 2648 4066">
     <span class='ocr_line' id='line_1_29' title="bbox 457 3398 2645 3482; baseline 0.001 -24"><span class='ocrx_word' id='word_1_258' title='bbox 457 3398 593 3459; x_wconf 84' lang='lat' dir='ltr'>dum</span> <span class='ocrx_word' id='word_1_259' title='bbox 629 3421 826 3463; x_wconf 87' lang='lat' dir='ltr'>aurum</span> <span class='ocrx_word' id='word_1_260' title='bbox 867 3404 960 3461; x_wconf 85' lang='lat' dir='ltr'>vel</span> <span class='ocrx_word' id='word_1_261' title='bbox 999 3415 1294 3481; x_wconf 87' lang='lat' dir='ltr'>argentum</span> <span class='ocrx_word' id='word_1_262' title='bbox 1333 3406 1482 3481; x_wconf 90' lang='lat' dir='ltr'>cogi.</span> <span class='ocrx_word' id='word_1_263' title='bbox 1570 3407 1623 3465; x_wconf 93' lang='lat' dir='ltr'>E</span> <span class='ocrx_word' id='word_1_264' title='bbox 1667 3416 1861 3463; x_wconf 82' lang='lat' dir='ltr'>contra</span> <span class='ocrx_word' id='word_1_265' title='bbox 1902 3407 2108 3482; x_wconf 87' lang='lat' dir='ltr'>injuria</span> <span class='ocrx_word' id='word_1_266' title='bbox 2145 3407 2211 3463; x_wconf 83' lang='lat' dir='ltr'>fit</span> <span class='ocrx_word' id='word_1_267' title='bbox 2248 3404 2513 3465; x_wconf 83' lang='lat' dir='ltr'>creditori</span> <span class='ocrx_word' id='word_1_268' title='bbox 2551 3405 2645 3463; x_wconf 88' lang='lat' dir='ltr'>cui</span> 
     </span>
     <span class='ocr_line' id='line_1_30' title="bbox 451 3498 2642 3579; baseline 0.001 -23"><span class='ocrx_word' id='word_1_269' title='bbox 451 3498 832 3577; x_wconf 85' lang='lat' dir='ltr'>chirographa</span> <span class='ocrx_word' id='word_1_270' title='bbox 871 3504 1064 3563; x_wconf 87' lang='lat' dir='ltr'>minus</span> <span class='ocrx_word' id='word_1_271' title='bbox 1110 3505 1354 3563; x_wconf 86' lang='lat' dir='ltr'>valentia</span> <span class='ocrx_word' id='word_1_272' title='bbox 1396 3504 1619 3571; x_wconf 88' lang='lat' dir='ltr'>dantur,</span> <span class='ocrx_word' id='word_1_273' title='bbox 1663 3522 1791 3576; x_wconf 83' lang='lat' dir='ltr'>quae</span> <span class='ocrx_word' id='word_1_274' title='bbox 1843 3505 1968 3579; x_wconf 88' lang='lat' dir='ltr'>ipse</span> <span class='ocrx_word' id='word_1_275' title='bbox 2011 3505 2233 3579; x_wconf 88' lang='lat' dir='ltr'>cogitur</span> <span class='ocrx_word' id='word_1_276' title='bbox 2276 3499 2527 3578; x_wconf 84' lang='lat' dir='ltr'>recipere</span> <span class='ocrx_word' id='word_1_277' title='bbox 2569 3520 2642 3559; x_wconf 82' lang='lat' dir='ltr'>ne</span> 
     </span>
     <span class='ocr_line' id='line_1_31' title="bbox 459 3599 2646 3673; baseline 0.001 -19"><span class='ocrx_word' id='word_1_278' title='bbox 459 3606 639 3657; x_wconf 89' lang='lat' dir='ltr'>totum</span> <span class='ocrx_word' id='word_1_279' title='bbox 681 3600 835 3673; x_wconf 89' lang='lat' dir='ltr'>quod</span> <span class='ocrx_word' id='word_1_280' title='bbox 874 3602 986 3658; x_wconf 87' lang='lat' dir='ltr'>sibi</span> <span class='ocrx_word' id='word_1_281' title='bbox 1025 3601 1256 3661; x_wconf 87' lang='lat' dir='ltr'>debetur</span> <span class='ocrx_word' id='word_1_282' title='bbox 1295 3603 1528 3659; x_wconf 87' lang='lat' dir='ltr'>amittat.</span> <span class='ocrx_word' id='word_1_283' title='bbox 1616 3603 1963 3673; x_wconf 76' lang='lat' dir='ltr'>Plerumque</span> <span class='ocrx_word' id='word_1_284' title='bbox 2006 3619 2133 3672; x_wconf 80' lang='lat' dir='ltr'>quae</span> <span class='ocrx_word' id='word_1_285' title='bbox 2176 3599 2646 3657; x_wconf 85' lang='lat' dir='ltr'>circumferuntur</span> 
     </span>
     <span class='ocr_line' id='line_1_32' title="bbox 460 3696 2648 3775; baseline 0.002 -22"><span class='ocrx_word' id='word_1_286' title='bbox 460 3696 839 3775; x_wconf 85' lang='lat' dir='ltr'>chirographa</span> <span class='ocrx_word' id='word_1_287' title='bbox 863 3717 1078 3757; x_wconf 88' lang='lat' dir='ltr'>mensae</span> <span class='ocrx_word' id='word_1_288' title='bbox 1110 3702 1428 3758; x_wconf 83' lang='lat' dir='ltr'>eonstitutae</span> <span class='ocrx_word' id='word_1_289' title='bbox 1455 3700 1516 3756; x_wconf 88' lang='lat' dir='ltr'>in</span> <span class='ocrx_word' id='word_1_290' title='bbox 1543 3701 1769 3757; x_wconf 83' lang='lat' dir='ltr'>ci&#39;vitate</span> <span class='ocrx_word' id='word_1_291' title='bbox 1791 3700 2079 3775; x_wconf 83' lang='lat' dir='ltr'>praecipua</span> <span class='ocrx_word' id='word_1_292' title='bbox 2097 3718 2130 3755; x_wconf 92' lang='lat' dir='ltr'>a</span> <span class='ocrx_word' id='word_1_293' title='bbox 2155 3697 2377 3755; x_wconf 83' lang='lat' dir='ltr'>civibus</span> <span class='ocrx_word' id='word_1_294' title='bbox 2406 3697 2485 3755; x_wconf 94' lang='lat' dir='ltr'>ibi</span> <span class='ocrx_word' id='word_1_295' title='bbox 2506 3698 2648 3757; x_wconf 89' lang='lat' dir='ltr'>acci-</span> 
     </span>
     <span class='ocr_line' id='line_1_33' title="bbox 458 3796 2646 3869; baseline 0.001 -17"><span class='ocrx_word' id='word_1_296' title='bbox 458 3796 694 3869; x_wconf 86' lang='lat' dir='ltr'>piuntur</span> <span class='ocrx_word' id='word_1_297' title='bbox 729 3796 790 3854; x_wconf 83' lang='lat' dir='ltr'>in</span> <span class='ocrx_word' id='word_1_298' title='bbox 835 3797 960 3856; x_wconf 73' lang='lat' dir='ltr'>aeris</span> <span class='ocrx_word' id='word_1_299' title='bbox 1007 3798 1175 3856; x_wconf 89' lang='lat' dir='ltr'>alieni</span> <span class='ocrx_word' id='word_1_300' title='bbox 1215 3798 1583 3865; x_wconf 88' lang='lat' dir='ltr'>solutionem,</span> <span class='ocrx_word' id='word_1_301' title='bbox 1630 3798 1738 3854; x_wconf 87' lang='lat' dir='ltr'>etsi</span> <span class='ocrx_word' id='word_1_302' title='bbox 1777 3798 1908 3855; x_wconf 90' lang='lat' dir='ltr'>alibi</span> <span class='ocrx_word' id='word_1_303' title='bbox 1948 3796 2419 3854; x_wconf 78' lang='lat' dir='ltr'>minus‘valeant.</span> <span class='ocrx_word' id='word_1_304' title='bbox 2529 3796 2646 3863; x_wconf 82' lang='lat' dir='ltr'>Qui</span> 
     </span>
     <span class='ocr_line' id='line_1_34' title="bbox 458 3879 2645 3974; baseline 0.003 -27"><span class='ocrx_word' id='word_1_305' title='bbox 458 3901 620 3950; x_wconf 83' lang='lat' dir='ltr'>extra</span> <span class='ocrx_word' id='word_1_306' title='bbox 652 3896 1006 3969; x_wconf 84' lang='lat' dir='ltr'>provinciam</span> <span class='ocrx_word' id='word_1_307' title='bbox 1049 3896 1281 3974; x_wconf 85' lang='lat' dir='ltr'>degunt,</span> <span class='ocrx_word' id='word_1_308' title='bbox 1314 3898 1430 3956; x_wconf 86' lang='lat' dir='ltr'>loci</span> <span class='ocrx_word' id='word_1_309' title='bbox 1463 3898 1563 3954; x_wconf 90' lang='lat' dir='ltr'>ubi</span> <span class='ocrx_word' id='word_1_310' title='bbox 1608 3894 1817 3956; x_wconf 83' lang='lat' dir='ltr'>solutio</span> <span class='ocrx_word' id='word_1_311' title='bbox 1855 3879 2111 3953; x_wconf 79' lang='lat' dir='ltr'>facienda</span> <span class='ocrx_word' id='word_1_312' title='bbox 2148 3905 2253 3963; x_wconf 87' lang='lat' dir='ltr'>est,</span> <span class='ocrx_word' id='word_1_313' title='bbox 2294 3912 2551 3953; x_wconf 86' lang='lat' dir='ltr'>normam</span> <span class='ocrx_word' id='word_1_314' title='bbox 2585 3896 2645 3954; x_wconf 89' lang='lat' dir='ltr'>in</span> 
     </span>
     <span class='ocr_line' id='line_1_35' title="bbox 461 3993 1228 4066; baseline 0.012 -23"><span class='ocrx_word' id='word_1_315' title='bbox 461 4006 568 4045; x_wconf 85' lang='lat' dir='ltr'>aere</span> <span class='ocrx_word' id='word_1_316' title='bbox 594 3993 870 4052; x_wconf 88' lang='lat' dir='ltr'>solvendo</span> <span class='ocrx_word' id='word_1_317' title='bbox 897 4004 1228 4066; x_wconf 84' lang='lat' dir='ltr'>sequuntur.</span> 
     </span>
    </p>

    <p class='ocr_par' dir='ltr' id='par_1_9' title="bbox 544 4090 2644 4170">
     <span class='ocr_line' id='line_1_36' title="bbox 544 4090 2644 4170; baseline 0.002 -27"><span class='ocrx_word' id='word_1_318' title='bbox 544 4090 678 4145; x_wconf 83' lang='lat'>123.</span> <span class='ocrx_word' id='word_1_319' title='bbox 721 4091 836 4156; x_wconf 83' lang='lat' dir='ltr'>Qui</span> <span class='ocrx_word' id='word_1_320' title='bbox 857 4110 1057 4150; x_wconf 89' lang='lat' dir='ltr'>aurum</span> <span class='ocrx_word' id='word_1_321' title='bbox 1083 4093 1174 4149; x_wconf 86' lang='lat' dir='ltr'>vel</span> <span class='ocrx_word' id='word_1_322' title='bbox 1200 4101 1494 4168; x_wconf 88' lang='lat' dir='ltr'>argentum</span> <span class='ocrx_word' id='word_1_323' title='bbox 1521 4091 1792 4151; x_wconf 83' lang='lat' dir='ltr'>custodiae</span> <span class='ocrx_word' id='word_1_324' title='bbox 1819 4110 1991 4149; x_wconf 89' lang='lat' dir='ltr'>causa</span> <span class='ocrx_word' id='word_1_325' title='bbox 2016 4092 2167 4168; x_wconf 88' lang='lat' dir='ltr'>apud</span> <span class='ocrx_word' id='word_1_326' title='bbox 2193 4090 2439 4164; x_wconf 87' lang='lat' dir='ltr'>aliquem</span> <span class='ocrx_word' id='word_1_327' title='bbox 2461 4093 2644 4170; x_wconf 87' lang='lat' dir='ltr'>priva-</span> 
     </span>
    </p>
   </div>
   <div class='ocr_carea' id='block_1_7' title="bbox 803 4306 2279 4547">
    <p class='ocr_par' dir='ltr' id='par_1_10' title="bbox 803 4306 2279 4547">
     <span class='ocr_line' id='line_1_37' title="bbox 804 4306 1477 4375; baseline 0.006 -19"><span class='ocrx_word' id='word_1_328' title='bbox 804 4311 891 4375; x_wconf 91' lang='lat'>(1)</span> <span class='ocrx_word' id='word_1_329' title='bbox 935 4306 995 4357; x_wconf 89' lang='lat' dir='ltr'>L.</span> <span class='ocrx_word' id='word_1_330' title='bbox 1017 4308 1146 4358; x_wconf 85' lang='lat' dir='ltr'>xcix.</span> <span class='ocrx_word' id='word_1_331' title='bbox 1169 4310 1223 4359; x_wconf 80' lang='lat' dir='ltr'>ff.</span> <span class='ocrx_word' id='word_1_332' title='bbox 1250 4310 1310 4362; x_wconf 81' lang='lat' dir='ltr'>de</span> <span class='ocrx_word' id='word_1_333' title='bbox 1330 4309 1477 4360; x_wconf 72' lang='lat' dir='ltr'>solut.</span> 
     </span>
     <span class='ocr_line' id='line_1_38' title="bbox 807 4392 2279 4464; baseline 0.001 -22"><span class='ocrx_word' id='word_1_334' title='bbox 807 4397 892 4460; x_wconf 69' lang='lat'>(2)</span> <span class='ocrx_word' id='word_1_335' title='bbox 931 4392 991 4443; x_wconf 93' lang='lat' dir='ltr'>L.</span> <span class='ocrx_word' id='word_1_336' title='bbox 1013 4395 1045 4444; x_wconf 91' lang='lat' dir='ltr'>i.</span> <span class='ocrx_word' id='word_1_337' title='bbox 1071 4399 1116 4455; x_wconf 66' lang='grc' dir='ltr'>ς.</span> <span class='ocrx_word' id='word_1_338' title='bbox 1145 4399 1190 4444; x_wconf 83' lang='grc'>6.</span> <span class='ocrx_word' id='word_1_339' title='bbox 1218 4397 1279 4448; x_wconf 77' lang='lat' dir='ltr'>Si</span> <span class='ocrx_word' id='word_1_340' title='bbox 1300 4396 1539 4456; x_wconf 79' lang='lat' dir='ltr'>convenit,</span> <span class='ocrx_word' id='word_1_341' title='bbox 1561 4396 1613 4445; x_wconf 82' lang='lat' dir='ltr'>ff.</span> <span class='ocrx_word' id='word_1_342' title='bbox 1634 4395 1859 4464; x_wconf 68' lang='lat' dir='ltr'>depositi,</span> <span class='ocrx_word' id='word_1_343' title='bbox 1881 4404 1931 4445; x_wconf 84' lang='lat' dir='ltr'>et</span> <span class='ocrx_word' id='word_1_344' title='bbox 1950 4412 2047 4459; x_wconf 78' lang='lat' dir='ltr'>reg.</span> <span class='ocrx_word' id='word_1_345' title='bbox 2070 4395 2206 4445; x_wconf 84' lang='lat' dir='ltr'>xxiii.</span> <span class='ocrx_word' id='word_1_346' title='bbox 2228 4395 2279 4444; x_wconf 80' lang='lat' dir='ltr'>fl:</span> 
     </span>
     <span class='ocr_line' id='line_1_39' title="bbox 803 4476 1675 4547; baseline 0.002 -20"><span class='ocrx_word' id='word_1_347' title='bbox 803 4480 888 4547; x_wconf 83' lang='lat'>(3)</span> <span class='ocrx_word' id='word_1_348' title='bbox 933 4476 1208 4543; x_wconf 78' lang='lat' dir='ltr'>Laymann,</span> <span class='ocrx_word' id='word_1_349' title='bbox 1229 4481 1314 4531; x_wconf 88' lang='lat' dir='ltr'>ubi</span> <span class='ocrx_word' id='word_1_350' title='bbox 1339 4497 1496 4545; x_wconf 79' lang='lat' dir='ltr'>supra,</span> <span class='ocrx_word' id='word_1_351' title='bbox 1519 4497 1571 4530; x_wconf 89' lang='lat' dir='ltr'>n.</span> <span class='ocrx_word' id='word_1_352' title='bbox 1599 4483 1675 4529; x_wconf 80' lang='lat'>16.</span> 
     </span>
    </p>
   </div>
  </div>
 </body>
</html>
