3117 5217
476 588 597 645 220
1248 584 1365 645 DE
1406 582 1882 645 SCANDALO.

484 754 841 813 meretricem
868 752 939 811 ad
966 752 1399 811 fornicationem
1424 752 1646 821 invitat,
1685 760 1730 789 ⁶⁶
1751 752 1908 825 quia,
1931 752 2070 811 lieet
2093 750 2362 811 meretrix
2387 750 2465 808 sit
2487 749 2548 807 iu
2575 764 2668 805 ac·

486 854 623 913 tuali
650 853 935 911 voluntate
962 850 1261 929 peccandi,
1288 862 1441 909 certe
1466 864 1658 911 tamen
1697 852 1808 911 sibi
1843 851 2016 910 infert
2037 852 2259 910 ruinam
2285 851 2530 927 graviter
2553 864 2672 903 ma-

478 954 689 1030 jorem,
716 970 891 1029 opere
918 950 1263 1027 complendo
1290 950 1429 1009 illud
1456 952 1794 1029 particulare
1819 950 2211 1011 fornicationis
2235 958 2550 1027 peceatum.
2607 945 2672 1003 Is

486 1053 676 1131 igitur,
716 1050 813 1123 qui
856 1048 939 1109 illi
978 1060 1317 1126 cooperatur
1352 1051 1423 1108 ad
1464 1061 1760 1127 peceatum
1799 1048 2335 1116 consummandum,
2369 1046 2670 1124 dupliciter

483 1151 728 1229 graviter
784 1160 1005 1227 peccat,
1044 1160 1163 1209 tum
1222 1160 1419 1208 contra
1454 1150 1808 1217 charitatem,
1847 1162 1968 1209 tum
2025 1158 2222 1210 contra
2257 1134 2668 1207 castitatem.”³

488 1258 529 1287 ‘⁸
552 1250 617 1307 Si
642 1268 739 1307 res
764 1268 893 1322 quie
918 1251 1129 1326 petitur
1150 1251 1229 1307 sit
1254 1249 1608 1318 indifferens,
1633 1259 1694 1307 et
1715 1251 1860 1309 bene
1897 1250 2086 1327 possit
2107 1247 2362 1326 praestari
2385 1247 2508 1305 sine
2535 1263 2666 1321 pec·

486 1358 613 1408 cato
656 1348 908 1418 alterius,
948 1360 1015 1407 ut
1048 1358 1203 1407 esset
1238 1360 1433 1427 petere
1478 1360 1736 1407 mutuum
1781 1351 1852 1407 ab
1893 1350 2174 1417 usurario,
2211 1348 2593 1425 juramentum
2629 1363 2667 1399 a

486 1448 693 1507 falsum
740 1450 1017 1527 juraturo,
1070 1458 1485 1507 sacramentum
1540 1468 1578 1505 a
1623 1448 1916 1507 sacerdote
1961 1441 2358 1525 peccatore,”²
2405 1453 2668 1523 peccatur

486 1549 881 1617 nihilominus,
914 1548 1113 1627 judice
1152 1550 1219 1607 S.
1247 1550 1572 1627 Alphonso,
1613 1550 1666 1607 si
1703 1550 1830 1608 sine
1871 1550 2028 1626 gravi
2067 1566 2242 1607 eausa
2277 1564 2370 1603 res
2407 1554 2625 1621 petatur
2643 1562 2662 1599 z

490 1648 735 1707 charitas
762 1650 917 1708 enim
944 1658 1097 1707 vetat
1120 1668 1191 1707 ne
1228 1650 1428 1707 leviter
1464 1657 1523 1707 et
1548 1658 1761 1707 temere
1799 1650 2006 1723 aliquis
2043 1647 2114 1706 ad
2139 1657 2332 1706 actum
2357 1652 2666 1710 moveatur,

492 1768 609 1823 quo
636 1768 807 1827 grave
832 1750 941 1807 sibi
966 1749 1137 1807 insert
1160 1749 1433 1807 damnum
1458 1749 1773 1825 spirituale.

576 1854 712 1907 125.
740 1847 1083 1907 scandalum
1110 1848 1513 1925 pharisaicum,
1540 1848 1696 1921 quod
1723 1866 1798 1906 ex
1835 1847 2021 1906 aliena
2037 1845 2253 1905 malitia
2277 1844 2474 1911 oritur,
2493 1842 2670 1919 negli-

493 1948 747 2025 gendum
774 1959 863 2004 est
882 1968 899 2003 ε
926 1966 1033 2005 noc
1058 1950 1217 2005 enim
1238 1948 1388 2005 bona
1406 1964 1582 2022 opera
1607 1947 1922 2005 deserenda
1939 1956 2094 2015 suut,
2113 1946 2206 2003 vel
2229 1964 2371 2003 sana
2395 1943 2672 2027 principia

490 2044 959 2119 derelinquenda,
984 2064 1057 2104 eo
1098 2046 1251 2119 quod
1290 2057 1648 2105 murmurent
1681 2048 1742 2105 iu
1783 2048 1876 2105 sui
1914 2047 2202 2106 interitum
2245 2044 2508 2102 homines
2547 2059 2668 2118 per·-

489 2164 667 2203 versae
694 2144 925 2206 indolis.
1010 2146 1113 2204 Sic
1140 2145 1411 2205 Christus
1436 2144 1734 2223 discipulis
1759 2146 2132 2204 referentibus
2159 2145 2486 2203 Pharisaeos
2509 2160 2670 2201 scan-

490 2244 681 2303 dalum
710 2263 913 2323 passos
938 2246 1017 2303 ob
1038 2266 1144 2304 sua
1166 2246 1317 2305 dicta
1354 2244 1427 2301 de
1467 2246 1632 2313 cibis,
1675 2244 2006 2321 respondit:
2051 2254 2092 2281 ‘⁸
2115 2245 2298 2301 Sinite
2323 2242 2454 2299 illos
2475 2262 2492 2297 ι
2533 2240 2668 2298 caeci

494 2355 645 2412 sunt,
673 2357 733 2402 et
758 2345 936 2401 duces
964 2339 1343 2402 caecornm.”³
1407 2343 1754 2402 Scandalum
1781 2344 2119 2420 pusillorum
2145 2353 2279 2419 post
2300 2341 2667 2409 monitionem

490 2442 557 2499 fit
581 2442 1007 2519 pharisaicum;
1049 2442 1293 2515 ideoque
1320 2442 1421 2515 qui
1448 2461 1680 2501 causam
1722 2462 1894 2516 quam
1933 2443 2104 2500 habet
2134 2440 2344 2519 agendi
2381 2440 2667 2515 exposuit,

490 2542 697 2617 poterit
718 2558 907 2618 agere,
948 2541 1085 2599 licet
1122 2542 1334 2599 infirmi
1372 2542 1822 2601 obmurmurent.
1905 2542 2007 2599 Sic
2048 2542 2148 2614 qui
2173 2542 2250 2599 ob
2287 2537 2664 2596 valetudinem

490 2640 775 2699 infirmam
820 2642 1083 2698 carnibus
1108 2642 1355 2697 vescitur
1389 2639 1588 2699 diebus
1633 2642 1841 2717 vetitis,
1877 2642 1976 2699 vel
2015 2643 2090 2698 ob
2127 2638 2486 2698 stomachum
2515 2638 2667 2705 vino,

491 2739 583 2797 vel
609 2758 755 2813 aqua
780 2742 931 2807 vitae,
958 2759 1033 2798 ex
1061 2740 1411 2798 medicorum
1438 2740 1685 2801 consilio
1709 2741 1901 2807 utitur,
1927 2758 2048 2797 non
2081 2749 2172 2796 est
2195 2736 2513 2815 augendus,
2539 2737 2674 2795 licet

492 2838 587 2895 alii
612 2840 975 2897 occasionem
999 2838 1249 2895 violandi
1272 2839 1461 2913 legem
1500 2838 1804 2907 Ecclesiae‚
1833 2838 1925 2895 vel
1951 2838 2109 2914 potui
2132 2838 2312 2897 libere
2337 2833 2674 2913 indulgendi

494 2936 627 2995 inde
650 2946 898 3007 sumant,
926 2937 1239 2997 dummodo
1262 2936 1393 2995 data
1430 2939 1734 2996 occasione
1773 2940 2052 2995 rationem
2077 2937 2293 2995 reddat.
2379 2934 2668 2993 Caeterum

491 3054 610 3095 non
650 3034 819 3094 debet
858 3037 1075 3109 absque
1108 3037 1447 3095 necessitate
1482 3033 1710 3113 'publice
1746 3039 1850 3106 uti,
1893 3055 2064 3109 quam
2106 3036 2294 3104 habet,
2334 3036 2521 3093 venia.
2605 3033 2670 3089 Si

492 3148 776 3213 parentes,
804 3136 896 3193 vel
921 3137 1249 3212 propinqui,
1288 3135 1425 3193 odio
1462 3138 1818 3212 prosecuturi
1857 3138 1974 3195 sint
1999 3134 2341 3203 sacerdotes„
2370 3135 2462 3192 vel
2497 3133 2672 3191 fidem

492 3234 849 3310 catholicam,
879 3234 1069 3307 puella
1094 3244 1222 3291 vota
1246 3232 1526 3291 solemnia
1552 3244 1934 3311 nuncupante,
1955 3255 2072 3293 non
2097 3243 2320 3295 tenetur
2343 3232 2491 3310 ipsa,
2518 3242 2674 3311 post-

492 3348 665 3404 quam
690 3331 937 3389 rationes
958 3332 1164 3402 quibus
1190 3340 1454 3389 movetur
1472 3333 1858 3410 explicaverit,
1883 3334 1954 3391 ad
1974 3334 2319 3393 manendum
2347 3336 2418 3409 in=
2435 3334 2672 3399 saeculo‚

491 3439 554 3488 ut
589 3448 790 3490 eorum
830 3429 1158 3489 scandalum
1202 3430 1517 3511 impediat:
1572 3434 1782 3509 poterit
1815 3442 2004 3492 tamen
2051 3434 2400 3507 aliquantum
2446 3432 2672 3491 differre

492 3532 771 3608 propositi
798 3531 1219 3600 executionem,
1238 3541 1303 3590 ut
1324 3532 1409 3589 eis
1436 3533 1797 3608 gratificetur.

576 3635 711 3691 126.
755 3630 849 3690 Ad
874 3630 1164 3691 vitandum
1190 3650 1361 3710 grave
1396 3632 1736 3693 scandalum
1775 3615 2116 3710 pusillorum
2155 3651 2472 3706 numquam
2511 3632 2674 3691 omit-

492 3730 663 3789 tenda
686 3742 820 3791 sunt
842 3732 1169 3791 necessaria
1192 3732 1411 3801 munia,
1450 3750 1664 3809 nempe
1689 3733 1828 3791 fidei
1853 3732 2160 3810 prose-ssim
2189 3740 2670 3791 sacramentorum

490 3832 797 3906 susceptio,
824 3850 1023 3889 eorum
1046 3831 1247 3891 saltem
1276 3850 1401 3904 quae
1428 3842 1561 3890 sunt
1587 3833 1657 3890 ad
1683 3833 1922 3895 salutem
1950 3835 2293 3902 necessaria,
2317 3842 2373 3890 et
2399 3830 2668 3890 naturalis

489 3929 634 4007 legis
666 3930 964 4006 impletio:
1008 3950 1141 3989 nam
1182 3933 1386 3991 animae
1426 3932 1598 3991 saluti
1623 3931 2036 3990 consulendum
2079 3942 2188 4002 est,
2229 3931 2512 4006 quidquid
2549 3930 2676 3988 aliis

488 4028 797 4103 contingat.
882 4028 1177 4107 Praecepta
1210 4041 1399 4089 autem
1440 4032 1688 4109 positiva
1727 4032 1913 4090 omitti
1953 4032 2256 4105 aliquando
2299 4042 2560 4109 possunt,
2599 4049 2674 4088 ne

492 4124 587 4185 alii
636 4126 971 4187 scandalum
1016 4130 1313 4204 patiantur,
1376 4138 1416 4166 ‘⁶
1438 4132 1574 4203 quia
1624 4142 1972 4209 praeceptum
2017 4132 2280 4209 generale
2325 4132 2398 4189 de
2443 4128 2674 4190 vitando

488 4224 759 4285 scandalo
784 4228 1057 4303 proximi,
1085 4248 1215 4288 cum
1228 4230 1319 4288 sit
1342 4231 1612 4299 naturale,
1639 4230 2052 4307 praeferendum
2081 4241 2169 4290 est
2194 4232 2494 4309 praeceptis
2523 4229 2676 4309 posi-

487 4326 636 4385 tivis.
721 4326 799 4383 At
838 4326 973 4400 quia
1016 4344 1287 4404 magnum
1326 4339 1481 4387 esset
1524 4330 1957 4389 incommodum
2003 4331 2279 4399 mulieriS,
2327 4334 2378 4391 si
2425 4333 2551 4408 ipsa
2594 4328 2667 4387 ob

562 4521 647 4587 (1)
687 4518 746 4568 L.
768 4520 819 4569 ii.
842 4518 1006 4569 Tract.
1027 4519 1093 4569 iii.
1116 4534 1167 4569 n.
1190 4521 1273 4569 46.
1536 4524 1624 4589 (2)
1663 4523 1862 4574 Ibidem.
2127 4524 2214 4593 (3)
2253 4524 2394 4575 Matt:
2416 4540 2498 4575 n.
2526 4526 2601 4573 14.
