3117 5217
518 536 639 593 276
1086 528 1199 587 DE
1240 527 1470 587 FIDEI
1510 523 2130 587 NECESSITATE.

598 700 699 756 28.
742 692 1121 771 Decalogum,
1142 695 1456 753 orationem
1482 692 1854 758 dominicam,
1875 710 1990 749 una
2015 708 2148 749 cum
2167 690 2456 765 symbolo,
2483 699 2542 747 et
2565 708 2692 761 quae

522 794 595 852 ad
618 800 965 851 sacramenta
991 791 1353 867 suscipienda
1372 791 1690 849 necessaria
1713 800 1850 847 sunt
1873 790 2040 857 scitu,
2055 798 2114 845 et
2129 788 2362 846 modum
2391 786 2698 846 formandae

520 893 724 959 crucis,
752 910 829 949 ex
853 899 1137 966 praecepto
1174 889 1517 947 addiscenda
1555 906 1682 945 esse
1722 888 1929 945 docent
1961 887 2230 963 theologi,
2257 887 2394 943 nixi
2429 894 2702 961 perpetua

524 990 803 1047 Ecclesiae
830 986 1261 1047 consuetudine.
1346 988 1614 1045 Graviter
1651 988 1824 1061 igitur
1857 1004 2093 1061 peccare
2131 984 2405 1043 censendi
2431 993 2566 1041 sunt
2601 1001 2700 1059 pa-

522 1098 735 1153 rentes,
764 1088 863 1158 qui
888 1104 955 1143 ea
980 1086 1131 1144 filios
1158 1086 1399 1144 edocere
1439 1086 1769 1163 negligunt;
1809 1083 1902 1140 vel
1940 1083 2174 1159 parochi
2201 1083 2300 1155 qui
2325 1090 2387 1140 ut
2411 1081 2698 1139 tradantur

524 1184 674 1242 haud
700 1194 913 1242 curant.

600 1286 699 1340 29.
742 1283 1099 1357 Praeceptum
1123 1282 1259 1339 fidei
1286 1292 1445 1339 actus
1474 1279 1737 1339 eliciendi
1761 1281 2014 1348 interius,
2041 1280 2254 1355 obligat
2271 1296 2474 1337 omnes
2493 1278 2698 1349 quibus

528 1382 791 1438 veritates
816 1400 849 1437 a
876 1382 1005 1438 Deo
1030 1382 1291 1437 revelatae
1328 1382 1465 1437 satis
1492 1379 1798 1455 propositae
1837 1387 1990 1435 sunt.
2071 1378 2292 1435 Idcirco
2319 1377 2572 1434 fidelium
2597 1374 2698 1433 fflii

528 1498 561 1535 a
586 1479 926 1554 pastoribus,
955 1477 1047 1536 vel
1072 1478 1395 1553 parentibus
1418 1478 1627 1545 edocti,
1655 1476 1868 1533 debent
1902 1476 2126 1535 interno
2153 1477 2327 1533 animi
2353 1494 2586 1532 assensu
2615 1463 2698 1530 di·-v

527 1578 720 1635 vinam
766 1578 951 1635 colere
1003 1577 1330 1634 veritatem:
1390 1575 1543 1648 quod
1596 1576 2018 1651 quamprimum
2064 1584 2195 1650 post
2235 1593 2404 1632 usum
2457 1573 2690 1631 rationis

530 1676 797 1751 adeptum
824 1675 1007 1733 facere
1032 1669 1305 1750 oportet.¹
1385 1675 1473 1732 Ita
1498 1674 1670 1731 etiam
1699 1674 2044 1745 quicumque
2081 1673 2400 1750 legitimum
2427 1671 2704 1728 audierint

529 1773 643 1832 Dei
668 1774 825 1831 verbi
853 1787 1196 1851 praeconem,
1216 1775 1383 1850 juxta
1407 1771 1547 1831 illud
1575 1772 1829 1829 Christi:
1875 1779 1915 1807 ‘⁴
1937 1772 2162 1829 Euntes
2187 1772 2249 1829 in
2275 1769 2552 1829 mundum
2577 1770 2700 1826 uni-

528 1891 777 1937 versum,
801 1872 1099 1947 praedicate
1128 1871 1484 1947 evangelium
1512 1871 1668 1928 omni
1689 1881 1956 1928 creaturae
1979 1888 1993 1926 ε
2038 1872 2135 1942 qui
2162 1869 2468 1927 crediderit
2491 1878 2550 1925 et
2573 1869 2702 1942 bap-

526 1972 729 2027 tizatus
770 1968 955 2034 fuerit,
996 1968 1183 2025 salvus
1222 1970 1364 2026 erit:
1422 1969 1522 2040 qui
1563 1968 1697 2025 vero
1738 1988 1857 2026 non
1895 1967 2218 2035 crediderit,
2258 1960 2704 2025 damnabimr.”2

530 2067 687 2124 Hinc
726 2066 1037 2142 Apostolus
1078 2065 1147 2123 de
1187 2068 1259 2125 iis
1299 2068 1397 2138 qui
1436 2068 1756 2143 rejecerunt
1791 2067 2178 2143 evangelicam
2220 2066 2698 2142 praedicationem,

527 2165 752 2223 scribit:
798 2174 837 2201 ‘⁶
860 2164 1030 2231 Quod
1056 2166 1107 2222 si
1134 2167 1301 2223 etiam
1328 2177 1588 2241 opertum
1615 2175 1702 2222 est
1724 2166 2082 2241 evangelium
2109 2166 2473 2232 nostrum,-in
2499 2165 2569 2220 iis
2605 2165 2702 2235 qui

529 2274 787 2341 pereunt,
819 2274 907 2320 est
930 2273 1209 2338 opertum,
1238 2267 1297 2322 in
1325 2266 1533 2336 quibus
1561 2263 1722 2320 Deus
1742 2263 1914 2339 hujus
1941 2264 2134 2321 soeculi
2160 2262 2466 2321 excaecavit
2483 2270 2702 2319 mentes

530 2361 865 2427 infidelium,
885 2371 949 2417 ut
966 2381 1081 2419 non
1101 2361 1316 2437 fulgeat
1350 2363 1461 2420 illis
1498 2362 1839 2419 illuminatio
1866 2362 2146 2439 evangelii
2167 2362 2362 2438 gloriae
2385 2354 2699 2417 Christi.”³

530 2459 709 2535 Igitur
734 2460 1035 2517 occasione
1062 2460 1189 2517 data
1214 2479 1381 2517 veros
1408 2460 1630 2518 Christi
1671 2478 1964 2537 praecones
1992 2459 2274 2528 audiendi,
2303 2460 2402 2515 vix
2427 2476 2699 2516 excusan-

531 2568 619 2614 tur
656 2558 757 2628 qui
797 2558 1113 2616 doctrinam
1156 2558 1293 2616 fidei
1337 2577 1453 2616 non
1475 2560 1910 2635 amplectuntur,
1956 2577 2132 2629 quum
2179 2559 2340 2615 Deus
2381 2566 2585 2632 praesto
2629 2556 2703 2611 sit

530 2656 801 2732 legitimis
827 2657 985 2715 verbi
1013 2659 1389 2731 praeconibuS‚
1430 2657 1684 2729 ideoque
1705 2640 2052 2715 audientium
2091 2666 2310 2715 mentes
2348 2656 2522 2732 gratia
2547 2655 2702 2711 illus·

537 2764 663 2821 tret‚
710 2756 821 2812 nisi
866 2757 1089 2813 obicem
1135 2773 1241 2812 suo
1282 2756 1419 2812 vitio
1458 2757 1744 2831 objiciant.
1831 2754 1971 2811 Orta
2011 2766 2196 2813 autem
2243 2754 2586 2813 dubitatione
2631 2752 2702 2809 de

534 2862 689 2909 secta
712 2854 772 2910 in
800 2871 911 2923 qua
936 2854 1065 2924 quis
1092 2862 1365 2919 versetur,
1406 2863 1628 2910 tenetur
1664 2851 1862 2929 procul
1901 2854 2076 2911 dubio
2116 2872 2364 2925 quaerere
2393 2854 2700 2917 veritatem,

532 2959 588 3005 et
624 2958 741 3006 toto
788 2950 995 3006 mentis
1032 2949 1219 3006 studio
1260 2950 1517 3008 divinum
1559 2952 1863 3027 implorare
1901 2953 2118 3020 lumen,
2159 2952 2398 3009 salutem
2439 2951 2704 3007 omnibus

534 3046 707 3121 hujus
733 3046 930 3104 mundi
954 3048 1283 3106 utilitatibus
1312 3051 1676 3108 antelaturus.
1757 3049 2003 3108 Plurimi
2030 3052 2137 3108 hac
2163 3068 2238 3107 ex
2264 3059 2418 3126 parte
2446 3058 2702 3125 peccant,

537 3143 689 3215 quod
716 3144 899 3201 nolint
934 3146 1239 3215 inquirere,
1267 3148 1359 3203 vel
1399 3156 1606 3205 attenta
1632 3156 1822 3204 mente
1861 3148 2220 3207 considerare
2258 3148 2504 3205 veritatis
2546 3164 2706 3222 argu-

532 3249 743 3297 menta.
800 3242 1009 3297 Merito
1036 3240 1297 3298 damnata
1323 3253 1409 3299 est
1434 3245 1751 3320 propositio
1775 3264 1790 3301 :
1835 3254 1875 3281 ‘⁴
1895 3248 1965 3303 ab
1990 3246 2316 3304 infidelitate
2342 3246 2706 3303 excusabitur

531 3356 647 3395 non
675 3336 913 3395 credens
939 3338 1142 3395 ductus
1170 3340 1440 3416 opinione
1466 3343 1658 3399 minus
1687 3342 2059 3420 probabili.”‘¹

614 3441 711 3494 30.
755 3437 995 3502 Quoties
1021 3438 1329 3496 eliciendus
1358 3441 1433 3497 sit
1454 3441 1589 3499 fidei
1617 3450 1772 3499 actus
1792 3442 2080 3514 inquirunt
2098 3442 2370 3518 theologi.
2414 3441 2704 3513 Equidem

536 3556 710 3609 quum
744 3534 905 3593 Deus
944 3538 1159 3596 colatur
1196 3539 1472 3610 obsequio
1513 3540 1729 3597 veritati
1757 3542 1882 3616 ejus
1923 3542 2192 3615 praestito,
2231 3542 2439 3615 saepius
2479 3539 2587 3596 hac
2625 3558 2708 3595 ra·

535 3638 687 3695 tione
733 3636 1097 3694 honorandus
1143 3648 1246 3694 est.
1317 3638 1545 3695 *Merito
1587 3640 1759 3715 igitur
1798 3637 2072 3695 damnatae
2113 3647 2248 3695 sunt
2286 3638 2706 3715 propositiones

536 3745 873 3808 sequentes:
922 3740 1016 3793 16.
1061 3744 1101 3771 “
1118 3736 1292 3793 Fides
1313 3756 1427 3794 non
1455 3745 1716 3795 censetur
1733 3735 1931 3792 cadere
1959 3736 2064 3793 sub
2084 3748 2429 3814 praeceptum
2457 3736 2706 3813 speciale

536 3832 845 3890 secundum
876 3834 1003 3890 se.”
1091 3838 1185 3892 17.
1231 3844 1269 3870 “
1290 3835 1439 3891 Satis
1466 3844 1553 3890 est
1579 3843 1762 3891 actum
1801 3832 1936 3890 fidei
1975 3836 2156 3892 semel
2180 3836 2238 3892 in
2265 3836 2378 3893 vita
2406 3826 2706 3893 elicere.”⁵

538 3928 806 4001 Plerique
835 3940 1068 3988 censent
1094 3932 1273 3988 semel
1311 3933 1510 3989 saltem
1548 3934 1610 3989 in
1649 3950 1796 3991 anno
1837 3931 2178 3991 eliciendum
2220 3951 2388 3998 esse3
2429 3932 2532 3990 sed
2575 3950 2708 3989 con-

538 4028 787 4084 sentiunt
825 4046 951 4085 eam
996 4030 1259 4085 virtutum
1305 4030 1640 4104 pietatisque
1686 4031 1970 4088 exercitiis
2013 4027 2309 4098 contineri,
2351 4030 2594 4103 ideoque
2637 4029 2707 4085 de

608 4242 694 4306 (1)
733 4241 858 4289 Vide
880 4242 1061 4303 Maon,
1082 4243 1291 4309 Disput.
1314 4245 1639 4298 Pra’ambula
1659 4246 1730 4297 ad
1747 4248 2069 4315 Decalogum,
2091 4266 2172 4312 qu.
2187 4249 2220 4297 i.
2238 4255 2323 4297 art.
2345 4248 2377 4297 i.
2403 4252 2448 4307 ξ.
2471 4247 2503 4295 i.

611 4327 696 4391 (2)
735 4326 884 4374 Marc.
906 4328 1004 4375 xvi.
1032 4330 1109 4375 15.
1867 4337 1952 4399 (3)
1990 4334 2054 4381 ΙΙ.
2079 4334 2192 4381 Cor.
2209 4334 2273 4381 iv.
2292 4336 2339 4380 3.

610 4412 693 4475 (4)
731 4410 819 4459 IV.
844 4410 982 4461 Inter
1002 4411 1269 4463 damnatas
1288 4413 1351 4464 ab
1376 4414 1545 4466 Ιηηοσ.
1565 4415 1662 4465 XI.
1869 4420 1953 4483 (5)
1992 4418 2091 4467 xvi.
2114 4418 2230 4467 xvii,
2251 4418 2442 4470 ibidem.
