3117 5217
1275 600 1389 659 DE
1432 598 1812 659 SIMONIA.
1871 550 1882 563 ·
2526 602 2646 657 247

467 777 838 835 sacramento,
866 776 1071 845 sponte
1110 786 1143 825 a
1180 767 1445 825 fidelibus
1484 767 1773 833 offeratur,
1815 766 1873 823 id
1911 762 2065 824 licite
2106 784 2208 843 pro
2235 763 2644 850 consuetudine

466 867 722 925 locorum
750 868 1009 945 accipere
1037 868 1261 943 poterit,
1292 867 1405 924 nisi
1430 867 1592 924 aliter
1615 868 1892 942 episcopo
1921 858 2274 923 videatur.’'l

546 971 642 1023 62.
687 966 961 1025 Simoniae
1006 966 1087 1025 rei
1132 975 1282 1033 sunt,
1330 966 1428 1038 qui
1480 966 1824 1041 pauperibus
1871 965 2024 1023 haud
2069 965 2380 1023 valentibus
2427 964 2646 1022 solvere

467 1065 780 1122 oblationes
808 1075 1131 1132 consuetae,
1171 1074 1519 1123 sacramenta
1560 1065 1760 1122 nolunt
1799 1065 2094 1141 impertiri.
2179 1064 2292 1130 Qui
2335 1074 2521 1122 autem
2564 1082 2650 1119 sa-

466 1174 881 1223 cramentorum
909 1165 1136 1224 illorum
1163 1163 1635 1221 administrationi
1675 1164 1916 1232 inhiant,
1958 1175 2020 1221 ut
2063 1164 2460 1239 eleemosynas
2507 1163 2654 1220 acci·

467 1263 643 1337 piant‚
686 1264 776 1321 vel
816 1283 1051 1340 operam
1091 1264 1363 1324 adhibent
1390 1273 1455 1321 ut
1494 1263 1799 1339 ampliores
1839 1264 1946 1321 sibi
1975 1263 2300 1330 tribuantur,
2331 1262 2652 1339 cupiditatis

469 1363 658 1436 potius
687 1381 857 1435 quam
886 1364 1145 1420 simoniae
1172 1362 1313 1420 vitio
1340 1363 1728 1435 inquinantur.
1775 1370 1812 1398 “
1837 1364 1902 1420 Si
1929 1364 2118 1435 aliqua
2137 1380 2212 1419 ex
2241 1359 2654 1420 consuetudine

472 1462 773 1537 exigantur
812 1462 975 1534 quasi
1014 1462 1256 1537 pretium
1295 1463 1380 1520 rei
1420 1462 1724 1537 spiritualis
1765 1480 1895 1519 cum
1936 1462 2246 1519 intentione
2273 1460 2525 1530 emendi,
2563 1460 2650 1518 vel

474 1558 774 1627 vendendi,
804 1570 890 1618 est
916 1560 1215 1619 manifeste
1242 1561 1508 1628 simonia,
1550 1571 1608 1617 et
1642 1562 1926 1637 praecipue
1955 1562 2004 1619 si
2034 1562 2102 1618 ab
2129 1561 2310 1618 invito
2337 1561 2652 1637 exigantur.

476 1658 541 1715 Si
572 1657 705 1717 vero
733 1661 1033 1736 exigantur
1056 1660 1219 1732 quasi
1246 1660 1503 1731 quaedam
1526 1659 1812 1736 stipendia
1837 1678 1940 1736 per
1959 1658 2425 1718 consuetudinem
2455 1676 2658 1735 appro-

476 1758 619 1824 bata,
649 1778 762 1817 non
792 1768 878 1815 est
908 1760 1187 1817 simonia:
1231 1760 1280 1815 si
1308 1769 1497 1817 tamen
1523 1758 1670 1816 desit
1709 1760 1944 1817 intentio
1979 1758 2205 1817 emendi
2233 1759 2324 1816 vel
2351 1756 2656 1824 vendendi,

475 1856 576 1915 sed
606 1857 841 1916 intentio
871 1858 1143 1917 referatur
1167 1858 1236 1915 ad
1266 1859 1445 1916 solam
1472 1858 1902 1917 consuetudinis
1945 1859 2386 1926 observantiam,
2431 1867 2490 1915 et
2517 1874 2660 1934 prae-

476 1956 641 2032 cipue
669 1958 899 2030 quando
924 1958 1131 2031 aliquis
1160 1958 1475 2016 voluntarie
1514 1958 1704 2016 solvit.
1787 1958 1857 2022 In
1896 1958 1987 2016 his
2017 1968 2204 2015 tamen
2233 1957 2497 2015 omnibus
2525 1955 2657 2014 soli·

478 2056 589 2113 cite
634 2057 950 2116 cavendum
997 2069 1087 2116 est
1128 2057 1283 2131 quod
1328 2058 1498 2115 habet
1540 2057 1794 2134 speciem
1843 2058 2124 2124 simoniae,
2154 2058 2245 2114 vel
2290 2056 2654 2132 cupiditatis:

478 2156 793 2220 ¹seeundum
822 2156 962 2215 illud
988 2158 1254 2233 Apostoli
1286 2161 1311 2213 1
1346 2156 1415 2213 ad
1443 2156 1998 2215 Thessalonicenses
2025 2157 2126 2214 ult.
2170 2156 2258 2213 Ab
2279 2157 2437 2214 omni
2465 2156 2660 2232 specie

476 2254 625 2310 mala
652 2256 927 2313 abstinete
956 2250 1160 2313 νο.ε;.”2

558 2355 655 2409 63.
700 2353 1023 2411 Occasione
1058 2354 1416 2412 ministrandi
1456 2355 1942 2413 confirmationem
1984 2354 2126 2412 nihil
2167 2354 2314 2411 solet
2352 2351 2511 2413 dari:
2557 2351 2658 2409 sed

482 2449 757 2527 episcopo
802 2452 1177 2541 visitationem
1222 2453 1451 2510 facienti
1493 2472 1611 2511 suae
1665 2453 1982 2512 dioeceseos
2025 2453 2289 2512 victualia
2340 2451 2658 2530 praestanda

485 2544 665 2605 sunt.³

562 2650 659 2705 64.
702 2648 1065 2711 Eucharistia
1095 2650 1265 2706 etiam
1306 2647 1750 2709 administranda
1788 2660 1892 2719 est,
1923 2649 2082 2707 nullo
2121 2668 2190 2707 ea
2231 2650 2533 2706 occasione
2573 2667 2663 2705 ae·

486 2757 653 2822 cepto
697 2766 969 2805 munere:
1012 2748 1115 2806 sed
1144 2748 1346 2806 Missae
1374 2747 1678 2806 celebratio
1718 2758 1774 2806 et
1818 2748 2120 2825 applicatio
2153 2749 2320 2824 juxta
2358 2746 2667 2824 specialem

486 2846 809 2923 cujuspiam
840 2856 1106 2916 mentem,
1128 2848 1226 2924 jus
1246 2848 1341 2905 dat
1358 2846 1427 2904 ad
1450 2846 1882 2926 eleemosynam
1905 2848 2208 2916 modicam,
2230 2865 2355 2919 quae
2378 2847 2668 2923 plerisque

486 2946 545 3001 in
592 2942 933 3004 dioecesibus
980 2945 1217 3004 dimidio
1264 2948 1485 3005 nummi
1538 2950 1792 3025 argentei
1837 2956 2074 3006 constat.
2159 2948 2277 3013 Qui
2323 2946 2668 3005 missionarii

489 3043 695 3103 alicubi
722 3046 1023 3120 pecuniam
1064 3027 1348 3122 accipiunt
1387 3045 1743 3122 ampliorem,
1774 3048 1996 3121 quoties
2037 3048 2537 3124 congregationem
2567 3046 2666 3104 ali·

490 3160 659 3215 quam
686 3146 958 3214 invisunt,
986 3164 1113 3204 eam
1140 3147 1318 3204 instar
1342 3146 1618 3223 stipendii
1644 3149 1718 3205 ob
1743 3148 1959 3206 itineris
1997 3146 2242 3214 labores,
2271 3156 2330 3203 et
2354 3147 2517 3223 plura
2543 3164 2666 3205 mu-

489 3243 584 3301 nia
610 3246 756 3303 sacri
784 3246 1081 3305 ministerii
1106 3244 1334 3305 habent.

566 3346 663 3401 65.
708 3346 1061 3404 Poenitentiae
1090 3345 1475 3405 ministrandae
1502 3348 1808 3421 occasione
1839 3348 1983 3423 nihil
2026 3354 2114 3404 est
2138 3343 2568 3423 accipiendum:
2612 3344 2672 3402 id

492 3442 645 3499 enim
674 3444 733 3502 in
761 3445 974 3503 Rituali
1000 3445 1267 3504 Romano
1292 3445 1545 3503 districte
1573 3454 1660 3501 est
1683 3448 1940 3503 vetitum.
2025 3454 2064 3481 ‘⁶
2089 3443 2464 3502 Poenitentias
2503 3462 2674 3518 pecu-

490 3540 695 3599 niarias
735 3544 1029 3620 sibiipsis
1058 3542 1416 3602 Confessarii
1452 3562 1570 3603 non
1615 3544 1925 3619 applicent,
1967 3561 2154 3614 neque
2196 3562 2230 3598 a
2266 3542 2674 3617 poenitentibus

482 3640 792 3714 quidquam
822 3654 1109 3714 tamquam
1138 3642 1437 3699 ministerii
1462 3642 1551 3699 sui
1578 3644 1877 3716 praemium
1904 3650 2114 3717 petant,
2143 3632 2638 3714 verae-cipiantssst

572 3742 669 3797 66.
726 3741 1017 3799 Extremae
1042 3739 1371 3799 ‘Unctionis
1417 3740 1720 3798 occasione
1761 3740 1906 3797 nihil
1953 3740 2244 3815 accipitur,
2293 3737 2396 3795 sed
2441 3738 2668 3814 aegrotis

492 3840 687 3896 omnia
724 3838 918 3896 salutis
946 3838 1193 3897 subsidia
1236 3840 1409 3916 gratis
1450 3838 1898 3914 suppeditantur.
1983 3838 2153 3905 Quod
2193 3838 2242 3896 si
2268 3836 2533 3895 sacerdos
2573 3838 2680 3895 iter
2763 3840 2770 3847 '

495 3936 873 4013 longinquum
900 3938 1098 3995 fecerit
1136 3937 1207 3995 ad
1234 3956 1334 3996 eos
1362 3938 1716 4005 invisendos,
1739 3938 1821 3995 nil
1852 3946 2001 3995 vetat
2025 3948 2086 3995 ut
2109 3940 2164 3996 ei
2191 3938 2394 3995 dentur
2419 3932 2682 3996 necessa4

498 4037 597 4093 riae
626 4037 843 4095 itineris
872 4038 1177 4111 impensae:
1222 4038 1371 4093 absit
1398 4047 1587 4094 autem
1615 4046 1678 4093 ut
1702 4056 1734 4093 a
1760 4038 2105 4113 pauperibus
2132 4038 2450 4114 exigantur.

578 4136 675 4191 67.
710 4134 966 4204 ,Ordines
994 4135 1165 4210 gratis
1191 4136 1429 4193 omnino
1456 4136 1788 4194 conferendi
1813 4145 1944 4193 sunt
1968 4153 1982 4193 ε
2028 4145 2066 4173 “
2085 4138 2368 4204 Quoniam
2399 4139 2468 4195 ab
2495 4136 2677 4194 eccle-

498 4233 729 4291 siastico
756 4232 952 4291 ordine
981 4234 1169 4290 omnis
1196 4234 1444 4292 avaritiae
1472 4236 1730 4313 suspicio
1755 4237 1956 4293 abesse
1993 4234 2176 4306 debet,
2203 4237 2348 4295 nihil
2377 4256 2480 4315 pro
2508 4234 2676 4297 eolla·

572 4376 657 4441 (1)
697 4373 773 4423 De
794 4374 854 4423 iis
876 4390 981 4437 quae
998 4374 1051 4423 in
1075 4374 1185 4423 Sac.
1206 4374 1471 4425 administr.

574 4460 660 4525 (2)
701 4463 748 4507 2.
772 4462 819 4507 2.
842 4474 923 4522 qu.
947 4476 988 4507 c.
1013 4466 1097 4507 art.
1117 4459 1170 4509 ii.
1239 4459 1327 4510 Ad
1342 4464 1603 4528 quartum.

574 4546 659 4611 (3)
700 4542 854 4594 Conc-
878 4542 1012 4593 Trid.
1036 4544 1165 4593 Sess.
1188 4545 1322 4595 xxiv.
1344 4560 1449 4608 cap.
1471 4544 1538 4597 iii.
1573 4545 1632 4597 de
1655 4545 1768 4615 Res.
2042 4548 2126 4612 (4)
2167 4545 2244 4594 De
2266 4544 2377 4593 Sao.
2399 4541 2578 4591 Poenit.
