3117 5217
437 595 548 648 152
1133 589 1247 648 DE
1290 587 1906 648 TESTAMENTO.

437 761 603 819 etiam
647 760 925 818 sancitum
964 754 1099 827 est,¹
1128 767 1191 816 ut
1221 759 1440 818 scilicet
1472 779 1507 816 a
1544 758 1766 818 duobus
1807 777 1956 832 quos
1995 760 2218 836 rogavit
2255 768 2488 818 testator
2512 777 2628 816 suae

436 859 742 918 voluntatis
770 869 943 916 testes
971 858 1115 926 fore,
1142 859 1430 935 probetur,
1459 856 1772 916 dummodo
1813 857 2026 916 factum
2065 859 2138 916 sit
2163 867 2418 934 tempore
2443 858 2630 916 ultimi

438 958 644 1025 morbi,
673 968 729 1014 et
754 959 813 1016 in
842 977 945 1016 sua
971 956 1165 1025 domo,
1206 967 1303 1014 aut
1332 958 1390 1016 in
1428 957 1535 1014 alia
1563 957 1621 1014 in
1649 975 1773 1044 qua
1799 975 1903 1032 per
1941 955 2136 1014 decem
2179 955 2300 1014 dies
2329 963 2626 1028 antequam

442 1067 841 1116 testamentum
869 1055 1007 1114 illud
1036 1055 1251 1124 fecerit,
1280 1064 1531 1115 moratus
1560 1055 1748 1124 fuerit,
1779 1065 1874 1112 aut
1896 1057 1957 1112 in
1983 1074 2097 1128 qua
2121 1055 2246 1132 ipse
2285 1056 2486 1114 morbo
2511 1072 2632 1112 cor-

440 1167 635 1232 reptus
662 1155 848 1222 suerit,
874 1154 1017 1212 adeo
1041 1165 1105 1211 ut
1132 1153 1201 1211 ad
1228 1173 1395 1212 suum
1424 1153 1778 1212 domicilium
1808 1155 2014 1212 reverti
2051 1172 2168 1212 non
2197 1164 2412 1230 posset.
2495 1151 2630 1210 Hoc

444 1265 631 1314 autem
662 1263 875 1311 tantum
902 1254 1051 1311 valet
1074 1253 1145 1310 de
1184 1255 1351 1311 rebus
1378 1253 1705 1322 mobilibus,
1735 1272 1860 1326 quae
1875 1251 2225 1330 personales
2251 1253 2474 1330 legibus
2499 1269 2634 1309 nos·

446 1356 544 1414 tris
571 1347 992 1430 designantur.²

528 1458 626 1510 32.
671 1453 739 1510 In
768 1451 1077 1519 Louisjana
1102 1450 1608 1528 nuncupativum,
1639 1470 1739 1509 seu
1782 1461 2039 1526 apertum
2068 1459 2318 1518 vocatur,
2347 1448 2503 1524 quod
2541 1466 2636 1505 co-

447 1571 569 1610 ram
594 1551 811 1609 notario
838 1550 922 1616 fit,
950 1549 1127 1606 tribus
1168 1551 1259 1608 vel
1298 1550 1550 1622 quinque
1593 1549 1939 1608 adstantibus
1979 1551 2234 1617 testibus,
2276 1531 2374 1622 qui
2413 1558 2470 1606 et
2506 1547 2636 1604 sub-

448 1651 726 1718 scribunt,
766 1657 1027 1706 testatore
1065 1650 1274 1724 pariter
1312 1649 1720 1706 subscribente.
1803 1646 2142 1732 Mysticum
2183 1648 2387 1705 dicitur
2423 1645 2577 1720 quod
2603 1664 2636 1702 a

448 1757 711 1807 testatore
730 1749 849 1824 jam
878 1747 1257 1822 subscriptum
1286 1756 1343 1804 et
1366 1747 1751 1822 obsignatum,
1779 1747 1998 1805 notario
2025 1766 2214 1805 coram
2241 1755 2462 1822 septem
2484 1745 2634 1802 testi-

449 1850 553 1906 bus
582 1847 886 1904 exhibetur
913 1856 1195 1916 tamquam
1212 1847 1339 1922 ejus
1368 1854 1788 1913 testamentum,
1812 1846 1902 1902 cui
1931 1865 2036 1903 sua
2053 1846 2286 1904 nomina
2305 1845 2633 1902 inscribunt.

448 1969 479 1988 ·-
531 1950 628 2003 33.
675 1954 714 1980 ‘⁴
737 1944 1125 2001 Ambulatoria
1150 1955 1237 2001 est
1262 1944 1517 2001 testantis
1544 1945 1803 2001 voluntas
1831 1962 2016 2016 usque
2045 1944 2116 2002 ad
2155 1955 2473 2001 exn-einum
2507 1943 2634 2000 vitae

454 2033 829 2120 spiritum:”³
856 2042 1069 2100 idcirco
1108 2043 1361 2100 revocari
1387 2050 1594 2118 potest,
1623 2043 1716 2100 vel
1753 2045 1959 2101 mutari
1986 2051 2403 2108 testamentum,
2445 2060 2638 2114 quam-

454 2141 551 2200 diu
579 2151 809 2200 testator
835 2141 978 2198 inter
1004 2141 1165 2198 vivos
1192 2153 1298 2198 est.
1382 2141 1816 2201 Testamentum
1840 2143 2124 2218 posterius
2143 2141 2349 2198 factum
2376 2159 2638 2198 revocare

456 2250 719 2298 censetur
744 2241 901 2316 prius
932 2249 1329 2298 testamentum
1359 2239 1548 2312 quoad
1575 2241 1722 2298 bona
1743 2241 1993 2308 mobilia,
2023 2259 2148 2313 quae
2174 2250 2472 2317 propterea
2509 2257 2641 2297 exe-

458 2341 659 2407 cutori,
702 2327 1582 2410 tamquam'fideicommissario,
1624 2358 1656 2395 a
1693 2339 1818 2415 lege
1857 2339 2168 2406 traduntur,
2209 2333 2320 2396 nisi
2357 2337 2428 2396 de
2469 2339 2539 2396 iis
2581 2339 2638 2395 in

456 2438 757 2514 posteriori
787 2446 1122 2496 testamento
1137 2438 1297 2495 aliter
1322 2437 1662 2513 dispositum
1689 2438 1876 2496 fuerit.
1945 2437 2036 2496 De
2063 2438 2227 2496 bonis
2256 2437 2640 2495 immobilibus

455 2538 609 2594 valet
647 2537 930 2612 posterior
968 2535 1290 2611 dispositio,
1332 2556 1458 2610 quae
1502 2546 1692 2594 tamen
1733 2536 2061 2614 adjunctum
2102 2536 2310 2594 habere
2350 2535 2521 2594 debet
2543 2553 2642 2592 ex-

457 2653 711 2712 pressam
741 2636 949 2712 prioris
978 2636 1297 2693 testamenti
1334 2636 1775 2697 revocationem.
1862 2625 2148 2694 Caeterum
2179 2636 2312 2711 jure
2351 2634 2642 2693 communi

459 2734 741 2811 posterius
782 2743 1180 2792 testamentum
1220 2744 1447 2792 revocat
1484 2734 1644 2810 prius
1672 2733 1858 2806 quoad
1897 2736 2092 2792 omnia
2131 2734 2202 2790 de
2241 2733 2444 2806 quibus
2485 2733 2646 2790 aliter

461 2829 767 2908 disponit.⁴
846 2833 988 2897 Quae
1018 2833 1383 2903 acquiruntur
1410 2841 1539 2907 post
1579 2840 1974 2890 testamentum
2015 2832 2226 2889 factum
2265 2833 2414 2889 bona
2443 2832 2644 2889 immo·

462 2931 596 2994 bilia
626 2930 755 3005 jure
793 2930 1087 2988 communi
1126 2949 1241 2986 non
1283 2939 1574 2988 transeunt
1599 2930 1667 2986 ad
1705 2931 2031 3006 legatarium
2060 2931 2405 3007 generalem,
2433 2929 2532 2987 sed
2575 2927 2645 2986 ad

460 3028 716 3086 haeredes
757 3028 1080 3103 legitimos:
1126 3038 1372 3086 attamen
1411 3029 1647 3104 speciali
1676 3029 2116 3104 Pennsylvaniae
2155 3031 2284 3105 lege
2323 3029 2642 3098 testamenti

460 3126 762 3202 dispositio
790 3126 1073 3202 generalis
1090 3145 1157 3184 ea
1183 3127 1353 3184 etiam
1376 3129 1790 3204 complectitur,
1813 3129 2034 3200 quoties
2053 3127 2123 3186 de
2153 3129 2432 3187 testatoris
2453 3136 2643 3191 mente

460 3220 735 3282 constat.⁵

442 3383 446 3388 ,
539 3326 637 3380 34.
680 3321 976 3379 Executor
1002 3324 1341 3389 testamenti,
1384 3324 1480 3396 qui
1522 3325 1741 3382 scilieet
1778 3324 1918 3382 illud
1958 3326 2281 3384 executioni
2322 3323 2640 3390 demandet,

462 3420 845 3498 designandus
874 3430 979 3478 est.
1062 3421 1251 3497 Leges
1292 3422 1580 3480 Ecclesiae
1621 3443 1738 3482 non
1766 3433 1956 3481 vetant
1993 3425 2262 3483 clericum
2291 3423 2362 3482 ad
2385 3416 2498 3481 hoc
2523 3441 2648 3482 mu-

535 3583 619 3647 (1)
660 3589 688 3612 ‘⁴
708 3579 819 3628 The
840 3579 1134 3641 regulations
1154 3580 1209 3628 in
1229 3581 1311 3629 the
1334 3583 1514 3630 several
1536 3588 1682 3631 states
1715 3583 1852 3631 differ
1881 3584 1935 3632 in
1968 3599 2100 3632 some
2123 3583 2420 3632 unessential
2441 3582 2604 3646 points
2623 3599 2638 3640 ;

462 3669 551 3715 but
572 3666 814 3728 generally
839 3666 953 3728 they
976 3665 1099 3713 have
1123 3666 1327 3730 adopted
1360 3667 1442 3715 the
1474 3667 1732 3717 directions
1767 3668 1912 3729 given
1943 3670 2007 3731 by
2030 3669 2112 3717 the
2148 3668 2358 3730 English
2398 3674 2576 3716 statute
2599 3667 2658 3715 of

462 3751 645 3810 frauds,
673 3751 729 3799 of
756 3753 821 3798 29
848 3750 1052 3800 Charles
1074 3751 1169 3800 112²
1240 3751 1416 3800 Kent’s
1436 3751 1629 3802 Comm.
1653 3754 1746 3802 vol.
1770 3753 1832 3802 iv.
1857 3770 1906 3802 n.
1931 3755 2045 3801 514.

537 3836 622 3899 (2)
661 3834 787 3882 Vide
810 3835 1051 3884 Purdonis
1073 3835 1327 3897 digestum,
1350 3844 1435 3886 art.
1470 3836 1625 3887 Wilh.

536 3920 619 3983 (3)
659 3917 718 3965 L.
740 3918 804 3966 iv.
826 3917 877 3965 ff.
895 3919 952 3968 de
974 3919 1271 3971 adimendis.

539 4002 622 4066 (4)
662 4010 691 4033 “
710 4002 757 4048 A
781 4003 957 4050 second
978 4004 1080 4052 will
1099 4005 1143 4052 is
1164 4022 1195 4052 a
1215 4007 1488 4056 revocation
1510 4008 1568 4056 of
1583 4024 1613 4056 a
1634 4007 1806 4056 former
1828 4023 1936 4066 one,
1953 4007 2181 4070 provided
2197 4008 2237 4056 it
2257 4007 2454 4056 contain
2475 4007 2634 4056 words

464 4085 709 4148 expressly
733 4086 966 4146 revoking
987 4087 1038 4146 it,
1074 4104 1127 4135 or
1160 4091 1327 4137 makes
1362 4107 1392 4139 a
1423 4091 1645 4140 different
1683 4077 1778 4141 and
1813 4092 2152 4156 incompatible
2173 4092 2458 4156 disposition
2481 4092 2537 4140 of
2563 4092 2645 4140 the

466 4174 706 4232 property.
776 4167 956 4217 Unless
978 4170 1016 4218 it
1034 4172 1094 4219 be
1116 4172 1266 4220 found
1288 4179 1339 4221 to
1377 4175 1501 4223 have
1532 4175 1790 4224 contained
1825 4192 1921 4228 one
1941 4193 1993 4233 or
2027 4177 2109 4225 the
2131 4176 2280 4236 other,
2302 4176 2342 4224 it
2361 4176 2404 4224 is
2427 4191 2494 4224 no
2515 4191 2648 4224 revo-

464 4252 625 4302 cation
649 4251 705 4300 of
732 4268 762 4300 a
782 4252 955 4302 former
975 4254 1121 4303 will.”
1158 4256 1335 4307 Kent’s
1367 4259 1559 4308 Comm.
1583 4260 1676 4308 vol.
1699 4260 1762 4307 iv.
1784 4267 1891 4322 part
1906 4261 1974 4308 vi.
1998 4260 2086 4311 lec.
2107 4260 2258 4310 lxviii.
2281 4276 2331 4310 n.
2355 4263 2470 4311 628.

538 4338 622 4401 (5)
663 4344 691 4368 “
710 4335 821 4384 The
842 4336 940 4384 real
962 4344 1111 4386 estate
1134 4340 1356 4402 acquired
1379 4344 1442 4405 by
1467 4359 1496 4390 a
1518 4349 1712 4390 testator
1733 4343 1851 4392 aster
1884 4344 2084 4404 making
2117 4344 2196 4392 his
2228 4344 2344 4402 will,
2362 4320 2502 4392 ‘shall
2536 4358 2650 4405 pass

464 4423 529 4485 by
554 4438 583 4470 a
605 4422 796 4482 general
818 4420 992 4480 devise,
1016 4422 1180 4470 unless
1220 4441 1249 4472 a
1288 4433 1508 4488 contrary
1532 4427 1770 4475 intention
1803 4429 1862 4476 be
1901 4428 2126 4476 manifest
2148 4443 2212 4476 on
2247 4428 2332 4476 the
2365 4427 2467 4476 face
2491 4426 2548 4474 of
2573 4425 2656 4474 tho

467 4505 614 4556 will.”
686 4507 784 4556 Act
805 4507 861 4556 of
888 4507 975 4555 Sth
998 4508 1152 4571 April,
1181 4511 1325 4568 1833,
1351 4514 1395 4568 ς.
1419 4526 1467 4558 x.
