3117 5217
1269 506 1384 611 ’ΒΕ
1427 552 1811 619 Donamus,
2551 562 2631 617 35

1310 1062 1596 1123 CAPUT
1636 1064 1750 1123 ΙΙΙ.

1335 1272 1414 1312 DE
1457 1273 1728 1313 Domms.

1051 1425 1103 1499 §.
1130 1424 1179 1483 Ι.
1265 1424 1362 1486 De
1403 1444 1653 1488 romnus
1692 1445 2018 1485 crunnus.

521 1597 614 1650 15.
664 1592 978 1673 Hominem
1006 1612 1196 1655 rerum
1223 1595 1519 1656 dominum
1556 1616 1590 1653 a
1616 1595 1747 1655 Deo
1788 1595 2157 1653 constitutum
2182 1612 2311 1652 esse
2340 1571 2521 1667 liquet
2547 1614 2619 1653 ex

437 1692 681 1781 Genesi.
741 1695 924 1752 Porro
950 1695 1345 1768 unusquisque
1385 1696 1563 1755 homo
1587 1695 1831 1755 dominii
1870 1714 2053 1771 capax
2080 1696 2337 1763 est,·sive
2364 1695 2438 1751 sit
2462 1712 2627 1752 verus

432 1791 547 1851 Dei
573 1794 754 1851 cultor
779 1804 837 1850 et
861 1792 1127 1861 famulus,
1163 1796 1284 1853 sive
1311 1804 1581 1874 peccator
1616 1806 1673 1853 et
1710 1790 1977 1853 infidelis.
2062 1792 2273 1853 Merito
2302 1795 2513 1870 rejecta
2534 1803 2627 1851 est

433 1891 730 1951 Wickleffi
757 1894 1057 1960 sententia,
1085 1904 1424 1969 potestatem
1462 1913 1697 1953 omnem
1726 1904 1782 1953 et
1823 1896 2213 1963 auc-toritatem
2240 1892 2614 1971 gubernandi,

432 1991 578 2049 sicut
601 2002 657 2049 et
681 1991 1021 2060 dominium,
1051 1990 1425 2069 abjudicantis
1445 1994 1665 2053 h‘omini
1696 1996 1917 2072 peccati
1944 1995 2133 2071 gravis
2161 2012 2294 2052 reo:
2341 2002 2379 2029 ‘⁶
2400 1992 2615 2051 Nullus

434 2102 520 2146 est
538 2089 806 2150 dominus
832 2092 1041 2177 civilis3
1069 2092 1256 2151 nullus
1283 2104 1372 2151 est
1391 2094 1674 2169 praelatus,
1703 2094 1893 2152 nullus
1920 2094 2249 2171 episcopus,
2279 2090 2415 2153 dum
2441 2101 2530 2150 est
2554 2093 2615 2149 in

438 2200 675 2265 peccato
697 2184 1020 2248 mortali.”1
1100 2191 1390 2264 Equidem
1431 2193 1585 2265 quod
1612 2194 1886 2270 competit
1910 2193 2131 2253 homini
2156 2193 2215 2249 in
2243 2210 2354 2259 ree,
2383 2192 2476 2248 vel
2504 2210 2629 2265 per-

435 2308 627 2357 sonas,
657 2288 996 2358 dominium,
1025 2309 1143 2349 non
1183 2292 1362 2349 amitti
1401 2302 1655 2368 peccato,
1699 2286 2009 2365 nequidem
2049 2289 2401 2358 infidelitate,
2444 2289 2626 2362 liquet

435 2407 510 2445 ex
537 2388 890 2447 documentis
919 2390 1267 2465 apostoliciS,
1298 2409 1424 2463 quae
1466 2390 1849 2459 dominorum,
1880 2392 2047 2449 etiam
2074 2389 2469 2466 dyscolorum,
2492 2390 2629 2466 jura·

436 2487 714 2545 servanda
743 2489 965 2564 jubent,
993 2488 1334 2563 famulisque
1362 2492 1703 2573 pfaecipiunt
1742 2502 1806 2549 ut
1827 2492 1911 2549 eis
1935 2500 2164 2566 propter
2190 2488 2383 2547 Deum
2410 2490 2625 2547 obtem—

439 2578 697 2661 perent.²
2651 2586 2657 2592 '

521 2690 612 2743 16.
657 2681 998 2749 Dominium
1019 2688 1310 2764 publicum
1354 2688 1558 2746 dicitur
1594 2671 1921 2764 reipublicae
1962 2686 2263 2743 auctoritas
2291 2684 2351 2741 in
2379 2703 2469 2741 res
2498 2675 2621 2741 om-

434 2804 536 2843 nes
561 2786 790 2862 publico
815 2798 872 2843 et
910 2788 1205 2845 communi
1243 2788 1453 2845 civium
1483 2788 1615 2847 usui
1639 2786 1973 2849 destinatas.
2062 2785 2163 2843 Sic
2190 2786 2251 2843 in
2281 2792 2507 2861 ponteS,
2526 2801 2626 2857 ‘ca-

433 2885 611 2954 nales‚
641 2886 762 2943 vias
788 2885 1110 2945 dominium
1137 2888 1306 2945 habet
1331 2887 1526 2945 Status
1555 2887 1822 2960 quilibet;
1866 2886 1923 2943 in
1954 2886 2073 2942 vias
2102 2904 2243 2958 quas
2272 2883 2461 2941 dicere
2489 2900 2623 2940 con·

431 2985 720 3043 suevimus
765 2984 1127 3053 nationale&
1174 2984 1303 3058 quae
1349 2987 1572 3045 scilicet
1616 2987 1869 3062 supremi
1915 2996 2094 3044 coetus
2141 2985 2469 3043 auctoritate
2516 3000 2621 3059 per

435 3084 618 3143 varias
646 3084 968 3161 provincias
997 3084 1159 3159 factm,
1194 3093 1328 3143 sunt
1367 3088 1442 3145 ob
1485 3087 1732 3145 militum
1758 3085 2072 3143 faciliorem
2114 3094 2519 3157 commeatum,
2566 3090 2625 3139 et

435 3183 577 3241 alio's
602 3203 740 3243 usus
772 3184 872 3241 toti
899 3186 1115 3265 nationi
1155 3203 1510 3255 communes,
1546 3194 1797 3262 potestas
1839 3186 2110 3243 convenit
2148 3184 2423 3259 gubernio
2451 3200 2623 3259 gene·

436 3282 558 3339 rali.
647 3284 760 3340 Vix
787 3291 973 3342 autem
1002 3282 1238 3341 dominii
1266 3302 1406 3341 voce
1433 3285 1542 3343 hoc
1570 3283 2011 3361 nuncupandum
2046 3292 2151 3351 est,
2182 3301 2358 3356 quum
2386 3282 2627 3355 quilibet

435 3392 612 3439 status
639 3400 942 3459 supremus
981 3383 1075 3451 sit,
1119 3401 1382 3460 aegreque
1427 3383 1569 3443 ferat
1593 3384 1713 3443 veri
1752 3385 2005 3443 nominis
2046 3382 2364 3441 dominium
2405 3402 2437 3439 a
2475 3390 2623 3438 coetu

435 3482 684 3558 generali
724 3476 1028 3539 exerceri.³
1109 3481 1397 3541 Caeterum
1438 3485 1731 3561 publicum
1770 3484 1843 3542 de
1884 3502 1999 3556 quo
2040 3483 2261 3559 agimus
2303 3480 2623 3538 dominium

437 3584 514 3638 ita
538 3580 922 3640 exercendum
950 3592 1056 3651 est,
1083 3592 1146 3640 ut
1171 3583 1360 3642 nullus
1387 3584 1529 3642 civis
1557 3602 1591 3641 a
1614 3584 1783 3641 rebus
1810 3582 2051 3659 publicis
2077 3561 2397 3657 repellatur,
2428 3595 2623 3649 quam-

512 3762 596 3827 (1)
637 3760 780 3825 Prop.
809 3776 929 3813 xxx.
953 3760 1106 3821 HusS,
1129 3768 1178 3809 et
1207 3776 1290 3810 xv·
1315 3758 1581 3811 Wickleffi.
2053 3756 2137 3821 (2)
2176 3754 2215 3803 Ι.
2235 3754 2339 3802 Pet.
2363 3754 2413 3803 ii.
2442 3758 2517 3802 18.

513 3850 597 3913 (3)
637 3855 666 3879 “
684 3846 726 3895 It
750 3860 948 3911 appears
973 3846 1078 3895 that
1109 3862 1336 3907 congress
1375 3846 1519 3896 claim
1537 3845 1621 3894 the
1642 3858 1805 3907 power
1826 3849 1877 3890 to
1899 3842 1977 3904 lay
2004 3847 2103 3900 out,
2126 3846 2383 3899 construet,
2408 3840 2502 3889 and
2524 3841 2614 3891 im·

440 3946 584 3994 prove
611 3936 722 3995 post
742 3930 896 3991 roads,
917 3930 1037 3980 with
1059 3930 1142 3979 the
1165 3936 1327 3979 assent
1348 3930 1405 3978 of
1429 3930 1512 3977 the
1546 3934 1693 3976 states
1726 3925 1936 3987 through
1956 3924 2120 3974 which
2141 3924 2257 3988 they
2279 3940 2404 3989 pase.
2470 3924 2616 3989 They

441 4018 542 4065 also
564 4018 706 4067 claim
729 4018 811 4067 the
843 4033 1007 4083 power
1027 4024 1078 4065 to
1103 4032 1244 4079 open,
1268 4020 1524 4073 construet,
1548 4013 1646 4062 and
1667 4012 1881 4077 improve
1904 4012 2111 4076 military
2132 4012 2273 4060 reads
2306 4027 2371 4060 on
2404 4010 2486 4059 the
2520 4012 2616 4059 like

441 4110 600 4160 terme,
623 4103 719 4151 and
743 4103 827 4152 the.
848 4102 977 4163 right
997 4108 1048 4149 to
1071 4107 1155 4151 cut
1176 4100 1341 4169 canals
1375 4099 1586 4161 through
1622 4099 1706 4148 the
1744 4100 1926 4148 several
1960 4084 2120 4157 states,
2154 4096 2275 4145 with
2296 4096 2418 4144 their
2442 4090 2619 4155 asserit,

442 4187 514 4235 for
533 4188 805 4251 promoting
827 4187 924 4237 and
946 4186 1170 4248 securing
1202 4185 1408 4234 internal
1437 4200 1717 4244 commerce,
1753 4184 1851 4233 and
1884 4184 1956 4232 for
1988 4183 2071 4232 the
2106 4197 2237 4231 more
2271 4180 2370 4229 safe
2393 4180 2489 4229 and
2512 4196 2618 4229 eco-

440 4274 647 4325 nomioal
681 4273 1052 4338 haneponation
1085 4272 1143 4321 of
1168 4271 1377 4333 military
1411 4277 1560 4319 stores
1604 4270 1659 4320 in
1692 4272 1811 4320 time
1850 4269 1907 4318 of
1932 4284 2062 4327 πως
2097 4266 2193 4316 and
2227 4266 2433 4327 leaving,
2467 4265 2520 4313 in
2555 4263 2619 4312 all

439 4362 574 4411 these
595 4379 745 4421 cases,
766 4362 850 4410 the
865 4360 1214 4427 Jurisdictional
1236 4359 1366 4423 right
1387 4373 1499 4406 over
1521 4358 1603 4407 the
1626 4356 1717 4406 soil
1738 4356 1793 4405 in
1815 4354 1899 4403 the
1920 4351 2181 4417 respective
2203 4348 2393 4399 stateS.”
2447 4346 2622 4397 Kent's

446 4451 638 4500 Comm-
661 4451 756 4499 vol.
778 4449 810 4499 i.
833 4454 942 4513 part
959 4446 1010 4495 ii.
1031 4448 1138 4497 lect.
1159 4446 1245 4497 xii.
1267 4464 1316 4496 n.
1341 4448 1456 4495 268.
