3117 5217
478 565 557 622 94
1304 559 1423 622 DE
1466 559 1828 620 INJURIA.

480 735 667 792 minu·
708 741 797 790 est
826 733 958 810 jure
1000 731 1220 807 optimo
1266 731 1495 789 invitus.
1580 731 1676 790 Ex
1719 731 2041 790 curiositate
2087 729 2318 805 quidem
2365 730 2556 806 legere
2597 745 2664 784 ea

480 851 609 904 quoe
655 832 815 908 parvi
860 839 1163 888 censentur
1208 832 1487 889 momenti
1529 832 1674 889 levis
1723 832 2065 907 plerumque
2103 839 2192 888 est
2229 829 2429 905 culpa:
2473 827 2574 886 sed
2614 826 2664 882 si

482 931 804 1007 suspicetur
827 930 1072 988 lecturus
1102 929 1393 988 infamiam
1434 931 1600 988 alicui
1645 949 1720 989 ex
1758 931 2002 989 lectione
2043 931 2331 996 orituram,
2361 929 2454 986 vel
2492 943 2659 1004 grave

488 1029 639 1088 aliud
654 1029 946 1096 damnum,
970 1037 1169 1105 peccat
1184 1028 1483 1087 lethaliter.
1567 1029 1793 1089 Eadem
1815 1039 2036 1093 tenetur
2055 1029 2241 1105 culpa,
2260 1028 2548 1086 si·noverit
2565 1025 2664 1082 do-

482 1130 703 1188 minum
730 1130 1039 1188 litterarum
1068 1147 1216 1205 aegre
1236 1129 1479 1186 laturum
1498 1147 1595 1187 eas
1613 1129 1786 1186 lectas
1813 1129 2012 1196 fuisse,
2035 1137 2092 1186 et
2104 1127 2500 1185 vehementem
2529 1123 2660 1183 inde

484 1247 783 1304 passurum
802 1228 1101 1286 tristitiam.
1150 1228 1339 1286 Multo
1360 1229 1539 1304 magis
1563 1230 1822 1303 peccabit
1838 1228 2050 1287 utendo
2071 1227 2268 1286 notitia
2282 1229 2366 1284 sic
2393 1224 2665 1298 acquisita

489 1327 548 1386 in
562 1329 791 1386 alterius
808 1326 1230 1385 detrimentum.
1268 1327 1637 1385 Excusantur
1657 1347 1689 1384 a
1706 1337 1940 1404 peccato
1957 1303 2284 1406 superiores
2300 1327 2360 1385 in
2375 1323 2668 1384 ordinibus

484 1427 790 1504 religiosis,
820 1427 919 1499 qui
941 1425 1152 1484 litteras
1182 1425 1529 1484 subditorum
1556 1426 1773 1503 legunt,
1803 1429 1936 1502 quia
1969 1427 2029 1486 id
2055 1426 2145 1484 vel
2170 1426 2366 1503 regula
2390 1424 2663 1487 statuitur,

488 1527 577 1584 vel
605 1525 1014 1584 consuetudine
1042 1525 1299 1584 omnium
1326 1524 1591 1584 ordinum
1621 1527 1916 1584 inductum
1945 1535 2050 1584 est.
2135 1525 2202 1584 In
2229 1524 2552 1584 seminariis
2579 1541 2669 1579 ec-

486 1625 819 1683 clesiasticis
848 1626 989 1683 etin
1028 1625 1286 1700 collegiis
1321 1626 1421 1701 ju·
1460 1625 1602 1683 illud
1643 1626 1980 1701 plerumqu'e
2023 1626 2304 1701 superiori
2329 1623 2665 1682 vindicatur.

486 1725 654 1782 Justa
679 1725 1089 1783 interveniente
1119 1741 1291 1781 causa
1327 1725 1525 1781 litterae
1567 1724 1910 1799 quandoque
1953 1726 2278 1800 aperiuntur
2316 1743 2348 1780 a
2373 1723 2668 1800 gubernio,

491 1824 715 1897 quando
742 1824 1057 1900 conjuratio
1085 1825 1329 1889 timetur,
1358 1823 1449 1880 vel
1477 1824 1537 1880 in
1577 1824 1748 1891 bello,
1779 1834 1840 1883 ut
1876 1824 2124 1883 hostium
2167 1832 2383 1880 secreta
2423 1823 2670 1879 innotes-

488 1933 636 1981 cant.
721 1922 869 1980 Illud
923 1919 1265 1994 quandoque
1306 1923 1541 1997 privatis
1581 1923 1750 1980 licere
1791 1923 1928 1982 dicit
1965 1921 2245 1989 Camere,
2291 1921 2360 1980 ad
2402 1921 2670 1998 injuriam

490 2020 931 2098 propulsandam
962 2039 1134 2092 quam
1162 2020 1270 2077 sibi
1310 2020 1664 2081 inferendam
1704 2041 1778 2080 ex
1819 2023 2082 2100 gravibus
2111 2022 2341 2080 indiciis
2371 2021 2666 2098 judicant:

458 2121 593 2178 ,sed
634 2119 692 2177 id
731 2119 883 2177 haud
934 2119 1099 2176 facile
1146 2119 1576 2179 admittendum.
1661 2122 1924 2180 Profecto
1973 2131 2249 2182 mercator
2287 2121 2385 2193 qui
2429 2119 2672 2178 scribam

492 2220 639 2296 apud
670 2237 733 2276 se
760 2229 1101 2295 occupatum
1130 2220 1451 2294 suspicatur
1487 2221 1797 2278 litterarum
1840 2223 2246 2280 commercium
2289 2221 2350 2277 in
2376 2221 2466 2278 sui
2507 2219 2676 2276 detri-

492 2329 745 2378 mentum
772 2319 986 2384 fovere‚
1016 2318 1283 2395 injuriam
1311 2320 1367 2375 ei
1392 2318 1543 2385 facit,
1573 2321 1687 2378 nisi
1715 2319 1926 2378 indicia
1951 2321 2066 2380 sint
2091 2319 2398 2378 admodum
2426 2337 2666 2394 mag-na:

492 2419 723 2476 maritus
751 2418 851 2489 qui
878 2436 1117 2475 uxorem
1156 2417 1371 2474 litteras
1410 2420 1714 2478 amatorias
1755 2421 2004 2478 scribere
2031 2420 2122 2476 vel
2163 2421 2416 2495 recipere
2457 2427 2672 2475 temere

482 2515 722 2596 judicat,
771 2517 966 2588 iniqua
1005 2517 1335 2592 suspicione
1373 2527 1592 2592 peccat,
1635 2519 1879 2592 ideoque
1924 2521 2136 2578 litteras
2183 2517 2518 2594 aperiendo*
2540 2535 2670 2574 reus

490 2628 597 2676 est.
684 2616 857 2682 Quod
882 2617 935 2674 si
962 2635 1199 2674 necesse
1225 2617 1299 2673 sit
1323 2617 1537 2674 litteras
1575 2618 1764 2695 legere
1804 2618 2152 2677 subditorum
2181 2619 2254 2676 ob
2279 2635 2506 2675 causam
2533 2615 2669 2672 satis

492 2735 745 2794 gravem,
774 2735 901 2788 quae
948 2715 1021 2777 ad
1040 2734 1159 2772 rem
1188 2714 1257 2772 de
1287 2735 1399 2786 qua
1450 2719 1706 2792 suspicio
1747 2736 1862 2775 non
1899 2726 2156 2792 spectant
2195 2713 2675 2794 praetermittenda

496 2827 649 2883 sunt,
676 2825 737 2872 et
760 2834 889 2888 quae
928 2813 999 2870 ad
1039 2815 1284 2890 privatas
1328 2832 1419 2870 res
1472 2805 1810 2884 referuntur,
1851 2834 1971 2874 non
2008 2826 2142 2878 sunt
2177 2817 2457 2874 ullatenus
2497 2812 2681 2870 divul-

498 2913 700 2991 ganda.
1586 2923 1594 2933 “
2231 2971 2236 2976 ,
2389 2902 2392 2904 v
2463 2897 2466 2899 Α

578 3015 713 3070 127.
744 3009 1155 3068 consentiente
1176 3010 1277 3067 illo
1297 3010 1368 3068 ad
1388 3031 1558 3083 quem
1579 3015 1775 3072 litterae
1796 3015 2111 3092 diriguntur
2129 3015 2282 3074 nulla
2299 3024 2387 3072 est
2403 3014 2570 3089 culpa
2587 3013 2677 3070 lit-

496 3122 641 3168 teras
688 3110 897 3184 legere,
928 3110 1190 3182 quamvis
1236 3111 1285 3165 si
1334 3112 1628 3187 scriptoris
1673 3113 1912 3181 intersit,
1960 3134 2076 3172 non
2119 3123 2250 3172 sunt
2293 3115 2504 3183 absque
2551 3113 2678 3188 ejus

497 3210 665 3266 venia
692 3206 1067 3284 divulgandae,
1096 3209 1409 3282 praesertim
1438 3211 1488 3267 si
1527 3229 1602 3268 ex
1629 3210 1838 3270 fiducia
1876 3233 2002 3286 quae
2046 3215 2192 3271 inter
2217 3214 2430 3270 amicos
2457 3211 2680 3269 fovetur

496 3308 717 3382 scriptae
746 3306 875 3362 sint.
960 3305 1076 3370 Qui
1102 3305 1313 3362 litteras
1340 3318 1559 3383 apertas
1587 3310 1858 3383 relinquit
1897 3315 1954 3370 in
1981 3313 2112 3370 loco
2139 3313 2384 3388 publico,
2414 3323 2679 3368 censetur

498 3405 817 3464 consentire
843 3414 907 3462 ut
928 3403 1217 3479 legantur:
1260 3390 1361 3478 qui
1386 3426 1482 3465 eas
1511 3411 1571 3467 in
1597 3419 1784 3486 partes
1811 3414 2020 3470 scissas
2061 3411 2304 3488 projicit,
2333 3429 2447 3468 non
2476 3393 2595 3466 vult
2618 3420 2684 3465 ut

375 3558 391 3573 ‚
490 3508 788 3584 legantur:
832 3502 985 3576 quod
1025 3504 1075 3560 si
1103 3505 1233 3576 quis
1275 3523 1371 3563 eas
1402 3509 1608 3568 iterum
1655 3511 1986 3587 conjunctas
2024 3511 2244 3588 legerit,
2271 3509 2493 3567 videtur
2531 3509 2680 3584 inju-

498 3609 638 3666 riam
667 3606 851 3664 facere
885 3603 1139 3662 domino.
