<?xml version="1.0" encoding="UTF-8"?>
<!DOCTYPE html PUBLIC "-//W3C//DTD XHTML 1.0 Transitional//EN"
    "http://www.w3.org/TR/xhtml1/DTD/xhtml1-transitional.dtd">
<html xmlns="http://www.w3.org/1999/xhtml" xml:lang="en" lang="en">
 <head>
  <title>
</title>
<meta http-equiv="Content-Type" content="text/html;charset=utf-8" />
  <meta name='ocr-system' content='tesseract 3.04.00' />
  <meta name='ocr-capabilities' content='ocr_page ocr_carea ocr_par ocr_line ocrx_word'/>
</head>
<body>
  <div class='ocr_page' id='page_1' title='image "./theologiaemoral00unkngoog_0393.png"; bbox 0 0 3117 5217; ppageno 0'>
   <div class='ocr_carea' id='block_1_1' title="bbox 980 572 2619 634">
    <p class='ocr_par' dir='ltr' id='par_1_1' title="bbox 980 572 2619 634">
     <span class='ocr_line' id='line_1_1' title="bbox 980 572 2619 634; baseline -0.002 -1"><span class='ocrx_word' id='word_1_1' title='bbox 980 572 1094 633; x_wconf 93' lang='lat' dir='ltr'><strong>DE</strong></span> <span class='ocrx_word' id='word_1_2' title='bbox 1137 572 1641 633; x_wconf 84' lang='lat' dir='ltr'>EXCOMMUN</span> <span class='ocrx_word' id='word_1_3' title='bbox 1648 572 1999 634; x_wconf 86' lang='lat' dir='ltr'><strong>ICATION</strong></span> <span class='ocrx_word' id='word_1_4' title='bbox 2006 572 2082 631; x_wconf 90' lang='lat' dir='ltr'><strong>E.</strong></span> <span class='ocrx_word' id='word_1_5' title='bbox 2501 574 2619 631; x_wconf 82' lang='lat'><strong>379</strong></span> 
     </span>
    </p>
   </div>
   <div class='ocr_carea' id='block_1_2' title="bbox 407 735 2650 4069">
    <p class='ocr_par' dir='ltr' id='par_1_2' title="bbox 443 735 2628 1303">
     <span class='ocr_line' id='line_1_2' title="bbox 521 735 2625 817; baseline -0.001 -22"><span class='ocrx_word' id='word_1_6' title='bbox 521 740 622 795; x_wconf 83' lang='lat'><strong>74.</strong></span> <span class='ocrx_word' id='word_1_7' title='bbox 665 735 962 814; x_wconf 81' lang='lat' dir='ltr'>Episcopo</span> <span class='ocrx_word' id='word_1_8' title='bbox 986 750 1348 799; x_wconf 84' lang='lat' dir='ltr'><strong>reservantur</strong></span> <span class='ocrx_word' id='word_1_9' title='bbox 1373 760 1404 797; x_wconf 88' lang='lat' dir='ltr'><strong>a</strong></span> <span class='ocrx_word' id='word_1_10' title='bbox 1421 742 1554 817; x_wconf 85' lang='lat' dir='ltr'><strong>jure</strong></span> <span class='ocrx_word' id='word_1_11' title='bbox 1587 740 1779 815; x_wconf 88' lang='lat' dir='ltr'><strong>plures</strong></span> <span class='ocrx_word' id='word_1_12' title='bbox 1806 737 2454 805; x_wconf 50' lang='lat' dir='ltr'><strong>excommunicationem</strong></span> <span class='ocrx_word' id='word_1_13' title='bbox 2482 755 2625 808; x_wconf 88' lang='lat' dir='ltr'><strong>quas</strong></span> 
     </span>
     <span class='ocr_line' id='line_1_3' title="bbox 443 833 2625 911; baseline 0.002 -22"><span class='ocrx_word' id='word_1_14' title='bbox 443 833 628 891; x_wconf 90' lang='lat' dir='ltr'><strong>oblata</strong></span> <span class='ocrx_word' id='word_1_15' title='bbox 669 838 971 898; x_wconf 77' lang='lat' dir='ltr'><strong>occasione</strong></span> <span class='ocrx_word' id='word_1_16' title='bbox 1035 837 1432 901; x_wconf 87' lang='lat' dir='ltr'><strong>indicabimus.</strong></span> <span class='ocrx_word' id='word_1_17' title='bbox 1535 838 1861 911; x_wconf 84' lang='lat' dir='ltr'>Aliquando</span> <span class='ocrx_word' id='word_1_18' title='bbox 1923 837 2091 895; x_wconf 87' lang='lat' dir='ltr'><strong>etiam</strong></span> <span class='ocrx_word' id='word_1_19' title='bbox 2156 836 2487 911; x_wconf 87' lang='lat' dir='ltr'><strong>episcopus,</strong></span> <span class='ocrx_word' id='word_1_20' title='bbox 2534 835 2625 893; x_wconf 86' lang='lat' dir='ltr'><strong>vel</strong></span> 
     </span>
     <span class='ocr_line' id='line_1_4' title="bbox 445 929 2624 1013; baseline 0.001 -25"><span class='ocrx_word' id='word_1_21' title='bbox 445 929 595 991; x_wconf 83' lang='lat' dir='ltr'>Sede</span> <span class='ocrx_word' id='word_1_22' title='bbox 624 945 854 993; x_wconf 89' lang='lat' dir='ltr'><strong>vacante</strong></span> <span class='ocrx_word' id='word_1_23' title='bbox 883 936 1146 995; x_wconf 87' lang='lat' dir='ltr'><strong>Vicarius</strong></span> <span class='ocrx_word' id='word_1_24' title='bbox 1171 937 1516 1013; x_wconf 89' lang='lat' dir='ltr'><strong>capitularis,</strong></span> <span class='ocrx_word' id='word_1_25' title='bbox 1541 938 1911 996; x_wconf 88' lang='lat' dir='ltr'><strong>monitorium</strong></span> <span class='ocrx_word' id='word_1_26' title='bbox 1938 935 2073 1002; x_wconf 88' lang='lat' dir='ltr'><strong>edit,</strong></span> <span class='ocrx_word' id='word_1_27' title='bbox 2102 934 2207 992; x_wconf 75' lang='lat' dir='ltr'><strong>sub</strong></span> <span class='ocrx_word' id='word_1_28' title='bbox 2232 934 2624 991; x_wconf 87' lang='lat' dir='ltr'><strong>excommuni-</strong></span> 
     </span>
     <span class='ocr_line' id='line_1_5' title="bbox 445 1032 2623 1112; baseline 0 -25"><span class='ocrx_word' id='word_1_29' title='bbox 445 1032 684 1090; x_wconf 76' lang='lat' dir='ltr'><strong>cationis</strong></span> <span class='ocrx_word' id='word_1_30' title='bbox 710 1034 819 1092; x_wconf 89' lang='lat' dir='ltr'><strong>sibi</strong></span> <span class='ocrx_word' id='word_1_31' title='bbox 843 1043 1140 1095; x_wconf 75' lang='lat' dir='ltr'><strong>reservatae</strong></span> <span class='ocrx_word' id='word_1_32' title='bbox 1168 1054 1338 1111; x_wconf 86' lang='lat' dir='ltr'><strong>poena</strong></span> <span class='ocrx_word' id='word_1_33' title='bbox 1363 1037 1721 1112; x_wconf 86' lang='lat' dir='ltr'><strong>praecipiens,</strong></span> <span class='ocrx_word' id='word_1_34' title='bbox 1744 1045 1806 1093; x_wconf 88' lang='lat' dir='ltr'><strong>ut</strong></span> <span class='ocrx_word' id='word_1_35' title='bbox 1828 1035 2109 1093; x_wconf 88' lang='lat' dir='ltr'><strong>reveletur</strong></span> <span class='ocrx_word' id='word_1_36' title='bbox 2126 1034 2381 1091; x_wconf 87' lang='lat' dir='ltr'><strong>criminis</strong></span> <span class='ocrx_word' id='word_1_37' title='bbox 2408 1041 2623 1099; x_wconf 80' lang='lat' dir='ltr'><strong>auctor,</strong></span> 
     </span>
     <span class='ocr_line' id='line_1_6' title="bbox 445 1129 2628 1207; baseline 0.002 -23"><span class='ocrx_word' id='word_1_38' title='bbox 445 1129 536 1186; x_wconf 87' lang='lat' dir='ltr'><strong>vel</strong></span> <span class='ocrx_word' id='word_1_39' title='bbox 561 1140 738 1189; x_wconf 82' lang='lat' dir='ltr'><strong>utres</strong></span> <span class='ocrx_word' id='word_1_40' title='bbox 778 1133 960 1191; x_wconf 87' lang='lat' dir='ltr'><strong>aliena</strong></span> <span class='ocrx_word' id='word_1_41' title='bbox 997 1135 1350 1192; x_wconf 78' lang='lat' dir='ltr'>restituatur:</span> <span class='ocrx_word' id='word_1_42' title='bbox 1393 1135 1494 1207; x_wconf 88' lang='lat' dir='ltr'><strong>qui</strong></span> <span class='ocrx_word' id='word_1_43' title='bbox 1533 1143 1720 1195; x_wconf 84' lang='lat' dir='ltr'><strong>tamen</strong></span> <span class='ocrx_word' id='word_1_44' title='bbox 1763 1152 1889 1191; x_wconf 87' lang='lat' dir='ltr'><strong>mos</strong></span> <span class='ocrx_word' id='word_1_45' title='bbox 1927 1136 1988 1192; x_wconf 91' lang='lat' dir='ltr'><strong>in</strong></span> <span class='ocrx_word' id='word_1_46' title='bbox 2030 1132 2123 1189; x_wconf 91' lang='lat' dir='ltr'><strong>his</strong></span> <span class='ocrx_word' id='word_1_47' title='bbox 2160 1132 2471 1207; x_wconf 87' lang='lat' dir='ltr'><strong>provinciis</strong></span> <span class='ocrx_word' id='word_1_48' title='bbox 2511 1148 2628 1189; x_wconf 88' lang='lat' dir='ltr'><strong>non</strong></span> 
     </span>
     <span class='ocr_line' id='line_1_7' title="bbox 447 1228 619 1303; baseline 0.017 -20"><span class='ocrx_word' id='word_1_49' title='bbox 447 1228 619 1303; x_wconf 85' lang='lat' dir='ltr'><strong>viget.</strong></span> 
     </span>
    </p>

    <p class='ocr_par' dir='ltr' id='par_1_3' title="bbox 447 1328 2635 2195">
     <span class='ocr_line' id='line_1_8' title="bbox 473 1328 2627 1406; baseline 0 -21"><span class='ocrx_word' id='word_1_50' title='bbox 473 1390 484 1399; x_wconf 33' lang='lat'><em>⁴</em></span> <span class='ocrx_word' id='word_1_51' title='bbox 526 1332 628 1385; x_wconf 81' lang='lat'><strong>75.</strong></span> <span class='ocrx_word' id='word_1_52' title='bbox 673 1329 941 1388; x_wconf 88' lang='lat' dir='ltr'><strong>Pontifici</strong></span> <span class='ocrx_word' id='word_1_53' title='bbox 979 1330 1234 1406; x_wconf 69' lang='lat' dir='ltr'><strong>plurimae</strong></span> <span class='ocrx_word' id='word_1_54' title='bbox 1277 1332 1905 1389; x_wconf 79' lang='lat' dir='ltr'><strong>excommunicationes</strong></span> <span class='ocrx_word' id='word_1_55' title='bbox 1948 1328 2305 1388; x_wconf 64' lang='lat' dir='ltr'><strong>absolvendae</strong></span> <span class='ocrx_word' id='word_1_56' title='bbox 2330 1338 2627 1385; x_wconf 62' lang='lat' dir='ltr'><strong>reservatae</strong></span> 
     </span>
     <span class='ocr_line' id='line_1_9' title="bbox 449 1426 2630 1505; baseline 0.003 -24"><span class='ocrx_word' id='word_1_57' title='bbox 449 1435 600 1483; x_wconf 89' lang='lat' dir='ltr'><strong>sunt.</strong></span> <span class='ocrx_word' id='word_1_58' title='bbox 682 1428 1046 1497; x_wconf 83' lang='lat' dir='ltr'><strong>Incendiarii,</strong></span> <span class='ocrx_word' id='word_1_59' title='bbox 1101 1440 1402 1505; x_wconf 80' lang='lat' dir='ltr'><strong>postquam</strong></span> <span class='ocrx_word' id='word_1_60' title='bbox 1447 1430 1516 1487; x_wconf 89' lang='lat' dir='ltr'><strong>ab</strong></span> <span class='ocrx_word' id='word_1_61' title='bbox 1559 1429 1843 1488; x_wconf 88' lang='lat' dir='ltr'><strong>ordinario</strong></span> <span class='ocrx_word' id='word_1_62' title='bbox 1894 1428 2375 1487; x_wconf 81' lang='lat' dir='ltr'><strong>excommunicati</strong></span> <span class='ocrx_word' id='word_1_63' title='bbox 2420 1426 2630 1487; x_wconf 85' lang='lat' dir='ltr'><strong>fuerint</strong></span> 
     </span>
     <span class='ocr_line' id='line_1_10' title="bbox 449 1520 2627 1605; baseline 0 -24"><span class='ocrx_word' id='word_1_64' title='bbox 449 1527 808 1595; x_wconf 87' lang='lat' dir='ltr'><strong>nominatim,</strong></span> <span class='ocrx_word' id='word_1_65' title='bbox 835 1538 895 1585; x_wconf 89' lang='lat' dir='ltr'><strong>et</strong></span> <span class='ocrx_word' id='word_1_66' title='bbox 911 1528 1200 1605; x_wconf 88' lang='lat' dir='ltr'><strong>publicati,</strong></span> <span class='ocrx_word' id='word_1_67' title='bbox 1215 1537 1522 1601; x_wconf 70' lang='lat' dir='ltr'><strong>nequeunt</strong></span> <span class='ocrx_word' id='word_1_68' title='bbox 1557 1529 1671 1587; x_wconf 87' lang='lat' dir='ltr'><strong>nisi</strong></span> <span class='ocrx_word' id='word_1_69' title='bbox 1710 1546 1743 1585; x_wconf 93' lang='lat' dir='ltr'><strong>a</strong></span> <span class='ocrx_word' id='word_1_70' title='bbox 1782 1527 2025 1585; x_wconf 88' lang='lat' dir='ltr'><strong>Summo</strong></span> <span class='ocrx_word' id='word_1_71' title='bbox 2052 1526 2332 1585; x_wconf 85' lang='lat' dir='ltr'><strong>Pontifice</strong></span> <span class='ocrx_word' id='word_1_72' title='bbox 2360 1520 2627 1583; x_wconf 87' lang='lat' dir='ltr'><strong>absolvi.¹</strong></span> 
     </span>
     <span class='ocr_line' id='line_1_11' title="bbox 447 1622 2629 1704; baseline 0 -23"><span class='ocrx_word' id='word_1_73' title='bbox 447 1622 692 1683; x_wconf 77' lang='lat' dir='ltr'><strong>Falsarii</strong></span> <span class='ocrx_word' id='word_1_74' title='bbox 716 1626 1004 1685; x_wconf 88' lang='lat' dir='ltr'><strong>literarum</strong></span> <span class='ocrx_word' id='word_1_75' title='bbox 1043 1629 1500 1704; x_wconf 81' lang='lat' dir='ltr'><strong>Apostolicarum</strong></span> <span class='ocrx_word' id='word_1_76' title='bbox 1526 1622 1576 1683; x_wconf 78' lang='lat'><strong>2²</strong></span> <span class='ocrx_word' id='word_1_77' title='bbox 1612 1626 1981 1702; x_wconf 86' lang='lat' dir='ltr'><strong>effringentes</strong></span> <span class='ocrx_word' id='word_1_78' title='bbox 2020 1635 2077 1682; x_wconf 91' lang='lat' dir='ltr'><strong>et</strong></span> <span class='ocrx_word' id='word_1_79' title='bbox 2114 1624 2425 1701; x_wconf 75' lang='lat' dir='ltr'><strong>spoliantes</strong></span> <span class='ocrx_word' id='word_1_80' title='bbox 2452 1622 2629 1681; x_wconf 85' lang='lat' dir='ltr'><strong>eccle·</strong></span> 
     </span>
     <span class='ocr_line' id='line_1_12' title="bbox 455 1714 2635 1799; baseline 0 -21"><span class='ocrx_word' id='word_1_81' title='bbox 455 1722 570 1779; x_wconf 88' lang='lat' dir='ltr'><strong>sias</strong></span> <span class='ocrx_word' id='word_1_82' title='bbox 595 1714 642 1779; x_wconf 81' lang='lat'><strong>:³</strong></span> <span class='ocrx_word' id='word_1_83' title='bbox 683 1735 954 1783; x_wconf 78' lang='lat' dir='ltr'><strong>vexantes</strong></span> <span class='ocrx_word' id='word_1_84' title='bbox 981 1744 1082 1785; x_wconf 88' lang='lat' dir='ltr'><strong>eos</strong></span> <span class='ocrx_word' id='word_1_85' title='bbox 1109 1726 1208 1799; x_wconf 89' lang='lat' dir='ltr'><strong>qui</strong></span> <span class='ocrx_word' id='word_1_86' title='bbox 1249 1744 1548 1788; x_wconf 74' lang='lat' dir='ltr'><strong>censuram</strong></span> <span class='ocrx_word' id='word_1_87' title='bbox 1592 1728 1652 1783; x_wconf 89' lang='lat' dir='ltr'><strong>in</strong></span> <span class='ocrx_word' id='word_1_88' title='bbox 1694 1726 1835 1785; x_wconf 87' lang='lat' dir='ltr'><strong>alios</strong></span> <span class='ocrx_word' id='word_1_89' title='bbox 1877 1724 2125 1782; x_wconf 78' lang='lat' dir='ltr'><strong>tulerunt</strong></span> <span class='ocrx_word' id='word_1_90' title='bbox 2145 1719 2196 1780; x_wconf 75' lang='lat'><strong>2⁴</strong></span> <span class='ocrx_word' id='word_1_91' title='bbox 2234 1723 2429 1780; x_wconf 82' lang='lat' dir='ltr'><strong>dantes</strong></span> <span class='ocrx_word' id='word_1_92' title='bbox 2454 1731 2513 1779; x_wconf 88' lang='lat' dir='ltr'><strong>et</strong></span> <span class='ocrx_word' id='word_1_93' title='bbox 2548 1740 2635 1779; x_wconf 84' lang='lat' dir='ltr'><strong>rc·</strong></span> 
     </span>
     <span class='ocr_line' id='line_1_13' title="bbox 453 1816 2631 1902; baseline -0.001 -24"><span class='ocrx_word' id='word_1_94' title='bbox 453 1822 728 1895; x_wconf 82' lang='lat' dir='ltr'><strong>cipientes</strong></span> <span class='ocrx_word' id='word_1_95' title='bbox 757 1823 966 1895; x_wconf 88' lang='lat' dir='ltr'><strong>aliquid</strong></span> <span class='ocrx_word' id='word_1_96' title='bbox 1009 1844 1114 1901; x_wconf 91' lang='lat' dir='ltr'><strong>pro</strong></span> <span class='ocrx_word' id='word_1_97' title='bbox 1155 1828 1332 1902; x_wconf 85' lang='lat' dir='ltr'><strong>gratia</strong></span> <span class='ocrx_word' id='word_1_98' title='bbox 1371 1834 1480 1883; x_wconf 86' lang='lat' dir='ltr'><strong>aut·</strong></span> <span class='ocrx_word' id='word_1_99' title='bbox 1497 1825 1719 1900; x_wconf 89' lang='lat' dir='ltr'><strong>justitia</strong></span> <span class='ocrx_word' id='word_1_100' title='bbox 1744 1822 1893 1900; x_wconf 88' lang='lat' dir='ltr'><strong>apud</strong></span> <span class='ocrx_word' id='word_1_101' title='bbox 1936 1822 2147 1881; x_wconf 87' lang='lat' dir='ltr'><strong>Sedem</strong></span> <span class='ocrx_word' id='word_1_102' title='bbox 2174 1816 2631 1897; x_wconf 80' lang='lat' dir='ltr'><strong>Apostolicam:⁵</strong></span> 
     </span>
     <span class='ocr_line' id='line_1_14' title="bbox 453 1921 2629 2004; baseline 0.001 -29"><span class='ocrx_word' id='word_1_103' title='bbox 453 1931 770 1982; x_wconf 73' lang='lat' dir='ltr'><strong>asserentes</strong></span> <span class='ocrx_word' id='word_1_104' title='bbox 789 1923 1150 1983; x_wconf 86' lang='lat' dir='ltr'><strong>sermonibus</strong></span> <span class='ocrx_word' id='word_1_105' title='bbox 1175 1926 1268 1983; x_wconf 90' lang='lat' dir='ltr'><strong>vel</strong></span> <span class='ocrx_word' id='word_1_106' title='bbox 1295 1924 1524 2004; x_wconf 86' lang='lat' dir='ltr'><strong>scriptis</strong></span> <span class='ocrx_word' id='word_1_107' title='bbox 1551 1924 1625 1981; x_wconf 89' lang='lat' dir='ltr'><strong>B.</strong></span> <span class='ocrx_word' id='word_1_108' title='bbox 1656 1922 1902 1981; x_wconf 86' lang='lat' dir='ltr'><strong>Mariam</strong></span> <span class='ocrx_word' id='word_1_109' title='bbox 1924 1921 2203 1979; x_wconf 82' lang='lat' dir='ltr'><strong>maculam</strong></span> <span class='ocrx_word' id='word_1_110' title='bbox 2228 1921 2467 1996; x_wconf 84' lang='lat' dir='ltr'><strong>originis</strong></span> <span class='ocrx_word' id='word_1_111' title='bbox 2496 1936 2629 1977; x_wconf 89' lang='lat' dir='ltr'><strong>con-</strong></span> 
     </span>
     <span class='ocr_line' id='line_1_15' title="bbox 454 2012 2635 2087; baseline 0.001 -14"><span class='ocrx_word' id='word_1_112' title='bbox 454 2019 734 2087; x_wconf 77' lang='lat' dir='ltr'><strong>traxisse;</strong></span> <span class='ocrx_word' id='word_1_113' title='bbox 781 2022 874 2079; x_wconf 92' lang='lat' dir='ltr'><strong>vel</strong></span> <span class='ocrx_word' id='word_1_114' title='bbox 917 2040 1046 2081; x_wconf 87' lang='lat' dir='ltr'><strong>eam</strong></span> <span class='ocrx_word' id='word_1_115' title='bbox 1085 2024 1421 2081; x_wconf 86' lang='lat' dir='ltr'><strong>sententiam</strong></span> <span class='ocrx_word' id='word_1_116' title='bbox 1464 2031 1729 2081; x_wconf 87' lang='lat' dir='ltr'><strong>notantes</strong></span> <span class='ocrx_word' id='word_1_117' title='bbox 1768 2021 2055 2081; x_wconf 83' lang='lat' dir='ltr'><strong>haereseos</strong></span> <span class='ocrx_word' id='word_1_118' title='bbox 2075 2012 2125 2077; x_wconf 81' lang='lat'><strong>:⁶</strong></span> <span class='ocrx_word' id='word_1_119' title='bbox 2174 2018 2635 2077; x_wconf 86' lang='lat' dir='ltr'><strong>excommunica-</strong></span> 
     </span>
     <span class='ocr_line' id='line_1_16' title="bbox 453 2106 1864 2195; baseline 0.004 -23"><span class='ocrx_word' id='word_1_120' title='bbox 453 2116 609 2175; x_wconf 86' lang='lat' dir='ltr'><strong>tione</strong></span> <span class='ocrx_word' id='word_1_121' title='bbox 636 2118 908 2177; x_wconf 86' lang='lat' dir='ltr'><strong>Pontifici</strong></span> <span class='ocrx_word' id='word_1_122' title='bbox 931 2130 1214 2181; x_wconf 84' lang='lat' dir='ltr'><strong>reservata</strong></span> <span class='ocrx_word' id='word_1_123' title='bbox 1239 2138 1438 2179; x_wconf 76' lang='lat' dir='ltr'><strong>omnes</strong></span> <span class='ocrx_word' id='word_1_124' title='bbox 1465 2106 1864 2195; x_wconf 70' lang='lat' dir='ltr'><strong>percelluntur.</strong></span> 
     </span>
    </p>

    <p class='ocr_par' dir='ltr' id='par_1_4' title="bbox 407 2207 2650 4069">
     <span class='ocr_line' id='line_1_17' title="bbox 533 2207 2637 2293; baseline 0 -20"><span class='ocrx_word' id='word_1_125' title='bbox 533 2220 634 2273; x_wconf 84' lang='lat'><strong>76.</strong></span> <span class='ocrx_word' id='word_1_126' title='bbox 678 2207 770 2275; x_wconf 92' lang='lat' dir='ltr'><strong>De</strong></span> <span class='ocrx_word' id='word_1_127' title='bbox 821 2218 1503 2277; x_wconf 84' lang='lat' dir='ltr'><strong>excommunicationibus</strong></span> <span class='ocrx_word' id='word_1_128' title='bbox 1551 2219 1727 2293; x_wconf 83' lang='lat' dir='ltr'><strong>Papae</strong></span> <span class='ocrx_word' id='word_1_129' title='bbox 1772 2216 2091 2283; x_wconf 75' lang='lat' dir='ltr'><strong>reservatiS,</strong></span> <span class='ocrx_word' id='word_1_130' title='bbox 2140 2234 2267 2287; x_wconf 83' lang='lat' dir='ltr'><strong>quae</strong></span> <span class='ocrx_word' id='word_1_131' title='bbox 2312 2216 2637 2291; x_wconf 86' lang='lat' dir='ltr'><strong>respiciunt</strong></span> 
     </span>
     <span class='ocr_line' id='line_1_18' title="bbox 457 2310 2635 2384; baseline 0.002 -15"><span class='ocrx_word' id='word_1_132' title='bbox 457 2310 664 2383; x_wconf 87' lang='lat' dir='ltr'><strong>duella,</strong></span> <span class='ocrx_word' id='word_1_133' title='bbox 693 2316 966 2375; x_wconf 84' lang='lat' dir='ltr'><strong>clausurae</strong></span> <span class='ocrx_word' id='word_1_134' title='bbox 995 2317 1378 2384; x_wconf 81' lang='lat' dir='ltr'><strong>violationem,</strong></span> <span class='ocrx_word' id='word_1_135' title='bbox 1407 2318 1683 2383; x_wconf 88' lang='lat' dir='ltr'><strong>abortum,</strong></span> <span class='ocrx_word' id='word_1_136' title='bbox 1711 2316 2001 2383; x_wconf 83' lang='lat' dir='ltr'><strong>haeresim,</strong></span> <span class='ocrx_word' id='word_1_137' title='bbox 2028 2314 2331 2373; x_wconf 88' lang='lat' dir='ltr'><strong>lectionem</strong></span> <span class='ocrx_word' id='word_1_138' title='bbox 2363 2315 2635 2373; x_wconf 87' lang='lat' dir='ltr'><strong>librorum</strong></span> 
     </span>
     <span class='ocr_line' id='line_1_19' title="bbox 455 2394 2639 2492; baseline 0.002 -25"><span class='ocrx_word' id='word_1_139' title='bbox 455 2413 894 2487; x_wconf 79' lang='lat' dir='ltr'><strong>prohibitorum,</strong></span> <span class='ocrx_word' id='word_1_140' title='bbox 935 2415 1154 2489; x_wconf 89' lang='lat' dir='ltr'><strong>aliaque</strong></span> <span class='ocrx_word' id='word_1_141' title='bbox 1186 2416 1319 2492; x_wconf 81' lang='lat' dir='ltr'><strong>jam&#39;</strong></span> <span class='ocrx_word' id='word_1_142' title='bbox 1349 2417 1609 2491; x_wconf 84' lang='lat' dir='ltr'><strong>egimus:</strong></span> <span class='ocrx_word' id='word_1_143' title='bbox 1654 2434 1833 2491; x_wconf 86' lang='lat' dir='ltr'><strong>pauca</strong></span> <span class='ocrx_word' id='word_1_144' title='bbox 1872 2415 1943 2472; x_wconf 92' lang='lat' dir='ltr'><strong>de</strong></span> <span class='ocrx_word' id='word_1_145' title='bbox 1961 2415 2063 2483; x_wconf 83' lang='lat' dir='ltr'><strong>-iis,</strong></span> <span class='ocrx_word' id='word_1_146' title='bbox 2096 2432 2223 2485; x_wconf 81' lang='lat' dir='ltr'><strong>quae</strong></span> <span class='ocrx_word' id='word_1_147' title='bbox 2270 2394 2639 2472; x_wconf 72' lang='lat' dir='ltr'><strong>celeberrima</strong></span> 
     </span>
     <span class='ocr_line' id='line_1_20' title="bbox 458 2508 2631 2590; baseline 0 -22"><span class='ocrx_word' id='word_1_148' title='bbox 458 2508 626 2568; x_wconf 88' lang='lat' dir='ltr'><strong>Bulla</strong></span> <span class='ocrx_word' id='word_1_149' title='bbox 643 2512 712 2571; x_wconf 79' lang='lat' dir='ltr'><strong>in</strong></span> <span class='ocrx_word' id='word_1_150' title='bbox 733 2512 912 2573; x_wconf 85' lang='lat' dir='ltr'><strong>Coena</strong></span> <span class='ocrx_word' id='word_1_151' title='bbox 925 2512 1204 2581; x_wconf 76' lang='lat' dir='ltr'><strong>Domini,</strong></span> <span class='ocrx_word' id='word_1_152' title='bbox 1225 2514 1364 2572; x_wconf 91' lang='lat' dir='ltr'><strong>olim</strong></span> <span class='ocrx_word' id='word_1_153' title='bbox 1383 2515 1691 2587; x_wconf 86' lang='lat' dir='ltr'><strong>quotannis</strong></span> <span class='ocrx_word' id='word_1_154' title='bbox 1711 2514 2013 2590; x_wconf 81' lang='lat' dir='ltr'><strong>publicata,</strong></span> <span class='ocrx_word' id='word_1_155' title='bbox 2036 2513 2415 2579; x_wconf 88' lang='lat' dir='ltr'><strong>continentur,</strong></span> <span class='ocrx_word' id='word_1_156' title='bbox 2442 2512 2631 2569; x_wconf 88' lang='lat' dir='ltr'><strong>dicen·</strong></span> 
     </span>
     <span class='ocr_line' id='line_1_21' title="bbox 462 2608 2641 2690; baseline 0.001 -23"><span class='ocrx_word' id='word_1_157' title='bbox 462 2608 534 2667; x_wconf 91' lang='lat' dir='ltr'><strong>da</strong></span> <span class='ocrx_word' id='word_1_158' title='bbox 560 2621 714 2670; x_wconf 87' lang='lat' dir='ltr'><strong>sunt.</strong></span> <span class='ocrx_word' id='word_1_159' title='bbox 757 2612 1048 2686; x_wconf 84' lang='lat' dir='ltr'><strong>Equidem</strong></span> <span class='ocrx_word' id='word_1_160' title='bbox 1074 2612 1328 2690; x_wconf 84' lang='lat' dir='ltr'><strong>legentes</strong></span> <span class='ocrx_word' id='word_1_161' title='bbox 1350 2613 1440 2671; x_wconf 92' lang='lat' dir='ltr'><strong>vel</strong></span> <span class='ocrx_word' id='word_1_162' title='bbox 1466 2614 1775 2671; x_wconf 85' lang='lat' dir='ltr'><strong>retinentes</strong></span> <span class='ocrx_word' id='word_1_163' title='bbox 1797 2613 1973 2671; x_wconf 85' lang='lat' dir='ltr'><strong>libros</strong></span> <span class='ocrx_word' id='word_1_164' title='bbox 1995 2610 2389 2669; x_wconf 66' lang='lat' dir='ltr'><strong>haereticorum</strong></span> <span class='ocrx_word' id='word_1_165' title='bbox 2416 2609 2490 2669; x_wconf 88' lang='lat' dir='ltr'><strong>de·</strong></span> <span class='ocrx_word' id='word_1_166' title='bbox 2512 2611 2641 2669; x_wconf 87' lang='lat' dir='ltr'><strong>reli-</strong></span> 
     </span>
     <span class='ocr_line' id='line_1_22' title="bbox 461 2709 2637 2786; baseline 0 -19"><span class='ocrx_word' id='word_1_167' title='bbox 461 2709 630 2783; x_wconf 83' lang='lat' dir='ltr'><strong>gione</strong></span> <span class='ocrx_word' id='word_1_168' title='bbox 669 2720 990 2781; x_wconf 79' lang='lat' dir='ltr'><strong>tractantes,</strong></span> <span class='ocrx_word' id='word_1_169' title='bbox 1031 2713 1124 2771; x_wconf 86' lang='lat' dir='ltr'><strong>vel</strong></span> <span class='ocrx_word' id='word_1_170' title='bbox 1160 2711 1422 2771; x_wconf 77' lang='lat' dir='ltr'><strong>haeresim</strong></span> <span class='ocrx_word' id='word_1_171' title='bbox 1469 2712 1845 2780; x_wconf 86' lang='lat' dir='ltr'><strong>continentes,</strong></span> <span class='ocrx_word' id='word_1_172' title='bbox 1892 2710 2143 2769; x_wconf 71' lang='lat' dir='ltr'><strong>haeretici</strong></span> <span class='ocrx_word' id='word_1_173' title='bbox 2186 2710 2301 2786; x_wconf 88' lang='lat' dir='ltr'><strong>ipsi</strong></span> <span class='ocrx_word' id='word_1_174' title='bbox 2344 2719 2401 2767; x_wconf 93' lang='lat' dir='ltr'><strong>et</strong></span> <span class='ocrx_word' id='word_1_175' title='bbox 2442 2728 2637 2767; x_wconf 87' lang='lat' dir='ltr'><strong>eorum</strong></span> 
     </span>
     <span class='ocr_line' id='line_1_23' title="bbox 460 2806 2640 2887; baseline 0.001 -24"><span class='ocrx_word' id='word_1_176' title='bbox 460 2806 710 2867; x_wconf 82' lang='lat' dir='ltr'><strong>fautores</strong></span> <span class='ocrx_word' id='word_1_177' title='bbox 737 2811 1094 2870; x_wconf 86' lang='lat' dir='ltr'><strong>anathemate</strong></span> <span class='ocrx_word' id='word_1_178' title='bbox 1132 2810 1414 2887; x_wconf 86' lang='lat' dir='ltr'><strong>imprimis</strong></span> <span class='ocrx_word' id='word_1_179' title='bbox 1441 2811 1747 2869; x_wconf 85' lang='lat' dir='ltr'><strong>feriuntur:</strong></span> <span class='ocrx_word' id='word_1_180' title='bbox 1786 2809 1995 2868; x_wconf 90' lang='lat' dir='ltr'><strong>deinde</strong></span> <span class='ocrx_word' id='word_1_181' title='bbox 2012 2846 2019 2853; x_wconf 85' lang='lat'><em>-</em></span> <span class='ocrx_word' id='word_1_182' title='bbox 2036 2809 2135 2881; x_wconf 91' lang='lat' dir='ltr'><strong>qui</strong></span> <span class='ocrx_word' id='word_1_183' title='bbox 2172 2808 2459 2883; x_wconf 87' lang='lat' dir='ltr'><strong>appellant</strong></span> <span class='ocrx_word' id='word_1_184' title='bbox 2491 2807 2640 2865; x_wconf 89' lang='lat' dir='ltr'><strong>futu-</strong></span> 
     </span>
     <span class='ocr_line' id='line_1_24' title="bbox 461 2905 2638 2982; baseline 0 -19"><span class='ocrx_word' id='word_1_185' title='bbox 461 2924 586 2965; x_wconf 88' lang='lat' dir='ltr'><strong>rum</strong></span> <span class='ocrx_word' id='word_1_186' title='bbox 613 2909 940 2967; x_wconf 87' lang='lat' dir='ltr'><strong>concilium.</strong></span> <span class='ocrx_word' id='word_1_187' title='bbox 981 2909 1575 2969; x_wconf 82' lang='lat' dir='ltr'><strong>Excommunicantur</strong></span> <span class='ocrx_word' id='word_1_188' title='bbox 1596 2909 1767 2967; x_wconf 89' lang='lat' dir='ltr'><strong>etiam</strong></span> <span class='ocrx_word' id='word_1_189' title='bbox 1798 2910 1846 2966; x_wconf 89' lang='lat'><strong>1.</strong></span> <span class='ocrx_word' id='word_1_190' title='bbox 1876 2908 2245 2982; x_wconf 86' lang='lat' dir='ltr'><strong>surripientes</strong></span> <span class='ocrx_word' id='word_1_191' title='bbox 2271 2908 2421 2964; x_wconf 89' lang='lat' dir='ltr'><strong>bona</strong></span> <span class='ocrx_word' id='word_1_192' title='bbox 2439 2905 2638 2965; x_wconf 86' lang='lat' dir='ltr'><strong>Chris·</strong></span> 
     </span>
     <span class='ocr_line' id='line_1_25' title="bbox 457 3005 2633 3083; baseline 0.002 -24"><span class='ocrx_word' id='word_1_193' title='bbox 457 3005 740 3065; x_wconf 90' lang='lat' dir='ltr'><strong>tianorum</strong></span> <span class='ocrx_word' id='word_1_194' title='bbox 767 3008 1186 3083; x_wconf 86' lang='lat' dir='ltr'><strong>naufragorum,</strong></span> <span class='ocrx_word' id='word_1_195' title='bbox 1215 3026 1340 3081; x_wconf 83' lang='lat' dir='ltr'><strong>quae</strong></span> <span class='ocrx_word' id='word_1_196' title='bbox 1367 3009 1589 3067; x_wconf 88' lang='lat' dir='ltr'><strong>scilicet</strong></span> <span class='ocrx_word' id='word_1_197' title='bbox 1610 3026 1729 3067; x_wconf 86' lang='lat' dir='ltr'><strong>non</strong></span> <span class='ocrx_word' id='word_1_198' title='bbox 1746 3008 1891 3066; x_wconf 88' lang='lat' dir='ltr'><strong>adeo</strong></span> <span class='ocrx_word' id='word_1_199' title='bbox 1916 3006 2011 3065; x_wconf 92' lang='lat' dir='ltr'><strong>diu</strong></span> <span class='ocrx_word' id='word_1_200' title='bbox 2042 3007 2101 3065; x_wconf 90' lang='lat' dir='ltr'><strong>in</strong></span> <span class='ocrx_word' id='word_1_201' title='bbox 2127 3005 2289 3065; x_wconf 89' lang='lat' dir='ltr'><strong>litore</strong></span> <span class='ocrx_word' id='word_1_202' title='bbox 2307 3006 2633 3081; x_wconf 90' lang='lat' dir='ltr'><strong>jacuerunt,</strong></span> 
     </span>
     <span class='ocr_line' id='line_1_26' title="bbox 461 3104 2637 3182; baseline 0.001 -23"><span class='ocrx_word' id='word_1_203' title='bbox 461 3113 524 3159; x_wconf 87' lang='lat' dir='ltr'><strong>ut</strong></span> <span class='ocrx_word' id='word_1_204' title='bbox 561 3104 832 3169; x_wconf 81' lang='lat' dir='ltr'><strong>derelicta.</strong></span> <span class='ocrx_word' id='word_1_205' title='bbox 865 3107 1064 3165; x_wconf 87' lang='lat' dir='ltr'><strong>haberi</strong></span> <span class='ocrx_word' id='word_1_206' title='bbox 1109 3108 1350 3182; x_wconf 87' lang='lat' dir='ltr'><strong>possint.</strong></span> <span class='ocrx_word' id='word_1_207' title='bbox 1433 3108 1513 3165; x_wconf 92' lang='lat'><strong>11.</strong></span> <span class='ocrx_word' id='word_1_208' title='bbox 1557 3117 1597 3143; x_wconf 80' lang='lat'><strong>‘⁴</strong></span> <span class='ocrx_word' id='word_1_209' title='bbox 1617 3106 1857 3167; x_wconf 88' lang='lat' dir='ltr'><strong>Domini</strong></span> <span class='ocrx_word' id='word_1_210' title='bbox 1900 3106 1999 3177; x_wconf 90' lang='lat' dir='ltr'><strong>qui</strong></span> <span class='ocrx_word' id='word_1_211' title='bbox 2045 3106 2105 3162; x_wconf 92' lang='lat' dir='ltr'><strong>in</strong></span> <span class='ocrx_word' id='word_1_212' title='bbox 2139 3104 2304 3163; x_wconf 84' lang='lat' dir='ltr'><strong>terris</strong></span> <span class='ocrx_word' id='word_1_213' title='bbox 2348 3105 2467 3162; x_wconf 87' lang='lat' dir='ltr'><strong>suis</strong></span> <span class='ocrx_word' id='word_1_214' title='bbox 2512 3105 2637 3163; x_wconf 87' lang='lat' dir='ltr'><strong>sine</strong></span> 
     </span>
     <span class='ocr_line' id='line_1_27' title="bbox 461 3203 2637 3283; baseline 0.001 -24"><span class='ocrx_word' id='word_1_215' title='bbox 461 3203 760 3282; x_wconf 88' lang='lat' dir='ltr'><strong>privilegio</strong></span> <span class='ocrx_word' id='word_1_216' title='bbox 785 3206 1086 3283; x_wconf 90' lang='lat' dir='ltr'><strong>imponunt</strong></span> <span class='ocrx_word' id='word_1_217' title='bbox 1110 3205 1371 3282; x_wconf 88' lang='lat' dir='ltr'><strong>pedagia,</strong></span> <span class='ocrx_word' id='word_1_218' title='bbox 1397 3205 1585 3271; x_wconf 68' lang='lat' dir='ltr'><strong>idest</strong></span> <span class='ocrx_word' id='word_1_219' title='bbox 1620 3208 1823 3268; x_wconf 79' lang='lat' dir='ltr'><strong>tributa</strong></span> <span class='ocrx_word' id='word_1_220' title='bbox 1848 3222 1955 3282; x_wconf 83' lang='lat' dir='ltr'><strong>pro</strong></span> <span class='ocrx_word' id='word_1_221' title='bbox 1980 3205 2215 3261; x_wconf 84' lang='lat' dir='ltr'><strong>transitu</strong></span> <span class='ocrx_word' id='word_1_222' title='bbox 2244 3221 2637 3278; x_wconf 85' lang='lat' dir='ltr'><strong>personarum,</strong></span> 
     </span>
     <span class='ocr_line' id='line_1_28' title="bbox 459 3302 2639 3382; baseline 0.001 -23"><span class='ocrx_word' id='word_1_223' title='bbox 459 3302 582 3359; x_wconf 85' lang='lat' dir='ltr'><strong>sive</strong></span> <span class='ocrx_word' id='word_1_224' title='bbox 605 3324 818 3373; x_wconf 86' lang='lat' dir='ltr'><strong>rerum,</strong></span> <span class='ocrx_word' id='word_1_225' title='bbox 861 3306 952 3363; x_wconf 90' lang='lat' dir='ltr'><strong>vel</strong></span> <span class='ocrx_word' id='word_1_226' title='bbox 988 3324 1094 3382; x_wconf 85' lang='lat' dir='ltr'><strong>pro</strong></span> <span class='ocrx_word' id='word_1_227' title='bbox 1133 3304 1438 3365; x_wconf 81' lang='lat' dir='ltr'><strong>refectione</strong></span> <span class='ocrx_word' id='word_1_228' title='bbox 1479 3314 1536 3363; x_wconf 92' lang='lat' dir='ltr'><strong>et</strong></span> <span class='ocrx_word' id='word_1_229' title='bbox 1573 3304 1831 3363; x_wconf 87' lang='lat' dir='ltr'><strong>custodia</strong></span> <span class='ocrx_word' id='word_1_230' title='bbox 1856 3305 2095 3370; x_wconf 87' lang='lat' dir='ltr'><strong>viarum,</strong></span> <span class='ocrx_word' id='word_1_231' title='bbox 2126 3310 2221 3359; x_wconf 88' lang='lat' dir='ltr'><strong>aut</strong></span> <span class='ocrx_word' id='word_1_232' title='bbox 2258 3303 2537 3381; x_wconf 73' lang='lat' dir='ltr'><strong>gabellas,</strong></span> <span class='ocrx_word' id='word_1_233' title='bbox 2578 3302 2639 3361; x_wconf 72' lang='lat' dir='ltr'><strong>id</strong></span> 
     </span>
     <span class='ocr_line' id='line_1_29' title="bbox 463 3401 2646 3480; baseline 0.002 -22"><span class='ocrx_word' id='word_1_234' title='bbox 463 3410 570 3467; x_wconf 88' lang='lat' dir='ltr'><strong>est,</strong></span> <span class='ocrx_word' id='word_1_235' title='bbox 601 3405 1000 3480; x_wconf 88' lang='lat' dir='ltr'><strong>impositiones</strong></span> <span class='ocrx_word' id='word_1_236' title='bbox 1027 3422 1132 3479; x_wconf 83' lang='lat' dir='ltr'><strong>pro</strong></span> <span class='ocrx_word' id='word_1_237' title='bbox 1157 3404 1440 3461; x_wconf 87' lang='lat' dir='ltr'><strong>delatione</strong></span> <span class='ocrx_word' id='word_1_238' title='bbox 1467 3413 1524 3459; x_wconf 87' lang='lat' dir='ltr'><strong>et</strong></span> <span class='ocrx_word' id='word_1_239' title='bbox 1549 3403 1875 3461; x_wconf 82' lang='lat' dir='ltr'><strong>venditione</strong></span> <span class='ocrx_word' id='word_1_240' title='bbox 1903 3403 2197 3459; x_wconf 85' lang='lat' dir='ltr'><strong>mercium.</strong></span> <span class='ocrx_word' id='word_1_241' title='bbox 2282 3401 2429 3457; x_wconf 80' lang='lat' dir='ltr'><strong>Tale</strong></span> <span class='ocrx_word' id='word_1_242' title='bbox 2452 3402 2646 3464; x_wconf 72' lang='lat' dir='ltr'><strong>autem</strong></span> 
     </span>
     <span class='ocr_line' id='line_1_30' title="bbox 465 3498 2641 3577; baseline -0.002 -20"><span class='ocrx_word' id='word_1_243' title='bbox 465 3500 826 3577; x_wconf 83' lang='lat' dir='ltr'><strong>privilegium</strong></span> <span class='ocrx_word' id='word_1_244' title='bbox 879 3501 1092 3559; x_wconf 87' lang='lat' dir='ltr'><strong>habent</strong></span> <span class='ocrx_word' id='word_1_245' title='bbox 1137 3518 1344 3559; x_wconf 86' lang='lat' dir='ltr'><strong>omnes</strong></span> <span class='ocrx_word' id='word_1_246' title='bbox 1396 3500 1699 3576; x_wconf 88' lang='lat' dir='ltr'><strong>Principes</strong></span> <span class='ocrx_word' id='word_1_247' title='bbox 1746 3499 2035 3575; x_wconf 71' lang='lat' dir='ltr'><strong>Supmmi,</strong></span> <span class='ocrx_word' id='word_1_248' title='bbox 2089 3505 2257 3575; x_wconf 91' lang='lat' dir='ltr'><strong>prout</strong></span> <span class='ocrx_word' id='word_1_249' title='bbox 2308 3498 2641 3565; x_wconf 77' lang='lat' dir='ltr'><strong>PontificeS,</strong></span> 
     </span>
     <span class='ocr_line' id='line_1_31' title="bbox 466 3594 2644 3673; baseline -0 -19"><span class='ocrx_word' id='word_1_250' title='bbox 466 3595 660 3673; x_wconf 86' lang='lat' dir='ltr'><strong>Reges</strong></span> <span class='ocrx_word' id='word_1_251' title='bbox 687 3608 896 3667; x_wconf 90' lang='lat' dir='ltr'><strong>autem,</strong></span> <span class='ocrx_word' id='word_1_252' title='bbox 925 3597 1288 3673; x_wconf 82' lang='lat' dir='ltr'><strong>Respublicae</strong></span> <span class='ocrx_word' id='word_1_253' title='bbox 1315 3607 1373 3655; x_wconf 82' lang='lat' dir='ltr'><strong>et</strong></span> <span class='ocrx_word' id='word_1_254' title='bbox 1392 3598 1831 3663; x_wconf 88' lang='lat' dir='ltr'><strong>Universitates‚</strong></span> <span class='ocrx_word' id='word_1_255' title='bbox 1854 3594 1927 3653; x_wconf 90' lang='lat' dir='ltr'><strong>ad</strong></span> <span class='ocrx_word' id='word_1_256' title='bbox 1950 3595 2401 3655; x_wconf 87' lang='lat' dir='ltr'><strong>subveniendum</strong></span> <span class='ocrx_word' id='word_1_257' title='bbox 2432 3597 2644 3653; x_wconf 89' lang='lat' dir='ltr'><strong>civium</strong></span> 
     </span>
     <span class='ocr_line' id='line_1_32' title="bbox 468 3688 2647 3772; baseline 0 -20"><span class='ocrx_word' id='word_1_258' title='bbox 468 3698 920 3765; x_wconf 87' lang='lat' dir='ltr'><strong>necessitatibus,</strong></span> <span class='ocrx_word' id='word_1_259' title='bbox 959 3697 1105 3755; x_wconf 88' lang='lat' dir='ltr'><strong>bene</strong></span> <span class='ocrx_word' id='word_1_260' title='bbox 1133 3697 1304 3754; x_wconf 86' lang='lat' dir='ltr'><strong>etiam</strong></span> <span class='ocrx_word' id='word_1_261' title='bbox 1334 3706 1579 3772; x_wconf 74' lang='lat' dir='ltr'><strong>possunt</strong></span> <span class='ocrx_word' id='word_1_262' title='bbox 1616 3696 1883 3754; x_wconf 88' lang='lat' dir='ltr'><strong>collectas</strong></span> <span class='ocrx_word' id='word_1_263' title='bbox 1928 3694 2039 3752; x_wconf 87' lang='lat' dir='ltr'><strong>sibi</strong></span> <span class='ocrx_word' id='word_1_264' title='bbox 2078 3688 2477 3768; x_wconf 57' lang='lat' dir='ltr'><strong>imponere.”⁷⁴</strong></span> <span class='ocrx_word' id='word_1_265' title='bbox 2552 3695 2647 3753; x_wconf 93' lang='lat' dir='ltr'><strong>Eo</strong></span> 
     </span>
     <span class='ocr_line' id='line_1_33' title="bbox 469 3791 2650 3871; baseline -0.001 -19"><span class='ocrx_word' id='word_1_266' title='bbox 469 3795 638 3870; x_wconf 89' lang='lat' dir='ltr'><strong>plane</strong></span> <span class='ocrx_word' id='word_1_267' title='bbox 667 3795 922 3871; x_wconf 87' lang='lat' dir='ltr'><strong>dirigitur</strong></span> <span class='ocrx_word' id='word_1_268' title='bbox 946 3796 1069 3853; x_wconf 83' lang='lat' dir='ltr'><strong>haec</strong></span> <span class='ocrx_word' id='word_1_269' title='bbox 1095 3796 1641 3863; x_wconf 85' lang='lat' dir='ltr'><strong>excommunicatio,</strong></span> <span class='ocrx_word' id='word_1_270' title='bbox 1681 3803 1742 3851; x_wconf 87' lang='lat' dir='ltr'><strong>ut</strong></span> <span class='ocrx_word' id='word_1_271' title='bbox 1778 3792 2027 3869; x_wconf 82' lang='lat' dir='ltr'><strong>populus</strong></span> <span class='ocrx_word' id='word_1_272' title='bbox 2070 3791 2297 3867; x_wconf 85' lang='lat' dir='ltr'><strong>injustis</strong></span> <span class='ocrx_word' id='word_1_273' title='bbox 2340 3793 2650 3851; x_wconf 84' lang='lat' dir='ltr'><strong>exactioni-</strong></span> 
     </span>
     <span class='ocr_line' id='line_1_34' title="bbox 407 3890 2645 3970; baseline -0.002 -19"><span class='ocrx_word' id='word_1_274' title='bbox 407 3929 412 3935; x_wconf 91' lang='lat'><em>·</em></span> <span class='ocrx_word' id='word_1_275' title='bbox 467 3894 572 3953; x_wconf 87' lang='lat' dir='ltr'><strong>bus</strong></span> <span class='ocrx_word' id='word_1_276' title='bbox 589 3894 950 3954; x_wconf 88' lang='lat' dir='ltr'><strong>dominorum</strong></span> <span class='ocrx_word' id='word_1_277' title='bbox 969 3895 1388 3970; x_wconf 88' lang='lat' dir='ltr'><strong>temporalium,</strong></span> <span class='ocrx_word' id='word_1_278' title='bbox 1411 3902 1571 3951; x_wconf 87' lang='lat' dir='ltr'><strong>extra</strong></span> <span class='ocrx_word' id='word_1_279' title='bbox 1582 3894 1729 3970; x_wconf 89' lang='lat' dir='ltr'><strong>juris</strong></span> <span class='ocrx_word' id='word_1_280' title='bbox 1751 3891 2043 3957; x_wconf 82' lang='lat' dir='ltr'><strong>terminos,</strong></span> <span class='ocrx_word' id='word_1_281' title='bbox 2064 3908 2179 3948; x_wconf 88' lang='lat' dir='ltr'><strong>non</strong></span> <span class='ocrx_word' id='word_1_282' title='bbox 2197 3890 2645 3965; x_wconf 82' lang='lat' dir='ltr'><strong>opprimeretur:</strong></span> 
     </span>
     <span class='ocr_line' id='line_1_35' title="bbox 467 3990 2649 4069; baseline -0.003 -16"><span class='ocrx_word' id='word_1_283' title='bbox 467 3994 658 4053; x_wconf 88' lang='lat' dir='ltr'><strong>medio</strong></span> <span class='ocrx_word' id='word_1_284' title='bbox 685 3995 906 4054; x_wconf 88' lang='lat' dir='ltr'><strong>scilicet</strong></span> <span class='ocrx_word' id='word_1_285' title='bbox 929 4013 1052 4053; x_wconf 81' lang='lat' dir='ltr'><strong>aevo</strong></span> <span class='ocrx_word' id='word_1_286' title='bbox 1072 3993 1343 4053; x_wconf 83' lang='lat' dir='ltr'><strong>Pontifex</strong></span> <span class='ocrx_word' id='word_1_287' title='bbox 1363 3992 1691 4069; x_wconf 83' lang='lat' dir='ltr'><strong>reipublicae</strong></span> <span class='ocrx_word' id='word_1_288' title='bbox 1712 3990 2033 4049; x_wconf 83' lang='lat' dir='ltr'><strong>christianae</strong></span> <span class='ocrx_word' id='word_1_289' title='bbox 2060 3999 2315 4065; x_wconf 80' lang='lat' dir='ltr'><strong>praeerat,</strong></span> <span class='ocrx_word' id='word_1_290' title='bbox 2345 3990 2649 4067; x_wconf 87' lang='lat' dir='ltr'><strong>invigilans</strong></span> 
     </span>
    </p>
   </div>
   <div class='ocr_carea' id='block_1_3' title="bbox 541 4144 2638 4563">
    <p class='ocr_par' dir='ltr' id='par_1_5' title="bbox 541 4144 2638 4389">
     <span class='ocr_line' id='line_1_36' title="bbox 541 4144 2638 4218; baseline -0.002 -19"><span class='ocrx_word' id='word_1_291' title='bbox 541 4154 626 4218; x_wconf 87' lang='lat'><strong>(1)</strong></span> <span class='ocrx_word' id='word_1_292' title='bbox 667 4152 728 4199; x_wconf 87' lang='lat' dir='ltr'><strong>C.</strong></span> <span class='ocrx_word' id='word_1_293' title='bbox 751 4151 865 4201; x_wconf 85' lang='lat' dir='ltr'><strong>Tua</strong></span> <span class='ocrx_word' id='word_1_294' title='bbox 884 4166 991 4210; x_wconf 89' lang='lat' dir='ltr'><strong>nos,</strong></span> <span class='ocrx_word' id='word_1_295' title='bbox 1013 4148 1071 4200; x_wconf 73' lang='lat' dir='ltr'><strong>de</strong></span> <span class='ocrx_word' id='word_1_296' title='bbox 1091 4154 1201 4201; x_wconf 81' lang='lat' dir='ltr'><strong>sent</strong></span> <span class='ocrx_word' id='word_1_297' title='bbox 1221 4164 1404 4201; x_wconf 77' lang='lat' dir='ltr'><strong>eoecmn.</strong></span> <span class='ocrx_word' id='word_1_298' title='bbox 1611 4149 1696 4213; x_wconf 81' lang='lat'><strong>(2)</strong></span> <span class='ocrx_word' id='word_1_299' title='bbox 1737 4146 1797 4195; x_wconf 87' lang='lat' dir='ltr'><strong>C.</strong></span> <span class='ocrx_word' id='word_1_300' title='bbox 1821 4146 1903 4195; x_wconf 87' lang='lat' dir='ltr'><strong>Ad</strong></span> <span class='ocrx_word' id='word_1_301' title='bbox 1924 4144 2235 4205; x_wconf 80' lang='lat' dir='ltr'><strong>falsariorum,</strong></span> <span class='ocrx_word' id='word_1_302' title='bbox 2256 4144 2314 4195; x_wconf 83' lang='lat' dir='ltr'><strong>de</strong></span> <span class='ocrx_word' id='word_1_303' title='bbox 2338 4144 2478 4196; x_wconf 78' lang='lat' dir='ltr'><strong>crim-</strong></span> <span class='ocrx_word' id='word_1_304' title='bbox 2492 4145 2638 4214; x_wconf 65' lang='lat' dir='ltr'><strong>sahi.</strong></span> 
     </span>
     <span class='ocr_line' id='line_1_37' title="bbox 545 4228 2619 4304; baseline -0.003 -19"><span class='ocrx_word' id='word_1_305' title='bbox 545 4240 630 4304; x_wconf 84' lang='lat'><strong>(3)</strong></span> <span class='ocrx_word' id='word_1_306' title='bbox 670 4238 732 4285; x_wconf 87' lang='lat' dir='ltr'><strong>C.</strong></span> <span class='ocrx_word' id='word_1_307' title='bbox 755 4236 1040 4301; x_wconf 84' lang='lat' dir='ltr'><strong>Conquesti,</strong></span> <span class='ocrx_word' id='word_1_308' title='bbox 1062 4234 1120 4286; x_wconf 70' lang='lat' dir='ltr'><strong>de</strong></span> <span class='ocrx_word' id='word_1_309' title='bbox 1141 4240 1266 4285; x_wconf 75' lang='lat' dir='ltr'><strong>sent.</strong></span> <span class='ocrx_word' id='word_1_310' title='bbox 1288 4250 1472 4285; x_wconf 77' lang='lat' dir='ltr'><strong>excom.</strong></span> <span class='ocrx_word' id='word_1_311' title='bbox 1611 4235 1695 4299; x_wconf 87' lang='grc'><strong>(4)</strong></span> <span class='ocrx_word' id='word_1_312' title='bbox 1735 4233 1796 4280; x_wconf 87' lang='lat' dir='ltr'><strong>C.</strong></span> <span class='ocrx_word' id='word_1_313' title='bbox 1820 4231 2146 4294; x_wconf 83' lang='lat' dir='ltr'><strong>Quicumque,</strong></span> <span class='ocrx_word' id='word_1_314' title='bbox 2168 4228 2227 4280; x_wconf 70' lang='lat' dir='ltr'><strong>de</strong></span> <span class='ocrx_word' id='word_1_315' title='bbox 2248 4234 2371 4281; x_wconf 74' lang='lat' dir='ltr'><strong>sent.</strong></span> <span class='ocrx_word' id='word_1_316' title='bbox 2399 4245 2473 4281; x_wconf 77' lang='lat' dir='ltr'><strong>cx.</strong></span> <span class='ocrx_word' id='word_1_317' title='bbox 2496 4231 2549 4279; x_wconf 87' lang='lat' dir='ltr'><strong>in</strong></span> <span class='ocrx_word' id='word_1_318' title='bbox 2572 4233 2619 4279; x_wconf 89' lang='grc'><strong>6.</strong></span> 
     </span>
     <span class='ocr_line' id='line_1_38' title="bbox 545 4315 2254 4389; baseline -0.004 -18"><span class='ocrx_word' id='word_1_319' title='bbox 545 4324 630 4389; x_wconf 84' lang='grc'><strong>(5)</strong></span> <span class='ocrx_word' id='word_1_320' title='bbox 669 4323 869 4371; x_wconf 78' lang='lat' dir='ltr'><strong>Extrav.</strong></span> <span class='ocrx_word' id='word_1_321' title='bbox 891 4322 924 4371; x_wconf 85' lang='lat' dir='ltr'><strong>i.</strong></span> <span class='ocrx_word' id='word_1_322' title='bbox 947 4321 1005 4373; x_wconf 76' lang='lat' dir='ltr'><strong>de</strong></span> <span class='ocrx_word' id='word_1_323' title='bbox 1025 4326 1150 4373; x_wconf 77' lang='lat' dir='ltr'><strong>sent.</strong></span> <span class='ocrx_word' id='word_1_324' title='bbox 1173 4336 1274 4372; x_wconf 78' lang='lat' dir='ltr'><strong>exc.</strong></span> <span class='ocrx_word' id='word_1_325' title='bbox 1296 4326 1346 4369; x_wconf 86' lang='lat' dir='ltr'><strong>et</strong></span> <span class='ocrx_word' id='word_1_326' title='bbox 1361 4319 1510 4369; x_wconf 82' lang='lat' dir='ltr'><strong>Bulla</strong></span> <span class='ocrx_word' id='word_1_327' title='bbox 1529 4318 1772 4367; x_wconf 77' lang='lat' dir='ltr'><strong>Bonifacii</strong></span> <span class='ocrx_word' id='word_1_328' title='bbox 1792 4316 1891 4366; x_wconf 79' lang='lat' dir='ltr'><strong>viii.</strong></span> <span class='ocrx_word' id='word_1_329' title='bbox 1914 4322 1963 4365; x_wconf 85' lang='lat' dir='ltr'><strong>et</strong></span> <span class='ocrx_word' id='word_1_330' title='bbox 1984 4315 2129 4377; x_wconf 79' lang='lat' dir='ltr'><strong>Greg.</strong></span> <span class='ocrx_word' id='word_1_331' title='bbox 2150 4315 2254 4365; x_wconf 86' lang='lat' dir='ltr'><strong>xiii.</strong></span> 
     </span>
    </p>

    <p class='ocr_par' dir='ltr' id='par_1_6' title="bbox 543 4398 2381 4475">
     <span class='ocr_line' id='line_1_39' title="bbox 543 4398 2381 4475; baseline -0.007 -18"><span class='ocrx_word' id='word_1_332' title='bbox 543 4412 628 4475; x_wconf 76' lang='grc'><strong>(6)</strong></span> <span class='ocrx_word' id='word_1_333' title='bbox 668 4407 814 4469; x_wconf 77' lang='lat' dir='ltr'><strong>Grcg.</strong></span> <span class='ocrx_word' id='word_1_334' title='bbox 836 4416 916 4457; x_wconf 84' lang='lat' dir='ltr'><strong>xv.</strong></span> <span class='ocrx_word' id='word_1_335' title='bbox 940 4408 1086 4459; x_wconf 77' lang='lat' dir='ltr'><strong>Bulla</strong></span> <span class='ocrx_word' id='word_1_336' title='bbox 1108 4408 1189 4455; x_wconf 79' lang='lat'><strong>29.</strong></span> <span class='ocrx_word' id='word_1_337' title='bbox 1225 4404 1352 4454; x_wconf 88' lang='lat' dir='ltr'><strong>Vide</strong></span> <span class='ocrx_word' id='word_1_338' title='bbox 1374 4402 1757 4453; x_wconf 80' lang='lat' dir='ltr'><strong>dissertationem</strong></span> <span class='ocrx_word' id='word_1_339' title='bbox 1780 4401 1835 4449; x_wconf 89' lang='lat' dir='ltr'><strong>S.</strong></span> <span class='ocrx_word' id='word_1_340' title='bbox 1858 4401 2008 4466; x_wconf 87' lang='lat' dir='ltr'><strong>Alph.</strong></span> <span class='ocrx_word' id='word_1_341' title='bbox 2032 4402 2065 4450; x_wconf 92' lang='lat'><strong>1.</strong></span> <span class='ocrx_word' id='word_1_342' title='bbox 2087 4400 2169 4449; x_wconf 85' lang='lat' dir='ltr'><strong>vii.</strong></span> <span class='ocrx_word' id='word_1_343' title='bbox 2190 4414 2243 4447; x_wconf 87' lang='lat' dir='ltr'><strong>n.</strong></span> <span class='ocrx_word' id='word_1_344' title='bbox 2266 4398 2381 4446; x_wconf 81' lang='lat'>244.</span> 
     </span>
    </p>

    <p class='ocr_par' dir='ltr' id='par_1_7' title="bbox 545 4492 1268 4563">
     <span class='ocr_line' id='line_1_40' title="bbox 545 4492 1268 4563; baseline -0.006 -20"><span class='ocrx_word' id='word_1_345' title='bbox 545 4496 632 4563; x_wconf 75' lang='lat'><strong>(7)</strong></span> <span class='ocrx_word' id='word_1_346' title='bbox 671 4494 723 4543; x_wconf 80' lang='lat' dir='ltr'><strong>S.</strong></span> <span class='ocrx_word' id='word_1_347' title='bbox 746 4493 895 4558; x_wconf 86' lang='lat' dir='ltr'><strong>Alph.</strong></span> <span class='ocrx_word' id='word_1_348' title='bbox 919 4493 950 4543; x_wconf 92' lang='lat' dir='ltr'><strong>l.</strong></span> <span class='ocrx_word' id='word_1_349' title='bbox 973 4492 1054 4542; x_wconf 80' lang='lat' dir='ltr'><strong>vii.</strong></span> <span class='ocrx_word' id='word_1_350' title='bbox 1078 4508 1132 4541; x_wconf 86' lang='lat' dir='ltr'><strong>n.</strong></span> <span class='ocrx_word' id='word_1_351' title='bbox 1153 4492 1268 4540; x_wconf 82' lang='lat'><strong>310.</strong></span> 
     </span>
    </p>
   </div>
  </div>
 </body>
</html>
