3117 5217
1112 1360 1773 1437 TRACTATUS
1831 1362 2027 1435 XII:

961 1606 1084 1669 DE
1137 1607 1552 1673 VIRTUTE
1602 1609 2153 1673 RELIGIONIS.

1251 2042 1508 2109 PRAEVIE
1550 2070 1873 2110 No'rroNES.

553 2244 607 2295 1.
651 2239 880 2314 Religio
907 2258 976 2297 ea
1000 2240 1177 2296 virtus
1204 2248 1292 2296 est
1307 2258 1432 2312 quae
1460 2241 1518 2297 in
1541 2239 1671 2297 Deo
1690 2238 1933 2297 colendo
1953 2250 2237 2295 versatur:
2268 2240 2450 2297 cultus
2473 2250 2658 2297 autem

474 2354 774 2412 supremus
802 2338 952 2404 De0‚
979 2356 1166 2395 rerum
1194 2340 1452 2395 omnium
1473 2340 1689 2396 auctori
1708 2358 1774 2396 ac
1796 2338 2020 2405 arbitr0‚
2041 2338 2294 2395 debetur.
2379 2338 2657 2404 Quamvis

473 2435 624 2491 circa
648 2434 838 2492 Deum
867 2432 1171 2492 colendum
1199 2436 1402 2511 religio
1427 2446 1757 2511 occupetur,
1784 2456 1900 2493 non
1926 2448 2115 2495 tamen
2140 2437 2461 2513 theologica
2480 2438 2658 2499 virtus

474 2542 724 2601 vocatur,
773 2552 949 2606 quum
988 2550 1105 2589 non
1143 2544 1296 2591 recta
1339 2534 1532 2592 Deum
1563 2535 1852 2609 respiciat,
1890 2535 1992 2591 sed
2031 2534 2241 2594 cultum
2289 2537 2438 2612 ejuS,
2483 2554 2655 2607 quem

473 2630 695 2709 dirigit:
743 2640 921 2690 “non
960 2630 1114 2705 quod
1155 2640 1310 2689 actus
1350 2630 1556 2705 quibus
1598 2631 1760 2689 Deus
1800 2632 2017 2699 colitur,
2056 2634 2245 2709 ipsum
2273 2632 2467 2690 Deum
2495 2634 2657 2690 attin-

472 2740 642 2807 gant:
685 2732 836 2789 sicut
867 2752 998 2790 cum
1039 2730 1324 2789 credimus
1365 2730 1516 2798 Deo,
1558 2729 1862 2797 credend0,
1892 2729 2084 2788 Deum
2126 2732 2472 2807 attingimus.
2519 2772 2535 2787 .
2581 2773 2596 2788 .
2641 2771 2656 2787 .

473 2830 724 2888 Affertur
749 2841 936 2889 autem
965 2830 1096 2889 Deo
1123 2828 1343 2888 debitus
1370 2831 1577 2897 cultim,
1607 2831 1668 2887 in
1694 2842 1971 2903 quantum
2004 2839 2163 2887 actus
2194 2828 2426 2903 quidam
2454 2828 2657 2902 quibus

473 2926 635 2985 Deus
662 2930 882 2999 colitur,
909 2930 968 2987 in
995 2930 1110 2988 Dei
1132 2930 1506 2988 reverentiam
1533 2928 1710 2987 fiunt:
1740 2938 1875 3004 puta
1893 2929 2300 2989 sacrificiorum
2322 2927 2655 2995 oblationes,

473 3036 530 3083 et
555 3027 666 3084 alia
691 3027 1040 3104 hujusmodi.
1123 3026 1296 3085 Unde
1323 3028 1686 3101 manifestum
1723 3037 1827 3096 est,
1859 3026 2013 3101 quod
2040 3027 2201 3087 Deus
2227 3044 2345 3087 non
2368 3045 2659 3102 compara·

475 3135 564 3183 tur
589 3126 656 3183 ad
685 3128 948 3187 virtutem
974 3126 1268 3203 religionis
1295 3130 1444 3186 sicut
1467 3128 1722 3195 materia,
1750 3128 1842 3185 vel
1868 3128 2173 3204 objectum,
2203 3125 2304 3185 sed
2330 3125 2481 3207 sicut
2498 3126 2654 3182 finis.

476 3223 556 3281 Et
581 3224 712 3283 ideo
735 3226 939 3302 religio
963 3245 1082 3286 non
1109 3234 1198 3282 est
1221 3228 1396 3285 virtus
1426 3226 1767 3303 theologica,
1797 3228 1963 3305 cujus
1988 3228 2274 3304 objectum
2300 3234 2387 3283 est
2424 3225 2659 3282 ultimus

473 3322 642 3381 finis:
690 3324 794 3381 sed
832 3334 920 3383 est
957 3327 1134 3384 virtus
1179 3326 1430 3394 moralis,
1471 3326 1638 3401 cujus
1671 3336 1763 3383 est
1798 3344 1925 3383 esse
1960 3327 2109 3383 circa
2140 3345 2209 3383 ea
2242 3343 2367 3398 quae
2413 3332 2545 3381 sunt
2588 3323 2660 3381 ad
2754 3353 2763 3357 ·

473 3420 742 3481 finem.”¹
822 3424 976 3482 Inter
999 3426 1232 3482 virtutes
1273 3425 1519 3483 morales
1561 3426 1847 3499 praecipua
1872 3420 2011 3491 est,²
2037 3443 2234 3495 quum,
2263 3441 2379 3499 prae
2419 3422 2659 3491 caeteris,

473 3519 773 3580 hominum
813 3541 1003 3580 mores
1029 3524 1090 3580 in
1115 3541 1176 3581 re
1204 3523 1694 3599 praestantissima,
1725 3521 1839 3579 Dei
1880 3521 2098 3577 scilicet
2130 3522 2303 3587 cultu,
2334 3526 2659 3593 componat,

474 3628 530 3676 et
555 3620 625 3677 ad
652 3620 843 3680 Deum
871 3620 1058 3679 ducat.
1140 3620 1426 3697 Praecipui
1445 3622 1587 3696 -ejus
1628 3629 1785 3676 actus
1826 3604 1961 3676 sunt
1998 3617 2268 3683 adoratio,
2296 3616 2659 3681 sacrificium,

475 3719 674 3787 oratio,
716 3716 962 3786 devotio,
989 3720 1113 3776 laus
1153 3718 1287 3786 Dei,
1329 3720 1633 3795 gratiarum
1674 3718 1841 3784 acti0,
1868 3724 2087 3782 votum,
2121 3715 2530 3790 juramentum,
2567 3711 2661 3769 ad·

477 3796 811 3875 ministratio
851 3828 910 3875 et
947 3818 1238 3894 susceptio
1277 3826 1779 3875 sacramentorum.
1864 3814 2110 3872 Internis
2151 3813 2325 3870 animi
2366 3811 2659 3870 affectibus

558 4004 643 4067 (1)
682 4002 736 4049 S.
757 4002 937 4063 Thom,
961 4006 1009 4050 2.
1033 4006 1081 4050 2.
1103 4018 1186 4065 qu.
1208 4002 1364 4051 lxxxi.
1386 4008 1472 4050 art-
1495 4017 1542 4049 v.
1613 4001 1764 4067 Resp.
2314 4016 2327 4027 ·

555 4086 640 4148 (2)
679 4086 777 4135 “If
800 4088 866 4148 by
887 4084 972 4135 the
993 4085 1172 4134 service
1193 4086 1250 4134 of
1276 4085 1389 4134 God
1409 4086 1452 4133 is
1472 4094 1640 4135 meant
1671 4085 1753 4134 the
1790 4084 1947 4134 virtue
1978 4084 2035 4133 of
2060 4084 2283 4145 Religion
2315 4084 2571 4147 expressed
2604 4084 2657 4133 in

477 4168 691 4217 externa!
727 4171 900 4228 action,
922 4186 976 4217 as
1014 4169 1188 4232 saying
1225 4185 1315 4218 our
1346 4184 1554 4232 prayers,
1588 4169 1831 4230 receiving
1862 4169 1946 4217 the
1979 4169 2095 4232 holy
2130 4176 2413 4227 sacrament,
2452 4170 2651 4230 visiting

478 4252 728 4311 churches‚
763 4253 932 4315 sitting
965 4260 1014 4302 at
1047 4253 1130 4301 the
1169 4253 1441 4302 memorials
1480 4254 1536 4302 of
1561 4261 1781 4317 martyre,
1815 4254 2205 4316 contemplation,
2240 4254 2437 4314 fasting,
2462 4247 2657 4311 sflence,

483 4337 704 4396 solitude,
727 4337 822 4387 and
843 4338 928 4386 the
949 4337 1060 4396 like,
1082 4337 1200 4386 then
1222 4338 1260 4387 it
1281 4337 1325 4386 is
1346 4338 1524 4387 certain
1545 4338 1653 4387 that
1672 4338 1755 4386 the
1777 4338 1956 4387 service
1978 4338 2035 4386 of
2056 4338 2167 4387 God
2188 4338 2243 4387 in
2264 4338 2361 4386 this
2383 4352 2521 4385 sense
2543 4338 2586 4384 is
2607 4343 2657 4383 to

480 4421 716 4484 preferred
736 4421 894 4470 before
916 4436 1065 4486 many
1087 4421 1300 4483 things-’⁹
1366 4422 1396 4470 J
1399 4437 1560 4485 eremy
1584 4421 1781 4485 Taylnr,
1804 4422 1997 4473 Ductor
2013 4421 2397 4478 Dubitantium‚
2415 4421 2447 4468 1.
2464 4419 2532 4469 iii.
2549 4435 2591 4467 c.
2611 4421 2657 4467 3.

479 4504 572 4553 vol.
595 4504 644 4553 ii.
665 4520 714 4568 p.
744 4507 854 4553 181.
1606 4528 1615 4537 ·
