3117 5217
1141 518 1257 634 ἱΒΕ
1302 575 1499 634 AERE
1542 573 1886 636 ALIENO.
2505 583 2616 639 123

430 740 505 796 ob
532 740 807 814 speciales
835 741 1103 799 rationes.
1182 742 1291 800 Jus
1318 759 1633 802 caesareum
1653 742 1936 800 concessit
1953 743 2008 800 ei
2035 743 2134 814 qui
2159 742 2464 818 pecuniam
2492 761 2614 804 mu·

432 847 582 912 tuam
610 837 763 896 dedit
788 838 861 898 ad
884 840 1333 900 conservandam
1358 860 1481 906 rem
1506 841 1668 901 atteri
1695 841 2019 918 obligatam,
2051 843 2150 918 jus
2191 859 2308 918 prae
2347 843 2477 917 ipso
2515 844 2608 902 eui

416 939 491 994 ,in
505 937 885 1020 hypothecam
904 938 1031 996 data
1046 933 1187 997 est.¹
1224 941 1371 998 Item
1390 942 1443 998 ei
1460 942 1560 1012 qui
1580 940 1738 998 dedit
1753 941 2056 1017 pecuniam
2085 960 2187 1016 pro
2217 952 2446 1000 vectura
2463 959 2610 999 mer-

421 1036 601 1104 cium,
630 1037 723 1094 vel
746 1055 851 1113 pro
884 1037 1165 1098 locatione
1204 1039 1411 1098 tedium
1454 1041 1513 1096 in
1552 1041 1763 1112 quibus
1800 1049 2238 1107 asservarentur,
2267 1058 2610 1098 concessum

430 1144 603 1194 estut
626 1155 754 1194 eam
782 1137 1079 1212 reciperet,
1107 1148 1409 1210 antequam
1438 1139 1535 1196 alii
1565 1140 1774 1212 quibus
1813 1149 1948 1196 sunt
1985 1140 2046 1196 in
2085 1139 2472 1215 hypothecam
2505 1149 2610 1196 tra-

429 1227 612 1290 ditae?
694 1237 865 1302 “Qui
894 1235 966 1292 ad
998 1255 1203 1294 navem
1238 1237 1633 1304 extruendam,
1661 1237 2068 1304 instruendam,
2097 1237 2397 1296 emendam
2437 1257 2610 1314 pecu·

432 1333 583 1390 niam
612 1335 869 1402 credidit,
898 1336 1261 1412 privilegium
1302 1337 1646 1412 praelationis
1671 1332 1942 1404 habet,'’³
2023 1335 2372 1413 Hypotheca
2405 1337 2610 1394 dotalis

432 1431 834 1508 praeferebatur
858 1433 1205 1510 hypothecis
1232 1431 1776 1512 prioribustacitis,⁴
1804 1455 1920 1494 non
1941 1447 2134 1494 autem
2153 1437 2476 1512 expressis:
2507 1435 2613 1494 sed

429 1529 584 1606 apud
622 1549 729 1589 nos
767 1531 889 1590 haec
926 1533 1213 1592 distinctio
1244 1553 1361 1592 non
1394 1534 1489 1591 fitz
1532 1536 1730 1592 uxoris
1770 1545 1958 1594 tamen
1999 1534 2125 1600 des,
2154 1534 2372 1592 scilicet
2400 1536 2500 1612 jus
2539 1535 2610 1594 ad

428 1630 649 1688 tertiam
671 1633 1296 1708 partem-immobilium
1324 1634 1730 1702 sei-vatnam&
1759 1636 1886 1710 ipsa
1911 1634 2310 1710 subscripserit
2328 1633 2610 1710 hypothe-

430 1747 531 1786 cae.
618 1730 737 1788 Res
764 1741 955 1807 empta
980 1733 1227 1808 pecunia
1252 1733 1476 1809 pupilli,
1508 1733 1596 1790 vel
1623 1734 1878 1799 minoris,
1907 1745 2098 1792 manet
2126 1733 2202 1790 illi
2247 1742 2373 1790 ante
2409 1753 2612 1792 omnes

431 1828 675 1904 obligata
690 1831 823 1907 jure
846 1827 1144 1888 caesare0.⁵
1223 1831 1343 1890 Res
1368 1842 1560 1908 empta
1599 1834 1844 1909 pecunia
1881 1832 2132 1901 alterius,
2161 1832 2259 1904 qui
2299 1843 2498 1908 pactus
2525 1843 2614 1890 est

430 1946 557 1984 eam
584 1929 697 1986 sibi
716 1931 775 1988 in
796 1930 1183 2006 hypothecam
1212 1950 1315 2006 pro
1334 1931 1523 1990 debita
1540 1933 1838 1990 securitate
1857 1930 2121 2000 dandam,
2145 1931 2228 1992 illi
2252 1946 2372 2006 prae·
2391 1935 2612 1990 caeteris

431 2025 677 2104 obligata
718 2022 1004 2086 habetur-‚⁶
1082 2029 1287 2088 Fiscus
1328 2032 1496 2090 etiam
1527 2031 1823 2108 praesertur
1844 2029 2218 2090 creditoribus
2257 2033 2500 2098 caeteris,
2543 2042 2607 2090 ut

430 2126 633 2184 tributo
670 2124 960 2186 satisfiat.⁷
1030 2129 1138 2191 Sic
1177 2131 1347 2188 etiam
1394 2131 1582 2188 solent
1623 2133 1817 2190 omnia
1855 2131 2005 2188 bona
2043 2131 2428 2190 contrahentis
2471 2149 2602 2190 cum

430 2223 573 2282 fisco
592 2227 645 2284 ei
663 2228 917 2304 obligari.
976 2228 1240 2287 Mutuam
1262 2229 1403 2286 dans
1422 2231 1724 2305 pecuniam
1741 2229 1812 2288 ad
1835 2229 2090 2288 militiam
2113 2231 2405 2305 praefertur
2431 2231 2602 2290 etiam

426 2323 545 2381 doti
566 2327 783 2395 uxoris,
810 2327 885 2384 ob
927 2328 1211 2403 publicam
1248 2329 1506 2386 salutem.
1594 2329 1742 2388 Haec
1768 2349 1842 2388 ex
1873 2330 2006 2406 jure
2031 2347 2279 2387 caesareo
2307 2327 2608 2404 desumpta

434 2433 583 2480 sunt.

506 2527 645 2582 206.
689 2523 847 2582 Ordo
866 2524 1017 2601 apud
1042 2544 1149 2584 nos
1178 2527 1365 2584 varius
1392 2535 1499 2594 est,
1530 2525 1634 2582 sed
1661 2527 2112 2602 hypothecarum
2138 2527 2243 2592 vis,
2267 2545 2370 2600 pro
2391 2528 2612 2586 ratione

431 2624 720 2698 temporie,
767 2633 1037 2682 servatur.
1122 2624 1191 2683 In
1233 2624 1513 2696 aliquibus
1556 2625 1790 2682 statibus
1837 2624 2011 2682 fiscus
2056 2624 2348 2700 praefertur
2391 2628 2612 2684 caeteris

432 2721 835 2792 creditoribus3
884 2723 942 2780 in
982 2723 1107 2784 aliis
1148 2725 1528 2800 postponitur,
1570 2723 1653 2780 uti
1691 2723 1822 2780 alibi
1863 2722 2138 2780 diximus·
2223 2722 2356 2797 Ipse
2397 2723 2616 2782 debitor

358 2864 365 2870 .
430 2839 841 2896 nonnunquam
888 2823 977 2881 vel
1020 2824 1233 2900 scripto
1277 2823 1650 2882 instrumento
1703 2823 1912 2899 obligat
1961 2840 2024 2878 se
2077 2822 2147 2880 ad
2200 2821 2615 2897 praeferendum

431 2919 711 2992 quendam
740 2919 1096 2989 creditorem,
1123 2924 1255 2995 qui:
1287 2941 1353 2978 v:
1386 2941 1457 2998 g:
1488 2923 1791 3000 pecuniam
1815 2921 1909 2980 dat
1921 2921 1975 2978 ei
2004 2923 2062 2979 in
2085 2939 2270 2980 rerum
2295 2923 2612 3000 angustiisz

432 3019 523 3078 vel
561 3021 725 3078 bonis
765 3020 977 3079 cedens
1016 3021 1317 3079 nonnullos
1358 3022 1583 3098 prag-sert
1619 3022 1750 3080 aliis
1787 3019 2067 3096 speciales
2107 3021 2180 3078 ob
2217 3041 2440 3090 causaS,
2469 3043 2612 3096 quas

429 3120 767 3194 plerumque
806 3119 1111 3178 creditores
1152 3121 1471 3179 admittunt.
1557 3122 1769 3180 Peccat
1819 3119 1916 3194 qui
1960 3121 2070 3178 hoc
2115 3129 2328 3178 temere
2371 3123 2615 3182 instituit

426 3217 755 3286 discrimen,
796 3218 1057 3278 amicitiae
1094 3208 1347 3278 vel‘suae
1386 3221 1642 3278 utilitatis
1682 3240 1874 3290 causa,
1911 3239 2084 3292 quum
2121 3221 2220 3296 jus
2273 3231 2611 3282 caeterorum

430 3317 624 3378 laedat:
668 3318 769 3376 sed
810 3319 859 3375 si
898 3320 1085 3395 gravis
1124 3329 1322 3396 urgeat
1358 3321 1519 3388 ratio,
1548 3320 1701 3394 quod
1742 3321 1964 3380 scilicet
1989 3320 2262 3378 alter-sibi
2291 3323 2618 3380 subvenerit

431 3417 545 3475 fide
570 3418 913 3485 concidenti,
945 3417 1035 3476 vel
1059 3419 1213 3493 quod
1240 3420 1399 3496 gravi
1409 3421 1754 3478 necessitate
1779 3411 2046 3487 laboret,⁸
2073 3439 2187 3477 non
2214 3428 2301 3476 est
2329 3421 2616 3498 injustitias

432 3514 805 3576 damnandus.
890 3517 1281 3578 creditoribus
1309 3519 1479 3595 igitur
1514 3519 1782 3578 omnibus
1816 3519 2022 3591 quibus
2048 3536 2157 3575 nec
2185 3517 2280 3574 lex
2297 3517 2480 3586 favet,
2513 3538 2616 3576 nec

430 3618 763 3690 gravissima
788 3617 951 3683 ratio,
980 3636 1083 3694 pro
1110 3629 1227 3676 rata
1253 3627 1407 3694 parte
1452 3618 1778 3676 satisfacere
1807 3625 2048 3692 oportet,
2080 3616 2301 3688 quoties
2330 3618 2458 3687 quis
2501 3635 2618 3674 non

434 3717 581 3774 valet
604 3727 784 3774 totum
812 3715 1054 3774 solvere.
1142 3718 1198 3775 N
1204 3736 1269 3775 ec
1298 3717 1535 3776 habetur
1558 3717 1702 3774 ratio
1731 3716 2027 3792 temporis,
2059 3733 2233 3784 quum
2267 3732 2368 3788 par
2394 3716 2469 3772 sit
2493 3734 2616 3774 om-

434 3814 592 3874 nium
621 3833 823 3876 causa:
854 3817 1067 3892 quippe
1094 3826 1133 3852 ‘⁴
1154 3816 1450 3894 privilegia
1476 3835 1590 3874 non
1620 3833 1694 3872 ex
1716 3824 1968 3890 tempore
1997 3812 2361 3880 aestimantur,
2389 3813 2494 3872 sed
2533 3833 2609 3876 ex
2663 3833 2674 3844 ·

430 3933 621 3982 causa,
649 3925 707 3974 et
732 3915 780 3971 si
808 3895 1063 3988 ejusdem
1094 3916 1237 3974 tituli
1262 3916 1505 3982 suerunt,
1534 3922 1897 3980 concurrunt,
1924 3913 2062 3972 licet
2090 3910 2441 3972 diversitates
2478 3925 2616 3976 tem-

434 4016 587 4087 poris
630 4016 689 4074 in
734 4013 823 4072 his
866 4008 1173 4072 fuerint.'’⁹
1252 4013 1369 4071 Sed
1408 4015 1459 4071 si
1498 4011 1762 4071 creditori
1802 4013 2016 4089 petenti
2049 4011 2303 4092 ‘solvatur
2341 4013 2615 4083 debitum,

504 4202 588 4265 (1)
627 4200 687 4249 L.
710 4218 755 4250 v.
780 4205 825 4260 ξ.
858 4199 960 4262 Qui
978 4199 1190 4268 potiores
1212 4199 1267 4249 in
1287 4200 1399 4266 pig.
1607 4202 1690 4266 (2)
1731 4197 1790 4248 L.
1811 4199 1876 4248 vi.
1901 4203 1947 4258 ς.
1969 4198 2078 4247 eod.
2099 4198 2174 4248 tit.

506 4287 588 4353 (3)
618 4287 691 4338 Ita
712 4287 973 4351 Laymann
994 4287 1151 4337 citans
1168 4286 1227 4335 L.
1240 4285 1333 4353 qui
1356 4287 1415 4336 in
1438 4301 1632 4344 navem,
1653 4294 1715 4334 et.
1731 4285 1904 4349 Lquod
1920 4285 2030 4348 quis
2046 4285 2188 4334 navis
2209 4283 2258 4333 ff.
2271 4284 2328 4334 de
2339 4286 2477 4350 priv.
2492 4287 2618 4336 cred.

508 4373 592 4437 (4)
631 4372 693 4421 L.
712 4373 798 4422 xii.
824 4378 871 4432 §-
896 4374 996 4433 Qui
1022 4375 1192 4437 potior.
1619 4375 1704 4438 (5)
1743 4369 1804 4422 L.
1827 4373 2009 4436 penult.
2032 4371 2092 4422 de
2111 4385 2246 4420 servo
2265 4371 2474 4438 pignori
2493 4369 2628 4423 dato.

506 4459 589 4524 (6)
630 4458 688 4508 L.
711 4457 792 4507 vii.
812 4460 919 4508 cod.
948 4459 1051 4519 Qui
1066 4463 1170 4526 pot.
1192 4458 1249 4507 in
1262 4459 1419 4526 pig-n.
1612 4459 1697 4524 (7)
1737 4456 1797 4505 L.
1818 4457 1868 4509 ii.
1891 4456 2001 4505 cod.
2023 4455 2082 4506 de
2095 4454 2380 4521 priv-fisci.

506 4545 591 4610 (8)
622 4543 906 4608 Laymann,
928 4545 959 4592 l.
980 4544 1047 4592 iii.
1068 4543 1129 4592 de
1150 4544 1275 4592 Just.
1302 4551 1435 4594 traet-
1458 4543 1508 4592 ii.
1530 4559 1574 4594 c.
1597 4544 1662 4592 xi.
1687 4545 1736 4591 7.
1769 4540 1910 4592 Alter
1931 4555 2092 4591 casm.

510 4635 601 4699 (9)
641 4633 701 4682 L.
725 4633 840 4682 xvii.
867 4637 911 4693 ξ.
935 4633 994 4682 de
1011 4633 1151 4700 priv.
1174 4633 1299 4684 cred.
