<?xml version="1.0" encoding="UTF-8"?>
<!DOCTYPE html PUBLIC "-//W3C//DTD XHTML 1.0 Transitional//EN"
    "http://www.w3.org/TR/xhtml1/DTD/xhtml1-transitional.dtd">
<html xmlns="http://www.w3.org/1999/xhtml" xml:lang="en" lang="en">
 <head>
  <title>
</title>
<meta http-equiv="Content-Type" content="text/html;charset=utf-8" />
  <meta name='ocr-system' content='tesseract 3.04.00' />
  <meta name='ocr-capabilities' content='ocr_page ocr_carea ocr_par ocr_line ocrx_word'/>
</head>
<body>
  <div class='ocr_page' id='page_1' title='image "./theologiaemoral00unkngoog_0186.png"; bbox 0 0 3117 5217; ppageno 0'>
   <div class='ocr_carea' id='block_1_1' title="bbox 483 554 1793 619">
    <p class='ocr_par' dir='ltr' id='par_1_1' title="bbox 483 554 1793 619">
     <span class='ocr_line' id='line_1_1' title="bbox 483 554 1793 619; baseline -0.004 -2"><span class='ocrx_word' id='word_1_1' title='bbox 483 564 594 619; x_wconf 80' lang='lat'><strong>172</strong></span> <span class='ocrx_word' id='word_1_2' title='bbox 1335 554 1448 613; x_wconf 88' lang='lat' dir='ltr'><strong>DE</strong></span> <span class='ocrx_word' id='word_1_3' title='bbox 1493 554 1793 613; x_wconf 80' lang='lat' dir='ltr'><strong>USURA.</strong></span> 
     </span>
    </p>
   </div>
   <div class='ocr_carea' id='block_1_2' title="bbox 444 726 2686 2682">
    <p class='ocr_par' dir='ltr' id='par_1_2' title="bbox 444 726 2686 2682">
     <span class='ocr_line' id='line_1_2' title="bbox 479 726 2665 803; baseline -0.002 -16"><span class='ocrx_word' id='word_1_4' title='bbox 479 728 632 803; x_wconf 89' lang='lat' dir='ltr'><strong>quod</strong></span> <span class='ocrx_word' id='word_1_5' title='bbox 659 730 882 802; x_wconf 89' lang='lat' dir='ltr'><strong>aliquos</strong></span> <span class='ocrx_word' id='word_1_6' title='bbox 909 730 1205 787; x_wconf 86' lang='lat' dir='ltr'><strong>mussitare</strong></span> <span class='ocrx_word' id='word_1_7' title='bbox 1231 746 1348 785; x_wconf 87' lang='lat' dir='ltr'><strong>non</strong></span> <span class='ocrx_word' id='word_1_8' title='bbox 1377 727 1597 803; x_wconf 89' lang='lat' dir='ltr'><strong>puduit,</strong></span> <span class='ocrx_word' id='word_1_9' title='bbox 1624 736 1683 785; x_wconf 87' lang='lat' dir='ltr'><strong>et</strong></span> <span class='ocrx_word' id='word_1_10' title='bbox 1708 726 2090 794; x_wconf 85' lang='lat' dir='ltr'><strong>temerarium,</strong></span> <span class='ocrx_word' id='word_1_11' title='bbox 2114 734 2173 783; x_wconf 91' lang='lat' dir='ltr'><strong>et</strong></span> <span class='ocrx_word' id='word_1_12' title='bbox 2192 727 2307 785; x_wconf 90' lang='lat' dir='ltr'><strong>sere</strong></span> <span class='ocrx_word' id='word_1_13' title='bbox 2332 727 2665 784; x_wconf 83' lang='lat' dir='ltr'><strong>haereticum</strong></span> 
     </span>
     <span class='ocr_line' id='line_1_3' title="bbox 483 821 2411 887; baseline -0.002 -34"><span class='ocrx_word' id='word_1_14' title='bbox 483 821 664 886; x_wconf 69' lang='lat' dir='ltr'><strong>est-”¹</strong></span> <span class='ocrx_word' id='word_1_15' title='bbox 2378 852 2411 887; x_wconf 51' lang='lat' dir='ltr'><em>c</em></span> 
     </span>
     <span class='ocr_line' id='line_1_4' title="bbox 561 922 2669 999; baseline -0.003 -13"><span class='ocrx_word' id='word_1_16' title='bbox 561 932 660 986; x_wconf 81' lang='lat'><strong>72.</strong></span> <span class='ocrx_word' id='word_1_17' title='bbox 703 926 938 983; x_wconf 78' lang='lat' dir='ltr'><strong>Patmm</strong></span> <span class='ocrx_word' id='word_1_18' title='bbox 968 933 1026 981; x_wconf 90' lang='lat' dir='ltr'><strong>et</strong></span> <span class='ocrx_word' id='word_1_19' title='bbox 1051 924 1422 983; x_wconf 87' lang='lat' dir='ltr'><strong>conciliorum</strong></span> <span class='ocrx_word' id='word_1_20' title='bbox 1451 923 1793 983; x_wconf 87' lang='lat' dir='ltr'><strong>documenta</strong></span> <span class='ocrx_word' id='word_1_21' title='bbox 1829 924 1936 981; x_wconf 90' lang='lat' dir='ltr'><strong>hac</strong></span> <span class='ocrx_word' id='word_1_22' title='bbox 1974 924 2035 981; x_wconf 87' lang='lat' dir='ltr'><strong>in</strong></span> <span class='ocrx_word' id='word_1_23' title='bbox 2072 942 2135 981; x_wconf 88' lang='lat' dir='ltr'><strong>re</strong></span> <span class='ocrx_word' id='word_1_24' title='bbox 2164 924 2421 999; x_wconf 82' lang='lat' dir='ltr'>congerit</span> <span class='ocrx_word' id='word_1_25' title='bbox 2445 922 2669 998; x_wconf 89' lang='lat' dir='ltr'><strong>sapien-</strong></span> 
     </span>
     <span class='ocr_line' id='line_1_5' title="bbox 481 1021 2664 1109; baseline -0.002 -27"><span class='ocrx_word' id='word_1_26' title='bbox 481 1026 733 1083; x_wconf 87' lang='lat' dir='ltr'><strong>tissimus</strong></span> <span class='ocrx_word' id='word_1_27' title='bbox 755 1026 850 1083; x_wconf 90' lang='lat' dir='ltr'><strong>hic</strong></span> <span class='ocrx_word' id='word_1_28' title='bbox 864 1023 1151 1081; x_wconf 79' lang='lat' dir='ltr'><strong>Pontifex.</strong></span> <span class='ocrx_word' id='word_1_29' title='bbox 1195 1024 1677 1081; x_wconf 65' lang='lat' dir='ltr'><strong>Tun-rununus</strong></span> <span class='ocrx_word' id='word_1_30' title='bbox 1718 1025 1795 1081; x_wconf 89' lang='lat' dir='ltr'><strong>ita</strong></span> <span class='ocrx_word' id='word_1_31' title='bbox 1812 1021 2664 1109; x_wconf 38' lang='lat' dir='ltr'><strong>explicathechielislocumn:</strong></span> 
     </span>
     <span class='ocr_line' id='line_1_6' title="bbox 486 1120 2672 1193; baseline -0.003 -11"><span class='ocrx_word' id='word_1_32' title='bbox 486 1133 525 1159; x_wconf 82' lang='lat'><strong>‘⁸</strong></span> <span class='ocrx_word' id='word_1_33' title='bbox 549 1124 885 1190; x_wconf 86' lang='lat' dir='ltr'><strong>Pecuniam,</strong></span> <span class='ocrx_word' id='word_1_34' title='bbox 916 1123 1122 1193; x_wconf 88' lang='lat' dir='ltr'><strong>inquit,</strong></span> <span class='ocrx_word' id='word_1_35' title='bbox 1150 1140 1314 1181; x_wconf 88' lang='lat' dir='ltr'><strong>suam</strong></span> <span class='ocrx_word' id='word_1_36' title='bbox 1357 1122 1563 1180; x_wconf 87' lang='lat' dir='ltr'><strong>foenori</strong></span> <span class='ocrx_word' id='word_1_37' title='bbox 1606 1141 1719 1180; x_wconf 92' lang='lat' dir='ltr'><strong>non</strong></span> <span class='ocrx_word' id='word_1_38' title='bbox 1765 1121 1940 1190; x_wconf 82' lang='lat' dir='ltr'>dedit,</span> <span class='ocrx_word' id='word_1_39' title='bbox 1990 1130 2047 1177; x_wconf 87' lang='lat' dir='ltr'><strong>et</strong></span> <span class='ocrx_word' id='word_1_40' title='bbox 2087 1120 2241 1193; x_wconf 91' lang='lat' dir='ltr'><strong>quod</strong></span> <span class='ocrx_word' id='word_1_41' title='bbox 2284 1121 2672 1186; x_wconf 81' lang='lat' dir='ltr'><strong>abundaverit,</strong></span> 
     </span>
     <span class='ocr_line' id='line_1_7' title="bbox 479 1214 2669 1292; baseline -0.002 -13"><span class='ocrx_word' id='word_1_42' title='bbox 479 1242 598 1281; x_wconf 89' lang='lat' dir='ltr'><strong>non</strong></span> <span class='ocrx_word' id='word_1_43' title='bbox 639 1234 844 1289; x_wconf 88' lang='lat' dir='ltr'><strong>sumet,</strong></span> <span class='ocrx_word' id='word_1_44' title='bbox 887 1222 1122 1280; x_wconf 84' lang='lat' dir='ltr'><strong>foenoris</strong></span> <span class='ocrx_word' id='word_1_45' title='bbox 1167 1222 1389 1280; x_wconf 90' lang='lat' dir='ltr'><strong>scilicet</strong></span> <span class='ocrx_word' id='word_1_46' title='bbox 1425 1221 1878 1288; x_wconf 80' lang='lat' dir='ltr'><strong>redundantiam,</strong></span> <span class='ocrx_word' id='word_1_47' title='bbox 1927 1220 2079 1292; x_wconf 87' lang='lat' dir='ltr'><strong>quod</strong></span> <span class='ocrx_word' id='word_1_48' title='bbox 2126 1231 2215 1278; x_wconf 89' lang='lat' dir='ltr'><strong>est</strong></span> <span class='ocrx_word' id='word_1_49' title='bbox 2256 1214 2523 1277; x_wconf 80' lang='lat' dir='ltr'><strong>usura.”²</strong></span> <span class='ocrx_word' id='word_1_50' title='bbox 2603 1218 2669 1275; x_wconf 81' lang='lat' dir='ltr'><strong>S.</strong></span> 
     </span>
     <span class='ocr_line' id='line_1_8' title="bbox 488 1300 2671 1398; baseline -0.003 -18"><span class='ocrx_word' id='word_1_51' title='bbox 488 1323 792 1388; x_wconf 73' lang='grc' dir='ltr'><strong>ΒΑειιιυε,</strong></span> <span class='ocrx_word' id='word_1_52' title='bbox 843 1320 1083 1398; x_wconf 88' lang='lat' dir='ltr'><strong>allegato</strong></span> <span class='ocrx_word' id='word_1_53' title='bbox 1129 1321 1338 1395; x_wconf 88' lang='lat' dir='ltr'><strong>pariter</strong></span> <span class='ocrx_word' id='word_1_54' title='bbox 1384 1320 1715 1377; x_wconf 81' lang='lat' dir='ltr'><strong>Ezechielis</strong></span> <span class='ocrx_word' id='word_1_55' title='bbox 1756 1300 1922 1387; x_wconf 59' lang='lat' dir='ltr'><strong>loce,</strong></span> <span class='ocrx_word' id='word_1_56' title='bbox 1960 1320 2071 1376; x_wconf 87' lang='lat' dir='ltr'><strong>ait:</strong></span> <span class='ocrx_word' id='word_1_57' title='bbox 2121 1327 2159 1354; x_wconf 78' lang='lat'><strong>‘⁶</strong></span> <span class='ocrx_word' id='word_1_58' title='bbox 2183 1318 2463 1376; x_wconf 79' lang='lat' dir='ltr'><strong>Ezechiel</strong></span> <span class='ocrx_word' id='word_1_59' title='bbox 2508 1317 2565 1376; x_wconf 91' lang='lat' dir='ltr'><strong>id</strong></span> <span class='ocrx_word' id='word_1_60' title='bbox 2609 1318 2671 1374; x_wconf 90' lang='lat' dir='ltr'><strong>in</strong></span> 
     </span>
     <span class='ocr_line' id='line_1_9' title="bbox 483 1415 2671 1492; baseline -0.003 -14"><span class='ocrx_word' id='word_1_61' title='bbox 483 1422 750 1483; x_wconf 85' lang='lat' dir='ltr'><strong>maximis</strong></span> <span class='ocrx_word' id='word_1_62' title='bbox 781 1420 946 1477; x_wconf 87' lang='lat' dir='ltr'><strong>malis</strong></span> <span class='ocrx_word' id='word_1_63' title='bbox 973 1428 1250 1484; x_wconf 83' lang='lat' dir='ltr'><strong>recenset,</strong></span> <span class='ocrx_word' id='word_1_64' title='bbox 1281 1420 1330 1476; x_wconf 87' lang='lat' dir='ltr'><strong>si</strong></span> <span class='ocrx_word' id='word_1_65' title='bbox 1358 1418 1567 1485; x_wconf 87' lang='lat' dir='ltr'><strong>foenus,</strong></span> <span class='ocrx_word' id='word_1_66' title='bbox 1597 1426 1653 1474; x_wconf 87' lang='lat' dir='ltr'><strong>et</strong></span> <span class='ocrx_word' id='word_1_67' title='bbox 1678 1415 1974 1492; x_wconf 87' lang='lat' dir='ltr'><strong>quidpiam</strong></span> <span class='ocrx_word' id='word_1_68' title='bbox 2015 1419 2159 1473; x_wconf 87' lang='lat' dir='ltr'><strong>ultra</strong></span> <span class='ocrx_word' id='word_1_69' title='bbox 2186 1426 2396 1473; x_wconf 88' lang='lat' dir='ltr'><strong>sortem</strong></span> <span class='ocrx_word' id='word_1_70' title='bbox 2424 1417 2671 1492; x_wconf 87' lang='lat' dir='ltr'><strong>accipia-</strong></span> 
     </span>
     <span class='ocr_line' id='line_1_10' title="bbox 488 1505 2681 1584; baseline -0.004 -7"><span class='ocrx_word' id='word_1_71' title='bbox 488 1513 671 1577; x_wconf 84' lang='lat' dir='ltr'><strong>tur.&#39;’³</strong></span> <span class='ocrx_word' id='word_1_72' title='bbox 753 1519 816 1576; x_wconf 88' lang='lat' dir='ltr'><strong>S.</strong></span> <span class='ocrx_word' id='word_1_73' title='bbox 847 1521 1214 1584; x_wconf 75' lang='lat' dir='ltr'><strong>Amnnosms‚</strong></span> <span class='ocrx_word' id='word_1_74' title='bbox 1260 1517 1404 1575; x_wconf 86' lang='lat' dir='ltr'><strong>“Et</strong></span> <span class='ocrx_word' id='word_1_75' title='bbox 1439 1535 1573 1573; x_wconf 88' lang='lat' dir='ltr'><strong>esca</strong></span> <span class='ocrx_word' id='word_1_76' title='bbox 1598 1505 1781 1573; x_wconf 72' lang='lat' dir='ltr'><strong>&#39;usura</strong></span> <span class='ocrx_word' id='word_1_77' title='bbox 1822 1526 1927 1582; x_wconf 86' lang='lat' dir='ltr'><strong>est,</strong></span> <span class='ocrx_word' id='word_1_78' title='bbox 1968 1524 2026 1573; x_wconf 88' lang='lat' dir='ltr'><strong>et</strong></span> <span class='ocrx_word' id='word_1_79' title='bbox 2062 1515 2237 1572; x_wconf 86' lang='lat' dir='ltr'><strong>vestis</strong></span> <span class='ocrx_word' id='word_1_80' title='bbox 2279 1532 2448 1571; x_wconf 90' lang='lat' dir='ltr'><strong>usura</strong></span> <span class='ocrx_word' id='word_1_81' title='bbox 2474 1526 2579 1579; x_wconf 88' lang='lat' dir='ltr'><strong>est,</strong></span> <span class='ocrx_word' id='word_1_82' title='bbox 2621 1522 2681 1569; x_wconf 88' lang='lat' dir='ltr'><strong>et</strong></span> 
     </span>
     <span class='ocr_line' id='line_1_11' title="bbox 489 1608 2679 1689; baseline -0.004 -12"><span class='ocrx_word' id='word_1_83' title='bbox 489 1617 887 1689; x_wconf 89' lang='lat' dir='ltr'><strong>quodcumque</strong></span> <span class='ocrx_word' id='word_1_84' title='bbox 915 1621 1056 1675; x_wconf 85' lang='lat' dir='ltr'><strong>sorti</strong></span> <span class='ocrx_word' id='word_1_85' title='bbox 1085 1615 1320 1683; x_wconf 88' lang='lat' dir='ltr'><strong>accedit,</strong></span> <span class='ocrx_word' id='word_1_86' title='bbox 1348 1635 1522 1674; x_wconf 86' lang='lat' dir='ltr'><strong>usura</strong></span> <span class='ocrx_word' id='word_1_87' title='bbox 1547 1608 1732 1672; x_wconf 87' lang='lat' dir='ltr'><strong>est.’&#39;⁴</strong></span> <span class='ocrx_word' id='word_1_88' title='bbox 1790 1614 1854 1670; x_wconf 87' lang='lat' dir='ltr'><strong>S.</strong></span> <span class='ocrx_word' id='word_1_89' title='bbox 1886 1613 2319 1682; x_wconf 70' lang='lat' dir='ltr'><strong>Hrnnonnms,</strong></span> <span class='ocrx_word' id='word_1_90' title='bbox 2362 1619 2402 1647; x_wconf 90' lang='grc'>“</span> <span class='ocrx_word' id='word_1_91' title='bbox 2426 1614 2542 1670; x_wconf 90' lang='lat' dir='ltr'><strong>Alii</strong></span> <span class='ocrx_word' id='word_1_92' title='bbox 2570 1630 2679 1688; x_wconf 90' lang='lat' dir='ltr'><strong>pro</strong></span> 
     </span>
     <span class='ocr_line' id='line_1_12' title="bbox 444 1698 2681 1792; baseline -0.003 -18"><span class='ocrx_word' id='word_1_93' title='bbox 444 1698 451 1703; x_wconf 39' lang='lat'>⁵</span> <span class='ocrx_word' id='word_1_94' title='bbox 489 1718 734 1792; x_wconf 89' lang='lat' dir='ltr'><strong>pecunia</strong></span> <span class='ocrx_word' id='word_1_95' title='bbox 759 1716 1030 1775; x_wconf 87' lang='lat' dir='ltr'><strong>soenerata</strong></span> <span class='ocrx_word' id='word_1_96' title='bbox 1056 1716 1242 1773; x_wconf 79' lang='lat' dir='ltr'><strong>solent</strong></span> <span class='ocrx_word' id='word_1_97' title='bbox 1281 1714 1621 1772; x_wconf 86' lang='lat' dir='ltr'><strong>munuscula</strong></span> <span class='ocrx_word' id='word_1_98' title='bbox 1662 1716 1923 1790; x_wconf 91' lang='lat' dir='ltr'><strong>accipere</strong></span> <span class='ocrx_word' id='word_1_99' title='bbox 1952 1713 2164 1771; x_wconf 87' lang='lat' dir='ltr'><strong>diversi</strong></span> <span class='ocrx_word' id='word_1_100' title='bbox 2196 1712 2445 1788; x_wconf 87' lang='lat' dir='ltr'><strong>generis,</strong></span> <span class='ocrx_word' id='word_1_101' title='bbox 2481 1721 2539 1768; x_wconf 92' lang='lat' dir='ltr'><strong>et</strong></span> <span class='ocrx_word' id='word_1_102' title='bbox 2562 1730 2681 1768; x_wconf 89' lang='lat' dir='ltr'><strong>non</strong></span> 
     </span>
     <span class='ocr_line' id='line_1_13' title="bbox 487 1810 2679 1892; baseline -0.003 -21"><span class='ocrx_word' id='word_1_103' title='bbox 487 1816 808 1892; x_wconf 82' lang='lat' dir='ltr'><strong>intelligunt</strong></span> <span class='ocrx_word' id='word_1_104' title='bbox 833 1834 1062 1874; x_wconf 89' lang='lat' dir='ltr'><strong>usuram</strong></span> <span class='ocrx_word' id='word_1_105' title='bbox 1091 1815 1366 1890; x_wconf 90' lang='lat' dir='ltr'><strong>appellari</strong></span> <span class='ocrx_word' id='word_1_106' title='bbox 1393 1824 1450 1869; x_wconf 86' lang='lat' dir='ltr'><strong>et</strong></span> <span class='ocrx_word' id='word_1_107' title='bbox 1475 1812 2072 1889; x_wconf 79' lang='lat' dir='ltr'><strong>superabundantiam,</strong></span> <span class='ocrx_word' id='word_1_108' title='bbox 2102 1810 2378 1883; x_wconf 90' lang='lat' dir='ltr'><strong>quidquid</strong></span> <span class='ocrx_word' id='word_1_109' title='bbox 2403 1810 2542 1868; x_wconf 90' lang='lat' dir='ltr'><strong>illud</strong></span> <span class='ocrx_word' id='word_1_110' title='bbox 2569 1820 2679 1878; x_wconf 90' lang='lat' dir='ltr'><strong>est,</strong></span> 
     </span>
     <span class='ocr_line' id='line_1_14' title="bbox 484 1909 2674 1989; baseline -0.002 -19"><span class='ocrx_word' id='word_1_111' title='bbox 484 1915 532 1971; x_wconf 90' lang='lat' dir='ltr'><strong>si</strong></span> <span class='ocrx_word' id='word_1_112' title='bbox 575 1915 642 1970; x_wconf 89' lang='lat' dir='ltr'><strong>ab</strong></span> <span class='ocrx_word' id='word_1_113' title='bbox 682 1933 752 1970; x_wconf 90' lang='lat' dir='ltr'><strong>eo</strong></span> <span class='ocrx_word' id='word_1_114' title='bbox 799 1913 951 1987; x_wconf 90' lang='lat' dir='ltr'><strong>quod</strong></span> <span class='ocrx_word' id='word_1_115' title='bbox 996 1914 1272 1980; x_wconf 84' lang='lat' dir='ltr'><strong>dederint,</strong></span> <span class='ocrx_word' id='word_1_116' title='bbox 1303 1913 1434 1989; x_wconf 86' lang='lat' dir='ltr'><strong>plus</strong></span> <span class='ocrx_word' id='word_1_117' title='bbox 1464 1909 1887 1987; x_wconf 84' lang='lat' dir='ltr'><strong>acceperint.”⁵</strong></span> <span class='ocrx_word' id='word_1_118' title='bbox 1966 1912 2032 1968; x_wconf 81' lang='lat' dir='ltr'><strong>S.</strong></span> <span class='ocrx_word' id='word_1_119' title='bbox 2077 1913 2491 1976; x_wconf 77' lang='lat' dir='ltr'><strong>AueusT1NUS‚</strong></span> <span class='ocrx_word' id='word_1_120' title='bbox 2536 1918 2575 1944; x_wconf 90' lang='grc'>“</span> <span class='ocrx_word' id='word_1_121' title='bbox 2600 1909 2674 1966; x_wconf 87' lang='lat' dir='ltr'><strong>Si</strong></span> 
     </span>
     <span class='ocr_line' id='line_1_15' title="bbox 487 2007 2686 2087; baseline -0.002 -18"><span class='ocrx_word' id='word_1_122' title='bbox 487 2012 856 2087; x_wconf 83' lang='lat' dir='ltr'><strong>soeneraveris</strong></span> <span class='ocrx_word' id='word_1_123' title='bbox 885 2012 1125 2079; x_wconf 88' lang='lat' dir='ltr'><strong>homini,</strong></span> <span class='ocrx_word' id='word_1_124' title='bbox 1155 2011 1213 2068; x_wconf 92' lang='lat' dir='ltr'><strong>id</strong></span> <span class='ocrx_word' id='word_1_125' title='bbox 1241 2021 1328 2069; x_wconf 87' lang='lat' dir='ltr'><strong>est</strong></span> <span class='ocrx_word' id='word_1_126' title='bbox 1352 2020 1607 2069; x_wconf 89' lang='lat' dir='ltr'><strong>mutuam</strong></span> <span class='ocrx_word' id='word_1_127' title='bbox 1651 2012 1952 2087; x_wconf 88' lang='lat' dir='ltr'><strong>pecuniam</strong></span> <span class='ocrx_word' id='word_1_128' title='bbox 1989 2010 2235 2077; x_wconf 75' lang='lat' dir='ltr'><strong>dederiS,</strong></span> <span class='ocrx_word' id='word_1_129' title='bbox 2266 2029 2298 2066; x_wconf 88' lang='lat' dir='ltr'><strong>a</strong></span> <span class='ocrx_word' id='word_1_130' title='bbox 2325 2027 2440 2082; x_wconf 92' lang='lat' dir='ltr'><strong>quo</strong></span> <span class='ocrx_word' id='word_1_131' title='bbox 2468 2007 2686 2079; x_wconf 90' lang='lat' dir='ltr'><strong>aliquid</strong></span> 
     </span>
     <span class='ocr_line' id='line_1_16' title="bbox 491 2106 2685 2191; baseline -0.002 -24"><span class='ocrx_word' id='word_1_132' title='bbox 491 2111 792 2186; x_wconf 86' lang='lat' dir='ltr'><strong>plusquam</strong></span> <span class='ocrx_word' id='word_1_133' title='bbox 824 2111 1052 2179; x_wconf 90' lang='lat' dir='ltr'><strong>dedisti,</strong></span> <span class='ocrx_word' id='word_1_134' title='bbox 1082 2120 1351 2187; x_wconf 83' lang='lat' dir='ltr'><strong>expectes</strong></span> <span class='ocrx_word' id='word_1_135' title='bbox 1393 2111 1673 2187; x_wconf 89' lang='lat' dir='ltr'><strong>accipere,</strong></span> <span class='ocrx_word' id='word_1_136' title='bbox 1718 2130 1833 2191; x_wconf 82' lang='lat' dir='ltr'><strong>non</strong></span> <span class='ocrx_word' id='word_1_137' title='bbox 1874 2110 2175 2186; x_wconf 89' lang='lat' dir='ltr'><strong>pecuniam</strong></span> <span class='ocrx_word' id='word_1_138' title='bbox 2218 2109 2420 2174; x_wconf 87' lang='lat' dir='ltr'><strong>solam,</strong></span> <span class='ocrx_word' id='word_1_139' title='bbox 2451 2106 2553 2163; x_wconf 90' lang='lat' dir='ltr'><strong>sed</strong></span> <span class='ocrx_word' id='word_1_140' title='bbox 2582 2107 2685 2163; x_wconf 90' lang='lat' dir='ltr'><strong>ali-</strong></span> 
     </span>
     <span class='ocr_line' id='line_1_17' title="bbox 491 2206 2681 2287; baseline -0.002 -21"><span class='ocrx_word' id='word_1_141' title='bbox 491 2208 651 2282; x_wconf 88' lang='lat' dir='ltr'><strong>quid,</strong></span> <span class='ocrx_word' id='word_1_142' title='bbox 699 2210 1000 2287; x_wconf 88' lang='lat' dir='ltr'><strong>plusquam</strong></span> <span class='ocrx_word' id='word_1_143' title='bbox 1046 2210 1274 2278; x_wconf 91' lang='lat' dir='ltr'><strong>dedisti,</strong></span> <span class='ocrx_word' id='word_1_144' title='bbox 1333 2212 1454 2267; x_wconf 88' lang='lat' dir='ltr'><strong>sive</strong></span> <span class='ocrx_word' id='word_1_145' title='bbox 1502 2210 1641 2267; x_wconf 92' lang='lat' dir='ltr'><strong>illud</strong></span> <span class='ocrx_word' id='word_1_146' title='bbox 1688 2210 1933 2267; x_wconf 89' lang='lat' dir='ltr'><strong>triticum</strong></span> <span class='ocrx_word' id='word_1_147' title='bbox 1981 2210 2073 2275; x_wconf 88' lang='lat' dir='ltr'><strong>sit,</strong></span> <span class='ocrx_word' id='word_1_148' title='bbox 2118 2210 2240 2265; x_wconf 85' lang='lat' dir='ltr'><strong>sive</strong></span> <span class='ocrx_word' id='word_1_149' title='bbox 2286 2208 2505 2274; x_wconf 86' lang='lat' dir='ltr'><strong>vinum,</strong></span> <span class='ocrx_word' id='word_1_150' title='bbox 2556 2206 2681 2262; x_wconf 87' lang='lat' dir='ltr'><strong>sive</strong></span> 
     </span>
     <span class='ocr_line' id='line_1_18' title="bbox 491 2292 2680 2383; baseline -0.002 -17"><span class='ocrx_word' id='word_1_151' title='bbox 491 2309 703 2375; x_wconf 92' lang='lat' dir='ltr'><strong>oleum,</strong></span> <span class='ocrx_word' id='word_1_152' title='bbox 733 2310 855 2366; x_wconf 88' lang='lat' dir='ltr'><strong>sive</strong></span> <span class='ocrx_word' id='word_1_153' title='bbox 885 2310 1177 2380; x_wconf 89' lang='lat' dir='ltr'><strong>quodlibet</strong></span> <span class='ocrx_word' id='word_1_154' title='bbox 1203 2292 1376 2376; x_wconf 86' lang='lat' dir='ltr'><strong>aliud,</strong></span> <span class='ocrx_word' id='word_1_155' title='bbox 1422 2310 1492 2375; x_wconf 90' lang='lat' dir='ltr'><strong>si,</strong></span> <span class='ocrx_word' id='word_1_156' title='bbox 1523 2310 1831 2383; x_wconf 86' lang='lat' dir='ltr'><strong>plusquam</strong></span> <span class='ocrx_word' id='word_1_157' title='bbox 1867 2306 2076 2365; x_wconf 90' lang='lat' dir='ltr'><strong>dedisti</strong></span> <span class='ocrx_word' id='word_1_158' title='bbox 2102 2318 2371 2383; x_wconf 85' lang='lat' dir='ltr'><strong>expectas</strong></span> <span class='ocrx_word' id='word_1_159' title='bbox 2399 2306 2680 2381; x_wconf 83' lang='lat' dir='ltr'><strong>accipere,</strong></span> 
     </span>
     <span class='ocr_line' id='line_1_19' title="bbox 485 2398 2683 2483; baseline -0.001 -20"><span class='ocrx_word' id='word_1_160' title='bbox 485 2407 789 2465; x_wconf 84' lang='lat' dir='ltr'><strong>foenerator</strong></span> <span class='ocrx_word' id='word_1_161' title='bbox 815 2398 980 2466; x_wconf 80' lang='lat' dir='ltr'><strong>eS.’‘⁶</strong></span> <span class='ocrx_word' id='word_1_162' title='bbox 1021 2408 1352 2467; x_wconf 86' lang='lat' dir='ltr'><strong>Concilium</strong></span> <span class='ocrx_word' id='word_1_163' title='bbox 1373 2408 1701 2483; x_wconf 87' lang='lat' dir='ltr'><strong>Agathense</strong></span> <span class='ocrx_word' id='word_1_164' title='bbox 1722 2409 1959 2465; x_wconf 88' lang='lat' dir='ltr'><strong>relatum</strong></span> <span class='ocrx_word' id='word_1_165' title='bbox 1982 2428 2015 2464; x_wconf 87' lang='lat' dir='ltr'><strong>a</strong></span> <span class='ocrx_word' id='word_1_166' title='bbox 2039 2398 2431 2464; x_wconf 85' lang='lat' dir='ltr'><strong>Burchardo:⁷</strong></span> <span class='ocrx_word' id='word_1_167' title='bbox 2476 2405 2576 2461; x_wconf 88' lang='lat' dir='ltr'><strong>“U</strong></span> <span class='ocrx_word' id='word_1_168' title='bbox 2589 2423 2683 2461; x_wconf 89' lang='lat' dir='ltr'><strong>su-</strong></span> 
     </span>
     <span class='ocr_line' id='line_1_20' title="bbox 491 2502 2675 2583; baseline -0 -22"><span class='ocrx_word' id='word_1_169' title='bbox 491 2523 551 2561; x_wconf 88' lang='lat' dir='ltr'><strong>ra</strong></span> <span class='ocrx_word' id='word_1_170' title='bbox 576 2515 663 2562; x_wconf 87' lang='lat' dir='ltr'><strong>est</strong></span> <span class='ocrx_word' id='word_1_171' title='bbox 695 2507 791 2563; x_wconf 91' lang='lat' dir='ltr'><strong>ubi</strong></span> <span class='ocrx_word' id='word_1_172' title='bbox 831 2507 1075 2583; x_wconf 86' lang='lat' dir='ltr'><strong>amplius</strong></span> <span class='ocrx_word' id='word_1_173' title='bbox 1117 2506 1422 2581; x_wconf 83' lang='lat' dir='ltr'><strong>requiritur</strong></span> <span class='ocrx_word' id='word_1_174' title='bbox 1459 2525 1633 2579; x_wconf 89' lang='lat' dir='ltr'><strong>quam</strong></span> <span class='ocrx_word' id='word_1_175' title='bbox 1676 2507 1858 2574; x_wconf 89' lang='lat' dir='ltr'><strong>datur,</strong></span> <span class='ocrx_word' id='word_1_176' title='bbox 1886 2526 1955 2563; x_wconf 86' lang='lat' dir='ltr'><strong>v:</strong></span> <span class='ocrx_word' id='word_1_177' title='bbox 1986 2525 2054 2583; x_wconf 87' lang='lat' dir='ltr'><strong>g:</strong></span> <span class='ocrx_word' id='word_1_178' title='bbox 2099 2507 2149 2563; x_wconf 89' lang='lat' dir='ltr'><strong>si</strong></span> <span class='ocrx_word' id='word_1_179' title='bbox 2190 2503 2415 2562; x_wconf 88' lang='lat' dir='ltr'><strong>dederis</strong></span> <span class='ocrx_word' id='word_1_180' title='bbox 2456 2502 2675 2561; x_wconf 89' lang='lat' dir='ltr'><strong>solidos</strong></span> 
     </span>
     <span class='ocr_line' id='line_1_21' title="bbox 489 2602 1502 2682; baseline 0.003 -22"><span class='ocrx_word' id='word_1_181' title='bbox 489 2602 710 2672; x_wconf 84' lang='lat' dir='ltr'><strong>decern,</strong></span> <span class='ocrx_word' id='word_1_182' title='bbox 753 2615 809 2662; x_wconf 91' lang='lat' dir='ltr'><strong>et</strong></span> <span class='ocrx_word' id='word_1_183' title='bbox 847 2608 1092 2682; x_wconf 89' lang='lat' dir='ltr'><strong>amplius</strong></span> <span class='ocrx_word' id='word_1_184' title='bbox 1140 2604 1502 2680; x_wconf 76' lang='lat' dir='ltr'><strong>quaesieri8.&#39;’</strong></span> 
     </span>
    </p>
   </div>
   <div class='ocr_carea' id='block_1_3' title="bbox 495 2762 2689 4607">
    <p class='ocr_par' dir='ltr' id='par_1_3' title="bbox 495 2762 2689 4259">
     <span class='ocr_line' id='line_1_22' title="bbox 571 2762 2681 2832; baseline -0 -21"><span class='ocrx_word' id='word_1_185' title='bbox 571 2768 656 2832; x_wconf 95' lang='lat'><strong>(1)</strong></span> <span class='ocrx_word' id='word_1_186' title='bbox 697 2764 756 2813; x_wconf 90' lang='lat' dir='ltr'><strong>L.</strong></span> <span class='ocrx_word' id='word_1_187' title='bbox 779 2782 828 2815; x_wconf 84' lang='lat' dir='ltr'><strong>x.</strong></span> <span class='ocrx_word' id='word_1_188' title='bbox 851 2766 912 2814; x_wconf 89' lang='lat' dir='ltr'><strong>de</strong></span> <span class='ocrx_word' id='word_1_189' title='bbox 935 2766 1056 2829; x_wconf 87' lang='lat' dir='ltr'><strong>Syn.</strong></span> <span class='ocrx_word' id='word_1_190' title='bbox 1080 2783 1122 2815; x_wconf 90' lang='lat' dir='ltr'><strong>c.</strong></span> <span class='ocrx_word' id='word_1_191' title='bbox 1144 2768 1207 2815; x_wconf 87' lang='lat' dir='ltr'><strong>iv.</strong></span> <span class='ocrx_word' id='word_1_192' title='bbox 1277 2767 1353 2815; x_wconf 92' lang='lat' dir='ltr'><strong>De</strong></span> <span class='ocrx_word' id='word_1_193' title='bbox 1374 2772 1537 2815; x_wconf 84' lang='lat' dir='ltr'><strong>textus</strong></span> <span class='ocrx_word' id='word_1_194' title='bbox 1558 2766 1691 2815; x_wconf 88' lang='lat' dir='ltr'><strong>illius</strong></span> <span class='ocrx_word' id='word_1_195' title='bbox 1712 2782 1861 2814; x_wconf 84' lang='lat' dir='ltr'><strong>sensu</strong></span> <span class='ocrx_word' id='word_1_196' title='bbox 1898 2765 2086 2813; x_wconf 87' lang='lat' dir='ltr'><strong>disserit</strong></span> <span class='ocrx_word' id='word_1_197' title='bbox 2119 2764 2244 2813; x_wconf 79' lang='lat' dir='ltr'><strong>inter</strong></span> <span class='ocrx_word' id='word_1_198' title='bbox 2268 2764 2387 2812; x_wconf 88' lang='lat' dir='ltr'><strong>alios</strong></span> <span class='ocrx_word' id='word_1_199' title='bbox 2410 2762 2681 2811; x_wconf 81' lang='lat' dir='ltr'><strong>Mastrofini</strong></span> 
     </span>
     <span class='ocr_line' id='line_1_23' title="bbox 495 2847 2674 2914; baseline -0 -16"><span class='ocrx_word' id='word_1_200' title='bbox 495 2850 547 2898; x_wconf 88' lang='lat' dir='ltr'><strong>in</strong></span> <span class='ocrx_word' id='word_1_201' title='bbox 569 2866 710 2913; x_wconf 89' lang='lat' dir='ltr'><strong>opere</strong></span> <span class='ocrx_word' id='word_1_202' title='bbox 731 2850 890 2908; x_wconf 80' lang='lat' dir='ltr'><strong>dicto3</strong></span> <span class='ocrx_word' id='word_1_203' title='bbox 925 2859 954 2882; x_wconf 91' lang='lat'><strong>“</strong></span> <span class='ocrx_word' id='word_1_204' title='bbox 973 2852 1045 2899; x_wconf 88' lang='lat' dir='ltr'><strong>Le</strong></span> <span class='ocrx_word' id='word_1_205' title='bbox 1073 2850 1241 2908; x_wconf 74' lang='lat' dir='ltr'><strong>Usure,</strong></span> <span class='ocrx_word' id='word_1_206' title='bbox 1265 2848 1381 2900; x_wconf 68' lang='lat' dir='ltr'><strong>libra·</strong></span> <span class='ocrx_word' id='word_1_207' title='bbox 1402 2856 1489 2901; x_wconf 80' lang='lat' dir='ltr'><strong>tre.</strong></span> <span class='ocrx_word' id='word_1_208' title='bbox 1513 2850 1832 2901; x_wconf 65' lang='lat' dir='ltr'><strong>Discus-sione</strong></span> <span class='ocrx_word' id='word_1_209' title='bbox 1854 2848 1965 2899; x_wconf 75' lang='lat' dir='ltr'><strong>dell&#39;</strong></span> <span class='ocrx_word' id='word_1_210' title='bbox 1990 2850 2148 2899; x_wconf 82' lang='lat' dir='ltr'><strong>Abate</strong></span> <span class='ocrx_word' id='word_1_211' title='bbox 2174 2850 2340 2900; x_wconf 84' lang='lat' dir='ltr'><strong>Marco</strong></span> <span class='ocrx_word' id='word_1_212' title='bbox 2364 2847 2674 2914; x_wconf 75' lang='lat' dir='ltr'><strong>Mastrofini,</strong></span> 
     </span>
     <span class='ocr_line' id='line_1_24' title="bbox 501 2934 2676 3007; baseline 0.002 -25"><span class='ocrx_word' id='word_1_213' title='bbox 501 2935 664 2984; x_wconf 82' lang='lat' dir='ltr'><strong>Roma</strong></span> <span class='ocrx_word' id='word_1_214' title='bbox 693 2935 868 2983; x_wconf 84' lang='lat'><strong>1831.”</strong></span> <span class='ocrx_word' id='word_1_215' title='bbox 903 2934 962 2982; x_wconf 91' lang='lat' dir='ltr'><strong>L.</strong></span> <span class='ocrx_word' id='word_1_216' title='bbox 985 2936 1016 2983; x_wconf 90' lang='lat' dir='ltr'><strong>i.</strong></span> <span class='ocrx_word' id='word_1_217' title='bbox 1039 2952 1081 2983; x_wconf 92' lang='lat' dir='ltr'><strong>c.</strong></span> <span class='ocrx_word' id='word_1_218' title='bbox 1099 2936 1161 2983; x_wconf 86' lang='lat' dir='ltr'><strong>iv.</strong></span> <span class='ocrx_word' id='word_1_219' title='bbox 1197 2935 1395 2984; x_wconf 83' lang='lat' dir='ltr'><strong>Graecus</strong></span> <span class='ocrx_word' id='word_1_220' title='bbox 1432 2942 1597 2985; x_wconf 85' lang='lat' dir='ltr'><strong>textus</strong></span> <span class='ocrx_word' id='word_1_221' title='bbox 1632 2937 1805 2985; x_wconf 88' lang='lat' dir='ltr'><strong>habet:</strong></span> <span class='ocrx_word' id='word_1_222' title='bbox 1840 2937 2078 3003; x_wconf 75' lang='grc' dir='ltr'><strong>δανέιζετε</strong></span> <span class='ocrx_word' id='word_1_223' title='bbox 2124 2941 2272 3007; x_wconf 76' lang='grc' dir='ltr'><em>μηδὲν</em></span> <span class='ocrx_word' id='word_1_224' title='bbox 2305 2935 2676 3000; x_wconf 68' lang='grc' dir='ltr'><strong><em>ἀπελπίζοντες.</em></strong></span> 
     </span>
     <span class='ocr_line' id='line_1_25' title="bbox 502 3017 2675 3085; baseline 0.002 -20"><span class='ocrx_word' id='word_1_225' title='bbox 502 3017 578 3065; x_wconf 90' lang='lat' dir='ltr'><strong>De</strong></span> <span class='ocrx_word' id='word_1_226' title='bbox 600 3020 851 3065; x_wconf 83' lang='lat' dir='ltr'><strong>verborum</strong></span> <span class='ocrx_word' id='word_1_227' title='bbox 885 3018 935 3067; x_wconf 87' lang='lat' dir='ltr'><strong>vi</strong></span> <span class='ocrx_word' id='word_1_228' title='bbox 967 3019 1074 3067; x_wconf 81' lang='lat' dir='ltr'><strong>fuse</strong></span> <span class='ocrx_word' id='word_1_229' title='bbox 1115 3019 1244 3079; x_wconf 83' lang='lat' dir='ltr'><strong>agit3</strong></span> <span class='ocrx_word' id='word_1_230' title='bbox 1280 3020 1364 3067; x_wconf 82' lang='lat' dir='ltr'><strong>sed</strong></span> <span class='ocrx_word' id='word_1_231' title='bbox 1397 3021 1459 3069; x_wconf 84' lang='lat' dir='ltr'><strong>ad</strong></span> <span class='ocrx_word' id='word_1_232' title='bbox 1501 3022 1718 3083; x_wconf 84' lang='lat' dir='ltr'><strong>Vulgatae</strong></span> <span class='ocrx_word' id='word_1_233' title='bbox 1751 3024 1984 3073; x_wconf 82' lang='lat' dir='ltr'><strong>versionis</strong></span> <span class='ocrx_word' id='word_1_234' title='bbox 2018 3040 2230 3082; x_wconf 88' lang='lat' dir='ltr'><strong>sensum,</strong></span> <span class='ocrx_word' id='word_1_235' title='bbox 2266 3040 2295 3071; x_wconf 83' lang='lat' dir='ltr'><strong>a</strong></span> <span class='ocrx_word' id='word_1_236' title='bbox 2328 3039 2425 3085; x_wconf 92' lang='lat' dir='ltr'><strong>quo</strong></span> <span class='ocrx_word' id='word_1_237' title='bbox 2458 3022 2675 3080; x_wconf 84' lang='lat' dir='ltr'><strong>discedit,</strong></span> 
     </span>
     <span class='ocr_line' id='line_1_26' title="bbox 499 3101 2683 3173; baseline 0 -22"><span class='ocrx_word' id='word_1_238' title='bbox 499 3101 650 3151; x_wconf 87' lang='lat' dir='ltr'><strong>critici</strong></span> <span class='ocrx_word' id='word_1_239' title='bbox 673 3101 923 3150; x_wconf 84' lang='lat' dir='ltr'><strong>acatholici</strong></span> <span class='ocrx_word' id='word_1_240' title='bbox 945 3104 1193 3152; x_wconf 85' lang='lat' dir='ltr'><strong>accedunt.</strong></span> <span class='ocrx_word' id='word_1_241' title='bbox 1262 3104 1629 3153; x_wconf 85' lang='lat' dir='ltr'><strong>Rosenmueller</strong></span> <span class='ocrx_word' id='word_1_242' title='bbox 1660 3106 2099 3170; x_wconf 85' lang='lat' dir='ltr'><strong>interpretationem</strong></span> <span class='ocrx_word' id='word_1_243' title='bbox 2134 3106 2262 3155; x_wconf 80' lang='lat' dir='ltr'><strong>Ariae</strong></span> <span class='ocrx_word' id='word_1_244' title='bbox 2299 3106 2540 3173; x_wconf 70' lang='lat' dir='ltr'><strong>Montani,</strong></span> <span class='ocrx_word' id='word_1_245' title='bbox 2575 3121 2683 3167; x_wconf 81' lang='lat' dir='ltr'><strong>quae</strong></span> 
     </span>
     <span class='ocr_line' id='line_1_27' title="bbox 501 3186 2688 3260; baseline 0.001 -25"><span class='ocrx_word' id='word_1_246' title='bbox 501 3186 772 3235; x_wconf 79' lang='lat' dir='ltr'><strong>Mastrofini</strong></span> <span class='ocrx_word' id='word_1_247' title='bbox 795 3187 980 3246; x_wconf 87' lang='lat' dir='ltr'><strong>arridet,</strong></span> <span class='ocrx_word' id='word_1_248' title='bbox 1003 3188 1184 3251; x_wconf 88' lang='lat' dir='ltr'><strong>rejicit:</strong></span> <span class='ocrx_word' id='word_1_249' title='bbox 1223 3189 1515 3239; x_wconf 86' lang='lat' dir='ltr'><strong>“Nonnulli</strong></span> <span class='ocrx_word' id='word_1_250' title='bbox 1536 3198 1761 3240; x_wconf 79' lang='lat' dir='ltr'><strong>vertunt:</strong></span> <span class='ocrx_word' id='word_1_251' title='bbox 1796 3208 1901 3243; x_wconf 80' lang='lat' dir='ltr'><strong>non</strong></span> <span class='ocrx_word' id='word_1_252' title='bbox 1918 3193 2245 3260; x_wconf 76' lang='lat' dir='ltr'><strong>desperantes,</strong></span> <span class='ocrx_word' id='word_1_253' title='bbox 2269 3192 2449 3240; x_wconf 89' lang='lat' dir='ltr'><strong>scilicet</strong></span> <span class='ocrx_word' id='word_1_254' title='bbox 2470 3191 2531 3239; x_wconf 93' lang='lat' dir='ltr'><strong>de</strong></span> <span class='ocrx_word' id='word_1_255' title='bbox 2553 3190 2688 3237; x_wconf 87' lang='lat' dir='ltr'><strong>retri-</strong></span> 
     </span>
     <span class='ocr_line' id='line_1_28' title="bbox 497 3270 2689 3343; baseline 0.002 -25"><span class='ocrx_word' id='word_1_256' title='bbox 497 3270 710 3319; x_wconf 89' lang='lat' dir='ltr'><strong>butione.</strong></span> <span class='ocrx_word' id='word_1_257' title='bbox 779 3271 877 3319; x_wconf 81' lang='lat' dir='ltr'><strong>Sed</strong></span> <span class='ocrx_word' id='word_1_258' title='bbox 899 3272 1289 3321; x_wconf 72' lang='lat' dir='ltr'><strong>antecedentibus</strong></span> <span class='ocrx_word' id='word_1_259' title='bbox 1311 3274 1466 3333; x_wconf 86' lang='lat' dir='ltr'><strong>magis</strong></span> <span class='ocrx_word' id='word_1_260' title='bbox 1488 3276 1716 3324; x_wconf 87' lang='lat' dir='ltr'><strong>convenit</strong></span> <span class='ocrx_word' id='word_1_261' title='bbox 1732 3283 1911 3325; x_wconf 79' lang='lat' dir='ltr'><strong>vertere</strong></span> <span class='ocrx_word' id='word_1_262' title='bbox 1931 3295 1943 3325; x_wconf 89' lang='lat'>:</span> <span class='ocrx_word' id='word_1_263' title='bbox 1967 3274 2105 3327; x_wconf 72' lang='lat' dir='ltr'><em>nihil</em></span> <span class='ocrx_word' id='word_1_264' title='bbox 2118 3276 2235 3326; x_wconf 82' lang='lat' dir='ltr'><strong>inde</strong></span> <span class='ocrx_word' id='word_1_265' title='bbox 2256 3274 2689 3343; x_wconf 74' lang='lat' dir='ltr'><strong>sperantes—sine</strong></span> 
     </span>
     <span class='ocr_line' id='line_1_29' title="bbox 496 3355 2687 3429; baseline 0.002 -26"><span class='ocrx_word' id='word_1_266' title='bbox 496 3369 583 3421; x_wconf 73' lang='lat' dir='ltr'><strong>spe</strong></span> <span class='ocrx_word' id='word_1_267' title='bbox 607 3355 1070 3429; x_wconf 53' lang='lat' dir='ltr'><strong>compensationis?</strong></span> <span class='ocrx_word' id='word_1_268' title='bbox 1110 3356 1172 3417; x_wconf 84' lang='lat' dir='ltr'><strong>In</strong></span> <span class='ocrx_word' id='word_1_269' title='bbox 1195 3356 1370 3407; x_wconf 81' lang='lat' dir='ltr'><strong>locum.</strong></span> <span class='ocrx_word' id='word_1_270' title='bbox 1441 3359 1809 3411; x_wconf 88' lang='lat' dir='ltr'><strong>Bloomfieldius</strong></span> <span class='ocrx_word' id='word_1_271' title='bbox 1831 3362 1976 3410; x_wconf 87' lang='lat' dir='ltr'><strong>dicit:</strong></span> <span class='ocrx_word' id='word_1_272' title='bbox 2013 3370 2042 3394; x_wconf 90' lang='lat'><strong>“</strong></span> <span class='ocrx_word' id='word_1_273' title='bbox 2061 3362 2172 3409; x_wconf 91' lang='lat' dir='ltr'><strong>The</strong></span> <span class='ocrx_word' id='word_1_274' title='bbox 2193 3368 2299 3411; x_wconf 88' lang='lat' dir='ltr'><strong>true</strong></span> <span class='ocrx_word' id='word_1_275' title='bbox 2322 3359 2687 3423; x_wconf 89' lang='lat' dir='ltr'><strong>interpretation</strong></span> 
     </span>
     <span class='ocr_line' id='line_1_30' title="bbox 501 3440 2680 3508; baseline 0.001 -21"><span class='ocrx_word' id='word_1_276' title='bbox 501 3456 656 3487; x_wconf 88' lang='lat' dir='ltr'><strong>seems</strong></span> <span class='ocrx_word' id='word_1_277' title='bbox 678 3446 729 3488; x_wconf 76' lang='lat' dir='ltr'><strong>to</strong></span> <span class='ocrx_word' id='word_1_278' title='bbox 749 3441 808 3488; x_wconf 90' lang='lat' dir='ltr'><strong>be</strong></span> <span class='ocrx_word' id='word_1_279' title='bbox 832 3440 914 3488; x_wconf 89' lang='lat' dir='ltr'><strong>the</strong></span> <span class='ocrx_word' id='word_1_280' title='bbox 936 3457 1030 3489; x_wconf 92' lang='lat' dir='ltr'><strong>one</strong></span> <span class='ocrx_word' id='word_1_281' title='bbox 1064 3443 1308 3505; x_wconf 87' lang='lat' dir='ltr'><strong>generally</strong></span> <span class='ocrx_word' id='word_1_282' title='bbox 1333 3442 1559 3505; x_wconf 84' lang='lat' dir='ltr'><strong>assigned</strong></span> <span class='ocrx_word' id='word_1_283' title='bbox 1591 3446 1656 3508; x_wconf 86' lang='lat' dir='ltr'><strong>by</strong></span> <span class='ocrx_word' id='word_1_284' title='bbox 1679 3445 1872 3494; x_wconf 85' lang='lat' dir='ltr'><strong>ancient</strong></span> <span class='ocrx_word' id='word_1_285' title='bbox 1912 3446 2008 3494; x_wconf 89' lang='lat' dir='ltr'><strong>and</strong></span> <span class='ocrx_word' id='word_1_286' title='bbox 2041 3446 2240 3494; x_wconf 84' lang='lat' dir='ltr'><strong>modern</strong></span> <span class='ocrx_word' id='word_1_287' title='bbox 2275 3444 2680 3501; x_wconf 84' lang='lat' dir='ltr'><strong>Commentators,</strong></span> 
     </span>
     <span class='ocr_line' id='line_1_31' title="bbox 497 3520 2683 3593; baseline 0 -19"><span class='ocrx_word' id='word_1_288' title='bbox 497 3526 684 3589; x_wconf 87' lang='lat' dir='ltr'><strong>hoping</strong></span> <span class='ocrx_word' id='word_1_289' title='bbox 704 3526 776 3573; x_wconf 87' lang='lat' dir='ltr'><strong>for</strong></span> <span class='ocrx_word' id='word_1_290' title='bbox 795 3526 1003 3587; x_wconf 85' lang='lat' dir='ltr'><strong>nothing</strong></span> <span class='ocrx_word' id='word_1_291' title='bbox 1025 3520 1216 3588; x_wconf 85' lang='lat' dir='ltr'><strong>again.’&#39;</strong></span> <span class='ocrx_word' id='word_1_292' title='bbox 1287 3528 1625 3578; x_wconf 84' lang='lat' dir='ltr'><strong>Bloomfieldio</strong></span> <span class='ocrx_word' id='word_1_293' title='bbox 1648 3530 1876 3579; x_wconf 81' lang='lat' dir='ltr'><strong>asserenti</strong></span> <span class='ocrx_word' id='word_1_294' title='bbox 1892 3547 1956 3578; x_wconf 91' lang='lat' dir='ltr'><strong>ne</strong></span> <span class='ocrx_word' id='word_1_295' title='bbox 1979 3531 2174 3593; x_wconf 90' lang='lat' dir='ltr'><strong>quidem</strong></span> <span class='ocrx_word' id='word_1_296' title='bbox 2198 3537 2373 3578; x_wconf 87' lang='lat' dir='ltr'><strong>sortem</strong></span> <span class='ocrx_word' id='word_1_297' title='bbox 2397 3528 2683 3592; x_wconf 82' lang='lat' dir='ltr'><strong>sperandam</strong></span> 
     </span>
     <span class='ocr_line' id='line_1_32' title="bbox 501 3605 2689 3674; baseline 0.001 -19"><span class='ocrx_word' id='word_1_298' title='bbox 501 3623 562 3655; x_wconf 84' lang='lat' dir='ltr'><strong>ex</strong></span> <span class='ocrx_word' id='word_1_299' title='bbox 589 3606 772 3655; x_wconf 86' lang='lat' dir='ltr'><strong>Christi</strong></span> <span class='ocrx_word' id='word_1_300' title='bbox 793 3605 993 3668; x_wconf 62' lang='lat' dir='ltr'><strong>monito,</strong></span> <span class='ocrx_word' id='word_1_301' title='bbox 1017 3609 1235 3657; x_wconf 89' lang='lat' dir='ltr'><strong>assentiri</strong></span> <span class='ocrx_word' id='word_1_302' title='bbox 1256 3626 1358 3658; x_wconf 91' lang='lat' dir='ltr'><strong>non</strong></span> <span class='ocrx_word' id='word_1_303' title='bbox 1391 3626 1683 3674; x_wconf 89' lang='lat' dir='ltr'><strong>possumus:</strong></span> <span class='ocrx_word' id='word_1_304' title='bbox 1718 3618 1837 3660; x_wconf 90' lang='lat' dir='ltr'><strong>tunc</strong></span> <span class='ocrx_word' id='word_1_305' title='bbox 1876 3612 2007 3660; x_wconf 89' lang='lat' dir='ltr'><strong>enim</strong></span> <span class='ocrx_word' id='word_1_306' title='bbox 2046 3611 2180 3660; x_wconf 88' lang='lat' dir='ltr'><strong>haud</strong></span> <span class='ocrx_word' id='word_1_307' title='bbox 2212 3612 2412 3659; x_wconf 86' lang='lat' dir='ltr'><strong>dixisset</strong></span> <span class='ocrx_word' id='word_1_308' title='bbox 2444 3614 2689 3663; x_wconf 78' lang='lat' dir='ltr'><strong>mutuum</strong></span> 
     </span>
     <span class='ocr_line' id='line_1_33' title="bbox 499 3691 2683 3760; baseline 0 -17"><span class='ocrx_word' id='word_1_309' title='bbox 499 3692 629 3751; x_wconf 81' lang='lat' dir='ltr'><strong>date,</strong></span> <span class='ocrx_word' id='word_1_310' title='bbox 653 3694 737 3742; x_wconf 89' lang='lat' dir='ltr'><strong>sed</strong></span> <span class='ocrx_word' id='word_1_311' title='bbox 761 3691 1042 3759; x_wconf 82' lang='lat' dir='ltr'><strong>largimini,</strong></span> <span class='ocrx_word' id='word_1_312' title='bbox 1073 3694 1266 3754; x_wconf 77' lang='lat' dir='ltr'><strong>donate,</strong></span> <span class='ocrx_word' id='word_1_313' title='bbox 1289 3697 1365 3744; x_wconf 81' lang='lat' dir='ltr'><strong>vel</strong></span> <span class='ocrx_word' id='word_1_314' title='bbox 1405 3696 1523 3758; x_wconf 89' lang='lat' dir='ltr'><strong>quid</strong></span> <span class='ocrx_word' id='word_1_315' title='bbox 1560 3696 1855 3760; x_wconf 86' lang='lat' dir='ltr'><strong>hujusmodi.</strong></span> <span class='ocrx_word' id='word_1_316' title='bbox 1924 3697 2072 3757; x_wconf 80' lang='lat' dir='ltr'><strong>Quod</strong></span> <span class='ocrx_word' id='word_1_317' title='bbox 2104 3697 2274 3746; x_wconf 89' lang='lat' dir='ltr'><strong>dicunt</strong></span> <span class='ocrx_word' id='word_1_318' title='bbox 2306 3695 2532 3745; x_wconf 88' lang='lat' dir='ltr'><strong>nonnulli</strong></span> <span class='ocrx_word' id='word_1_319' title='bbox 2566 3710 2683 3757; x_wconf 76' lang='lat' dir='ltr'><strong>prae-</strong></span> 
     </span>
     <span class='ocr_line' id='line_1_34' title="bbox 499 3779 2681 3843; baseline 0 -17"><span class='ocrx_word' id='word_1_320' title='bbox 499 3784 693 3840; x_wconf 89' lang='lat' dir='ltr'><strong>ceptum</strong></span> <span class='ocrx_word' id='word_1_321' title='bbox 713 3779 810 3827; x_wconf 88' lang='lat' dir='ltr'><strong>hoc</strong></span> <span class='ocrx_word' id='word_1_322' title='bbox 828 3796 1096 3843; x_wconf 85' lang='lat' dir='ltr'><strong>pauperum</strong></span> <span class='ocrx_word' id='word_1_323' title='bbox 1117 3781 1272 3843; x_wconf 78' lang='lat' dir='ltr'><strong>gratia</strong></span> <span class='ocrx_word' id='word_1_324' title='bbox 1291 3781 1443 3829; x_wconf 89' lang='lat' dir='ltr'><strong>latum</strong></span> <span class='ocrx_word' id='word_1_325' title='bbox 1479 3796 1600 3840; x_wconf 89' lang='lat' dir='ltr'><strong>esse,</strong></span> <span class='ocrx_word' id='word_1_326' title='bbox 1633 3798 1801 3829; x_wconf 83' lang='lat' dir='ltr'><strong>verum</strong></span> <span class='ocrx_word' id='word_1_327' title='bbox 1832 3787 1936 3840; x_wconf 82' lang='lat' dir='ltr'><strong>est3</strong></span> <span class='ocrx_word' id='word_1_328' title='bbox 1972 3781 2055 3829; x_wconf 88' lang='lat' dir='ltr'><strong>sed</strong></span> <span class='ocrx_word' id='word_1_329' title='bbox 2089 3781 2245 3829; x_wconf 83' lang='lat' dir='ltr'><strong>verbis</strong></span> <span class='ocrx_word' id='word_1_330' title='bbox 2278 3780 2581 3842; x_wconf 80' lang='lat' dir='ltr'><strong>generalibus</strong></span> <span class='ocrx_word' id='word_1_331' title='bbox 2604 3786 2681 3827; x_wconf 85' lang='lat' dir='ltr'><strong>est</strong></span> 
     </span>
     <span class='ocr_line' id='line_1_35' title="bbox 502 3862 2687 3928; baseline 0.001 -20"><span class='ocrx_word' id='word_1_332' title='bbox 502 3862 806 3911; x_wconf 86' lang='lat' dir='ltr'><strong>enuntiatum</strong></span> <span class='ocrx_word' id='word_1_333' title='bbox 830 3870 886 3911; x_wconf 92' lang='lat' dir='ltr'><strong>ut</strong></span> <span class='ocrx_word' id='word_1_334' title='bbox 905 3865 1146 3913; x_wconf 89' lang='lat' dir='ltr'><strong>tolleretur</strong></span> <span class='ocrx_word' id='word_1_335' title='bbox 1167 3864 1304 3913; x_wconf 85' lang='lat' dir='ltr'><strong>radix</strong></span> <span class='ocrx_word' id='word_1_336' title='bbox 1327 3866 1563 3913; x_wconf 79' lang='lat' dir='ltr'><strong>malorum</strong></span> <span class='ocrx_word' id='word_1_337' title='bbox 1598 3864 1834 3928; x_wconf 82' lang='lat' dir='ltr'><strong>cupiditas</strong></span> <span class='ocrx_word' id='word_1_338' title='bbox 1856 3866 2043 3913; x_wconf 90' lang='lat' dir='ltr'><strong>lucrum</strong></span> <span class='ocrx_word' id='word_1_339' title='bbox 2066 3881 2128 3913; x_wconf 84' lang='lat' dir='ltr'><strong>ex</strong></span> <span class='ocrx_word' id='word_1_340' title='bbox 2151 3865 2360 3928; x_wconf 88' lang='lat' dir='ltr'><strong>pecunia</strong></span> <span class='ocrx_word' id='word_1_341' title='bbox 2379 3870 2552 3913; x_wconf 86' lang='lat' dir='ltr'><strong>mutua</strong></span> <span class='ocrx_word' id='word_1_342' title='bbox 2572 3862 2687 3911; x_wconf 82' lang='lat' dir='ltr'><strong>data</strong></span> 
     </span>
     <span class='ocr_line' id='line_1_36' title="bbox 503 3946 2684 4013; baseline 0.001 -19"><span class='ocrx_word' id='word_1_343' title='bbox 503 3946 749 3995; x_wconf 88' lang='lat' dir='ltr'><strong>referendi.</strong></span> <span class='ocrx_word' id='word_1_344' title='bbox 819 3949 1062 4010; x_wconf 83' lang='lat' dir='ltr'><strong>Equidem</strong></span> <span class='ocrx_word' id='word_1_345' title='bbox 1083 3956 1274 3998; x_wconf 83' lang='lat' dir='ltr'><strong>constat</strong></span> <span class='ocrx_word' id='word_1_346' title='bbox 1291 3966 1525 4013; x_wconf 89' lang='lat' dir='ltr'><strong>pauperes</strong></span> <span class='ocrx_word' id='word_1_347' title='bbox 1547 3966 1683 4013; x_wconf 79' lang='lat' dir='ltr'><strong>aeque</strong></span> <span class='ocrx_word' id='word_1_348' title='bbox 1706 3967 1761 4000; x_wconf 83' lang='lat' dir='ltr'><strong>ac</strong></span> <span class='ocrx_word' id='word_1_349' title='bbox 1795 3950 1913 3999; x_wconf 90' lang='lat' dir='ltr'><strong>alios</strong></span> <span class='ocrx_word' id='word_1_350' title='bbox 1946 3952 2129 3997; x_wconf 87' lang='lat' dir='ltr'><strong>solvere</strong></span> <span class='ocrx_word' id='word_1_351' title='bbox 2162 3966 2361 3999; x_wconf 87' lang='lat' dir='ltr'><strong>usuram</strong></span> <span class='ocrx_word' id='word_1_352' title='bbox 2390 3950 2684 4011; x_wconf 89' lang='lat' dir='ltr'><strong>ubicumque</strong></span> 
     </span>
     <span class='ocr_line' id='line_1_37' title="bbox 503 4031 2681 4097; baseline 0.002 -20"><span class='ocrx_word' id='word_1_353' title='bbox 503 4031 800 4079; x_wconf 89' lang='lat' dir='ltr'><strong>consuetudo</strong></span> <span class='ocrx_word' id='word_1_354' title='bbox 822 4048 929 4079; x_wconf 87' lang='lat' dir='ltr'><strong>eam</strong></span> <span class='ocrx_word' id='word_1_355' title='bbox 952 4032 1215 4094; x_wconf 88' lang='lat' dir='ltr'><strong>accipiendi</strong></span> <span class='ocrx_word' id='word_1_356' title='bbox 1237 4034 1423 4093; x_wconf 87' lang='lat' dir='ltr'><strong>legibus</strong></span> <span class='ocrx_word' id='word_1_357' title='bbox 1460 4035 1767 4097; x_wconf 89' lang='lat' dir='ltr'><strong>moribusque</strong></span> <span class='ocrx_word' id='word_1_358' title='bbox 1784 4034 2003 4093; x_wconf 84' lang='lat' dir='ltr'><strong>invaluit,</strong></span> <span class='ocrx_word' id='word_1_359' title='bbox 2034 4034 2153 4083; x_wconf 81' lang='lat' dir='ltr'><strong>adeo</strong></span> <span class='ocrx_word' id='word_1_360' title='bbox 2174 4040 2231 4083; x_wconf 91' lang='lat' dir='ltr'><strong>ut</strong></span> <span class='ocrx_word' id='word_1_361' title='bbox 2253 4034 2384 4097; x_wconf 87' lang='lat' dir='ltr'><strong>quod</strong></span> <span class='ocrx_word' id='word_1_362' title='bbox 2408 4034 2501 4097; x_wconf 88' lang='lat' dir='ltr'><strong>ipsi</strong></span> <span class='ocrx_word' id='word_1_363' title='bbox 2522 4048 2681 4082; x_wconf 77' lang='lat' dir='ltr'><strong>usurae</strong></span> 
     </span>
     <span class='ocr_line' id='line_1_38' title="bbox 500 4114 2672 4182; baseline 0.001 -21"><span class='ocrx_word' id='word_1_364' title='bbox 500 4114 688 4176; x_wconf 85' lang='lat' dir='ltr'><strong>patroni</strong></span> <span class='ocrx_word' id='word_1_365' title='bbox 709 4114 824 4163; x_wconf 85' lang='lat' dir='ltr'><strong>fassi</strong></span> <span class='ocrx_word' id='word_1_366' title='bbox 845 4123 959 4164; x_wconf 90' lang='lat' dir='ltr'><strong>sunt</strong></span> <span class='ocrx_word' id='word_1_367' title='bbox 975 4116 1204 4165; x_wconf 88' lang='lat' dir='ltr'><strong>divinitus</strong></span> <span class='ocrx_word' id='word_1_368' title='bbox 1225 4117 1432 4180; x_wconf 78' lang='lat' dir='ltr'><strong>praecipi,</strong></span> <span class='ocrx_word' id='word_1_369' title='bbox 1454 4134 1630 4181; x_wconf 89' lang='lat' dir='ltr'><strong>nempe</strong></span> <span class='ocrx_word' id='word_1_370' title='bbox 1664 4124 1890 4168; x_wconf 89' lang='lat' dir='ltr'><strong>mutuum</strong></span> <span class='ocrx_word' id='word_1_371' title='bbox 1913 4119 2025 4167; x_wconf 89' lang='lat' dir='ltr'><strong>dare</strong></span> <span class='ocrx_word' id='word_1_372' title='bbox 2046 4118 2337 4182; x_wconf 86' lang='lat' dir='ltr'><strong>pauperibus</strong></span> <span class='ocrx_word' id='word_1_373' title='bbox 2360 4118 2519 4179; x_wconf 87' lang='lat' dir='ltr'><strong>gratis,</strong></span> <span class='ocrx_word' id='word_1_374' title='bbox 2542 4132 2672 4180; x_wconf 90' lang='lat' dir='ltr'><strong>pror·</strong></span> 
     </span>
     <span class='ocr_line' id='line_1_39' title="bbox 502 4198 1854 4259; baseline 0.007 -15"><span class='ocrx_word' id='word_1_375' title='bbox 502 4213 586 4250; x_wconf 76' lang='lat' dir='ltr'><strong>uus</strong></span> <span class='ocrx_word' id='word_1_376' title='bbox 607 4198 890 4259; x_wconf 86' lang='lat' dir='ltr'><strong>negligatur.</strong></span> <span class='ocrx_word' id='word_1_377' title='bbox 1849 4244 1854 4253; x_wconf 90' lang='lat'><strong>.</strong></span> 
     </span>
    </p>

    <p class='ocr_par' dir='ltr' id='par_1_4' title="bbox 571 4281 2524 4353">
     <span class='ocr_line' id='line_1_40' title="bbox 571 4281 2524 4353; baseline 0.002 -26"><span class='ocrx_word' id='word_1_378' title='bbox 571 4282 654 4348; x_wconf 85' lang='lat'><strong>(2)</strong></span> <span class='ocrx_word' id='word_1_379' title='bbox 694 4281 753 4329; x_wconf 89' lang='lat' dir='ltr'><strong>L.</strong></span> <span class='ocrx_word' id='word_1_380' title='bbox 775 4282 838 4329; x_wconf 85' lang='lat' dir='ltr'><strong>iv.</strong></span> <span class='ocrx_word' id='word_1_381' title='bbox 862 4290 1028 4331; x_wconf 85' lang='lat' dir='ltr'><strong>contra</strong></span> <span class='ocrx_word' id='word_1_382' title='bbox 1049 4284 1361 4344; x_wconf 87' lang='lat' dir='ltr'><strong>Marcionem,</strong></span> <span class='ocrx_word' id='word_1_383' title='bbox 1383 4302 1425 4333; x_wconf 91' lang='lat' dir='ltr'><strong>c.</strong></span> <span class='ocrx_word' id='word_1_384' title='bbox 1448 4285 1563 4334; x_wconf 82' lang='lat' dir='ltr'><strong>xvii.</strong></span> <span class='ocrx_word' id='word_1_385' title='bbox 1704 4289 1786 4353; x_wconf 89' lang='lat'><strong>(3)</strong></span> <span class='ocrx_word' id='word_1_386' title='bbox 1826 4286 1887 4335; x_wconf 89' lang='lat' dir='ltr'><strong>In</strong></span> <span class='ocrx_word' id='word_1_387' title='bbox 1909 4287 1991 4335; x_wconf 89' lang='lat' dir='ltr'><strong>Ps.</strong></span> <span class='ocrx_word' id='word_1_388' title='bbox 2008 4286 2107 4335; x_wconf 86' lang='lat' dir='ltr'><strong>xiv.</strong></span> <span class='ocrx_word' id='word_1_389' title='bbox 2130 4293 2164 4335; x_wconf 92' lang='lat' dir='ltr'><strong>t.</strong></span> <span class='ocrx_word' id='word_1_390' title='bbox 2186 4286 2217 4335; x_wconf 89' lang='lat' dir='ltr'><strong>i.</strong></span> <span class='ocrx_word' id='word_1_391' title='bbox 2241 4302 2319 4349; x_wconf 92' lang='lat' dir='ltr'><strong>op.</strong></span> <span class='ocrx_word' id='word_1_392' title='bbox 2341 4302 2387 4350; x_wconf 93' lang='lat' dir='ltr'><strong>p.</strong></span> <span class='ocrx_word' id='word_1_393' title='bbox 2416 4288 2524 4334; x_wconf 88' lang='grc'><strong>107.</strong></span> 
     </span>
    </p>

    <p class='ocr_par' dir='ltr' id='par_1_5' title="bbox 578 4367 1546 4436">
     <span class='ocr_line' id='line_1_41' title="bbox 578 4367 1546 4436; baseline 0 -19"><span class='ocrx_word' id='word_1_394' title='bbox 578 4371 662 4436; x_wconf 89' lang='grc'><strong>(4)</strong></span> <span class='ocrx_word' id='word_1_395' title='bbox 701 4367 760 4417; x_wconf 89' lang='lat' dir='ltr'><strong>L.</strong></span> <span class='ocrx_word' id='word_1_396' title='bbox 783 4368 913 4417; x_wconf 89' lang='lat' dir='ltr'><strong>unic.</strong></span> <span class='ocrx_word' id='word_1_397' title='bbox 934 4369 994 4417; x_wconf 91' lang='lat' dir='ltr'><strong>de</strong></span> <span class='ocrx_word' id='word_1_398' title='bbox 1015 4368 1185 4428; x_wconf 88' lang='lat' dir='ltr'><strong>Tobia,</strong></span> <span class='ocrx_word' id='word_1_399' title='bbox 1208 4386 1249 4418; x_wconf 90' lang='lat' dir='ltr'><strong>c.</strong></span> <span class='ocrx_word' id='word_1_400' title='bbox 1273 4370 1369 4418; x_wconf 84' lang='lat' dir='ltr'><strong>xiv.</strong></span> <span class='ocrx_word' id='word_1_401' title='bbox 1392 4386 1441 4418; x_wconf 90' lang='lat' dir='ltr'><strong>n.</strong></span> <span class='ocrx_word' id='word_1_402' title='bbox 1463 4372 1546 4417; x_wconf 87' lang='lat'><strong>49.</strong></span> 
     </span>
    </p>

    <p class='ocr_par' dir='ltr' id='par_1_6' title="bbox 578 4453 1798 4520">
     <span class='ocr_line' id='line_1_42' title="bbox 578 4453 1798 4520; baseline 0.002 -17"><span class='ocrx_word' id='word_1_403' title='bbox 578 4456 662 4520; x_wconf 89' lang='lat'><strong>(5)</strong></span> <span class='ocrx_word' id='word_1_404' title='bbox 701 4455 760 4503; x_wconf 85' lang='lat' dir='ltr'><strong>In</strong></span> <span class='ocrx_word' id='word_1_405' title='bbox 783 4453 960 4503; x_wconf 88' lang='lat' dir='ltr'><strong>Ezech.</strong></span> <span class='ocrx_word' id='word_1_406' title='bbox 983 4455 1014 4503; x_wconf 92' lang='lat'><strong>1.</strong></span> <span class='ocrx_word' id='word_1_407' title='bbox 1037 4454 1100 4502; x_wconf 85' lang='lat' dir='ltr'><strong>vi.</strong></span> <span class='ocrx_word' id='word_1_408' title='bbox 1124 4470 1165 4502; x_wconf 90' lang='lat' dir='ltr'><strong>c.</strong></span> <span class='ocrx_word' id='word_1_409' title='bbox 1187 4454 1319 4503; x_wconf 84' lang='lat' dir='ltr'><strong>xviii.</strong></span> <span class='ocrx_word' id='word_1_410' title='bbox 1341 4461 1376 4502; x_wconf 86' lang='lat' dir='ltr'><strong>t.</strong></span> <span class='ocrx_word' id='word_1_411' title='bbox 1399 4472 1445 4502; x_wconf 86' lang='lat' dir='ltr'><strong>v.</strong></span> <span class='ocrx_word' id='word_1_412' title='bbox 1468 4471 1545 4519; x_wconf 90' lang='lat' dir='ltr'><strong>op.</strong></span> <span class='ocrx_word' id='word_1_413' title='bbox 1570 4456 1659 4506; x_wconf 90' lang='lat' dir='ltr'><strong>col.</strong></span> <span class='ocrx_word' id='word_1_414' title='bbox 1684 4460 1798 4505; x_wconf 84' lang='lat'><strong>210.</strong></span> 
     </span>
    </p>

    <p class='ocr_par' dir='ltr' id='par_1_7' title="bbox 571 4537 2417 4607">
     <span class='ocr_line' id='line_1_43' title="bbox 571 4537 2417 4607; baseline -0.001 -20"><span class='ocrx_word' id='word_1_415' title='bbox 571 4541 650 4607; x_wconf 84' lang='lat'><strong>(6)</strong></span> <span class='ocrx_word' id='word_1_416' title='bbox 691 4538 750 4588; x_wconf 90' lang='lat' dir='ltr'><strong>In</strong></span> <span class='ocrx_word' id='word_1_417' title='bbox 773 4539 855 4588; x_wconf 87' lang='lat' dir='ltr'><strong>Ps.</strong></span> <span class='ocrx_word' id='word_1_418' title='bbox 882 4538 1050 4588; x_wconf 78' lang='lat' dir='ltr'><strong>xxxvi.</strong></span> <span class='ocrx_word' id='word_1_419' title='bbox 1075 4537 1234 4587; x_wconf 86' lang='lat' dir='ltr'><strong>Serm.</strong></span> <span class='ocrx_word' id='word_1_420' title='bbox 1257 4538 1324 4587; x_wconf 92' lang='lat' dir='ltr'><strong>iii.</strong></span> <span class='ocrx_word' id='word_1_421' title='bbox 1347 4554 1397 4588; x_wconf 90' lang='lat' dir='ltr'><strong>n.</strong></span> <span class='ocrx_word' id='word_1_422' title='bbox 1420 4539 1483 4587; x_wconf 86' lang='lat' dir='ltr'><strong>vi.</strong></span> <span class='ocrx_word' id='word_1_423' title='bbox 1956 4542 2041 4607; x_wconf 84' lang='lat'><strong>(7)</strong></span> <span class='ocrx_word' id='word_1_424' title='bbox 2080 4540 2142 4589; x_wconf 91' lang='lat' dir='ltr'><strong>L.</strong></span> <span class='ocrx_word' id='word_1_425' title='bbox 2164 4540 2214 4589; x_wconf 92' lang='lat' dir='ltr'><strong>ii.</strong></span> <span class='ocrx_word' id='word_1_426' title='bbox 2238 4556 2278 4589; x_wconf 87' lang='lat' dir='ltr'><strong>c.</strong></span> <span class='ocrx_word' id='word_1_427' title='bbox 2308 4542 2417 4587; x_wconf 78' lang='lat'><strong>126.</strong></span> 
     </span>
    </p>
   </div>
  </div>
 </body>
</html>
