3117 5217
500 564 622 617 4⁰6
1353 556 1809 616 APPENDIX.

503 726 630 791 teri,
659 736 722 783 ut
745 722 898 791 Deo,
927 722 988 781 a
1021 722 1156 782 fidei
1197 722 1508 801 gloriosum
1549 724 1827 783 consulo:
1870 732 2075 789 tacere,
2114 730 2179 780 ut
2215 722 2693 799 peccaminosum

505 844 610 903 per
635 842 720 891 se,
751 842 867 882 non
893 822 1124 881 damno.
2654 802 2661 806 ⁵

585 926 680 981 19.
724 922 1006 981 Voluntas
1035 938 1152 979 non
1193 932 1384 998 potest
1421 920 1669 989 efficere,
1698 932 1761 978 ut
1796 940 2067 980 assensus
2104 912 2241 978 fidei
2281 922 2341 979 in
2390 922 2593 995 seipso
2616 919 2696 976 sit

503 1024 688 1099 magis
713 1022 934 1088 firmus,
961 1038 1136 1094 quam
1161 1034 1444 1081 mereatur
1479 1021 1709 1098 pondus
1748 1024 2030 1081 rationum
2058 1020 2127 1077 ad
2154 1036 2457 1077 assensum
2488 1018 2693 1093 impel-

498 1122 758 1181 lentium.

579 1224 680 1278 20.
723 1218 882 1277 Hine
907 1228 1098 1296 potest
1121 1220 1250 1293 quis
1277 1219 1583 1296 prudenter
1624 1218 1921 1296 repudiare
1958 1236 2279 1285 assensum,
2308 1234 2481 1289 quem
2512 1216 2685 1273 habe-

501 1321 596 1378 bat
617 1318 1125 1397 supernaturalem.

583 1422 686 1477 21.
729 1420 1018 1477 mensus
1059 1416 1195 1476 fidei
1241 1417 1703 1494 supernaturalis,
1742 1418 1803 1475 δι
1828 1416 1985 1475 utilis
2026 1415 2097 1473 ad
2138 1414 2377 1473 salutem
2422 1423 2534 1471 stat
2556 1432 2695 1472 cum

507 1518 704 1577 notitia
727 1518 916 1576 solum
957 1516 1236 1592 probabili
1278 1517 1680 1584 revelationis;
1722 1518 1839 1575 imo
1879 1534 2009 1573 cum
2052 1515 2379 1583 formidine,
2409 1533 2522 1588 qua
2560 1515 2697 1586 quis

509 1617 792 1684 formidet,
823 1634 896 1673 ne
921 1634 1034 1673 non
1063 1616 1139 1673 sit
1161 1616 1386 1674 locutus
1413 1616 1596 1673 Deus.

585 1721 686 1773 22.
730 1716 789 1773 N
793 1734 868 1773 on
899 1716 1012 1773 nisi
1035 1714 1182 1773 fides
1209 1716 1380 1773 unius
1407 1714 1523 1773 Dei
1541 1716 1861 1773 necessaria
1886 1714 2107 1772 videtur
2124 1714 2463 1771 necessitate
2490 1712 2693 1779 medii,

513 1834 626 1873 non
653 1826 840 1873 autem
869 1813 1141 1891 explicita
1165 1815 1625 1873 remuneratoris.

583 1920 684 1972 23.
739 1912 914 1971 Fides
941 1914 1052 1971 late
1091 1912 1240 1971 dieta
1279 1933 1353 1971 ex
1395 1914 1721 1972 testimonio
1761 1922 2161 1981 creaturarum,
2194 1912 2443 1969 similive
2472 1911 2693 1967 motivo

509 2013 578 2070 ad
597 2012 1062 2089 justificationem
1093 2012 1321 2072 sufficit.

585 2115 686 2169 24.
731 2109 954 2169 Vocare
984 2108 1174 2168 Deum
1200 2112 1258 2169 in
1287 2120 1490 2169 testem
1531 2110 1817 2169 mendacii
1857 2112 2025 2179 levis,
2054 2129 2171 2169 non
2200 2120 2291 2167 est
2315 2119 2467 2166 tanta
2492 2110 2701 2165 irreve-

509 2212 710 2278 rentia,
741 2221 972 2287 propter
1010 2228 1180 2283 quam
1211 2212 1364 2278 velit,
1392 2222 1488 2268 aut
1513 2211 1699 2287 possit
1726 2211 1995 2269 damnare
2022 2211 2337 2267 hominem.

589 2316 688 2369 25.
733 2309 890 2367 Cum
917 2328 1088 2367 eausa
1113 2311 1330 2367 licitum
1356 2322 1445 2368 est
1474 2311 1669 2387 jurare
1696 2312 1819 2368 sine
1847 2311 2040 2367 animo
2070 2307 2323 2387 jurandi,
2352 2308 2475 2364 sive
2502 2324 2595 2363 res
2624 2306 2701 2363 sit

508 2410 672 2476 levis,
703 2410 824 2466 sive
854 2410 1060 2485 gravis.

587 2513 686 2567 26.
729 2508 794 2567 Si
825 2510 974 2581 quis,
1001 2507 1095 2565 vel
1119 2507 1295 2575 solus,
1325 2510 1414 2567 vel
1441 2526 1632 2566 coram
1676 2508 1822 2574 aliis,
1850 2510 1973 2565 sive
1998 2508 2395 2585 interrogatus,
2423 2505 2547 2561 sive
2566 2522 2699 2580 pro·

511 2610 634 2685 pria
660 2619 888 2685 sponte,
915 2608 1038 2665 sive
1077 2609 1442 2666 recreationis
1463 2626 1653 2674 causa,
1678 2609 1805 2665 sive
1846 2626 2210 2679 quocumque
2250 2606 2361 2663 alio
2387 2604 2523 2671 fine,
2544 2605 2707 2681 juret

509 2726 574 2765 se
601 2727 718 2765 non
747 2708 951 2781 fecisse
979 2707 1212 2779 aliquid,
1241 2708 1394 2779 quod
1419 2725 1620 2765 revera
1645 2706 1797 2774 fecit,
1826 2700 2195 2783 intelligendo
2220 2707 2364 2763 intra
2388 2722 2453 2760 se
2480 2701 2697 2775 aliquid

513 2806 688 2873 aliud,
719 2806 871 2879 quod
901 2824 1015 2863 non
1045 2806 1198 2874 fecit,
1229 2805 1318 2863 vel
1345 2806 1510 2863 aliam
1553 2807 1703 2864 viam
1747 2807 1817 2862 ab
1856 2824 1943 2872 ea,
1974 2808 2031 2864 in
2072 2825 2187 2877 qua
2214 2805 2366 2872 fecit,
2398 2801 2488 2859 vel
2515 2801 2699 2875 quod·

512 2906 598 2964 vis
625 2905 780 2964 aliud
807 2904 1057 2963 additum
1085 2921 1303 2971 verum,
1331 2922 1528 2963 revera
1553 2922 1670 2962 non
1698 2905 1985 2972 mentitur,
2010 2922 2115 2962 nee
2142 2912 2229 2961 est
2254 2904 2542 2980 peq'urus.

587 3010 687 3063 27.
733 3001 928 3061 Causa
948 3004 1104 3081 justa
1129 3002 1321 3061 utendi
1361 3004 1451 3061 his
1492 3003 1929 3079 amphibologiis
1964 3013 2071 3071 est,
2100 3004 2323 3076 quoties
2349 3001 2407 3060 id
2436 3018 2700 3059 necessa-

514 3106 683 3171 rium,
729 3112 824 3160 aut
869 3103 1006 3161 utile
1051 3113 1142 3159 est
1181 3102 1248 3159 ad
1297 3103 1532 3161 salutem
1582 3103 1858 3178 corporis,
1904 3100 2204 3169 honorem,
2258 3117 2349 3159 res
2394 3100 2701 3159 familiares

513 3202 769 3268 tuendas,
803 3202 892 3258 vel
919 3201 988 3257 ad
1017 3202 1328 3273 quemlibet
1354 3202 1524 3259 alium
1555 3202 1779 3259 virtutis
1808 3213 2015 3271 actum,
2044 3203 2122 3260 ita
2146 3210 2209 3259 ut
2234 3201 2481 3259 veritatis
2508 3200 2700 3257 occul·

513 3300 648 3356 tatio
670 3308 966 3355 censeatur
991 3306 1124 3355 tunc
1150 3297 1488 3376 expedienS,
1517 3300 1578 3362 δι
1604 3300 1878 3359 studiosa.

589 3403 688 3455 28.
736 3398 851 3464 Qui
889 3397 1172 3455 mediante
1200 3399 1718 3467 commendatione,
1752 3400 1843 3457 vel
1884 3416 2121 3459 munere
2161 3399 2229 3457 ad
2271 3399 2693 3475 magistratum,

513 3499 603 3556 vel
631 3497 904 3557 Officium
934 3498 1225 3573 publicum
1256 3510 1550 3575 promotus
1592 3508 1699 3568 est,
1744 3500 1951 3576 poterit
1990 3518 2119 3557 cum
2148 3498 2498 3557 restrictione
2538 3512 2697 3553 men·

511 3598 608 3657 tali
637 3606 898 3674 praestare
919 3597 1325 3674 juramentum,
1357 3599 1506 3671 quod
1547 3599 1618 3657 de
1661 3598 1923 3657 mandato
1964 3598 2143 3675 Regis
2171 3618 2205 3655 a
2242 3597 2521 3655 similibus
2548 3596 2701 3653 solet

512 3698 686 3773 exigi,
719 3715 836 3755 non
863 3698 1056 3755 habito
1097 3709 1354 3774 respectu
1385 3698 1454 3755 ad
1482 3699 1857 3757 intentionem
1892 3698 2198 3775 exigentiS‚
2242 3698 2377 3769 quia
2405 3714 2516 3755 non
2546 3705 2701 3753 tene-

513 3807 601 3855 tur
627 3796 788 3854 fateri
817 3797 1032 3854 crimen
1060 3798 1366 3855 occultum.

589 3900 689 3953 29.
733 3896 964 3973 Urgens
994 3908 1176 3954 metus
1203 3898 1390 3975 gravis
1418 3907 1506 3955 est
1529 3914 1700 3955 causa
1716 3898 1872 3975 justa
1899 3896 2391 3953 Sacramentorum
2422 3894 2699 3953 adminis-

514 3997 806 4052 trationem
837 3994 1162 4054 simulandi.

589 4098 686 4151 30.
731 4094 845 4149 Fas
873 4105 962 4152 est
987 4097 1109 4165 viro
1140 4097 1420 4153 honorato
1461 4095 1721 4153 occidere
1760 4094 2099 4161 invasorem,
2130 4094 2227 4166 qui
2260 4092 2459 4150 nititur
2483 4091 2699 4150 calum-

505 4194 658 4253 niam
687 4192 914 4261 inferre‚
945 4194 994 4250 si
1021 4195 1182 4252 aliter
1227 4195 1350 4252 haee
1388 4194 1705 4271 ignominia
1743 4194 1903 4252 vitari
1946 4194 2179 4264 nequit:
2223 4192 2281 4252 id
2328 4208 2559 4263 quoque
2608 4190 2695 4249 di-

509 4292 775 4361 cendum,
804 4293 855 4349 si
882 4293 1010 4365 quis
1041 4294 1316 4370 impingat
1342 4295 1584 4370 alapam,
1607 4294 1699 4351 vel
1723 4294 1867 4351 suste
1894 4292 2196 4369 percutiat3
2238 4290 2297 4347 dv
2320 4298 2455 4367 post
2480 4290 2557 4347 im
2566 4308 2700 4365 pac-

509 4401 620 4451 tam
651 4394 894 4470 alapam,
922 4392 1014 4451 vel
1041 4393 1219 4450 ictum
1247 4393 1412 4451 fustis
1441 4393 1639 4470 fugiat.
