3117 5217
503 545 613 600 112
1166 538 1279 600 DE
1322 537 1994 600 RESTITUTIONE.
2065 527 2114 574 ⁶

584 711 718 766 178.
762 707 828 764 Si
857 706 1129 766 damnum
1160 707 1350 765 datum
1380 707 1457 764 sit
1494 725 1569 764 ex
1609 705 1927 782 ignorantia
1965 706 2404 773 concomitante,
2448 722 2565 762 non
2605 713 2692 760 est

500 807 771 883 obligatio
820 806 958 865 illud
1007 805 1345 882 reparandi:
1389 824 1566 879 quum
1614 822 1788 862 causa
1825 805 1952 881 ejus
1997 821 2113 861 non
2157 803 2328 863 fuerit
2351 803 2686 861 voluntaria.

500 905 777 972 Quamvis
804 918 991 964 autem
1015 917 1216 981 peccet
1236 906 1335 976 qui
1361 906 1437 964 ita
1460 915 1548 962 est
1567 905 1762 962 animo
1781 903 2111 978 dispositus,
2133 915 2196 960 ut
2220 905 2444 961 etiamsi
2465 911 2682 967 nosset,

496 1004 767 1063 damnum
795 1005 1100 1073 intulisset,
1144 1014 1333 1062 tamen
1360 1023 1429 1062 ea
1468 1005 1646 1062 animi
1685 1002 1939 1061 conditio
1979 1020 2096 1059 non
2135 1013 2224 1060 est
2263 1021 2436 1060 causa
2476 1000 2682 1058 efficax

499 1102 711 1162 damni.
797 1104 960 1162 Sicut
986 1105 1158 1182 igitur
1184 1104 1283 1176 qui
1310 1102 1519 1180 gaudet
1543 1102 1762 1160 inimici
1788 1110 1990 1168 morte,
2019 1112 2236 1176 peccat,
2265 1102 2404 1174 quin
2431 1109 2685 1158 teneatur

498 1201 565 1258 ad
594 1202 866 1260 damnum
894 1203 1215 1261 haeredibus
1243 1201 1638 1276 reparandum,
1669 1201 1719 1259 si
1747 1201 1976 1260 alterius
2003 1218 2173 1258 manu
2201 1201 2563 1266 occubuerit;
2608 1199 2682 1255 ita

494 1301 665 1358 etiam
710 1311 911 1376 peccat
929 1303 1028 1374 qui
1056 1302 1227 1359 vellet
1268 1319 1401 1358 eum
1430 1301 1713 1368 occidere,
1744 1318 1916 1373 quem
1960 1317 2160 1376 reapse
2201 1298 2430 1367 occidit,
2474 1313 2679 1375 putans

498 1417 625 1457 esse
652 1400 850 1469 feram,
878 1401 982 1458 sed
1008 1421 1125 1460 non
1152 1399 1281 1460 ideo
1310 1408 1529 1460 tenetur
1554 1399 1625 1458 ad
1652 1397 1944 1458 damnum.

1134 1601 1183 1674 §.
1214 1599 1325 1658 111.
1411 1599 1506 1658 Dr.
1548 1617 1757 1656 nanno
1797 1615 2044 1656 amno·

582 1799 715 1854 179.
763 1796 828 1853 Si
856 1798 1203 1872 mancipium
1244 1797 1477 1864 furetur,
1506 1796 1596 1853 vel
1621 1795 1892 1852 damnum
1917 1794 2070 1852 aliud
2107 1792 2330 1861 inferat,
2353 1793 2482 1869 jure
2509 1810 2677 1850 caesa-

496 1913 597 1951 reo
622 1893 855 1952 domino
881 1895 945 1952 fit
970 1896 1126 1970 optio
1151 1895 1290 1953 laeso
1316 1893 1726 1962 satisfaciendi,
1755 1893 1846 1950 vel
1871 1911 2098 1951 servum
2127 1891 2385 1952 tradendi
2411 1901 2477 1948 ut
2516 1891 2684 1967 puni-

499 1987 670 2075 atur.¹
750 1994 827 2050 At
864 2012 979 2050 non
1008 1994 1231 2051 videtur
1268 1993 1566 2052 adstrictus
1609 1993 1680 2050 ad
1722 2011 1882 2050 reum
1926 1991 2254 2050 tradendum
2302 1999 2432 2048 ante
2468 1989 2683 2067 judicis

498 2090 857 2158 sententiam,
886 2111 1059 2164 quum
1100 2110 1269 2150 servo
1306 2093 1473 2151 liceat
1517 2111 1746 2168 poenam
1787 2091 2068 2149 declinare
2109 2091 2348 2148 celando
2374 2089 2678 2147 delictum=

501 2196 541 2222 “
560 2207 697 2264 ergo
716 2209 825 2247 nec
848 2189 1114 2249 dominus
1144 2192 1277 2267 jure
1304 2202 1513 2250 naturae
1542 2201 1765 2248 tenetur
1803 2191 1962 2248 illum
1993 2189 2229 2257 tradere,
2258 2189 2359 2246 sed
2387 2197 2574 2264 potest
2588 2189 2683 2264 ju·
2755 2167 2770 2178 ⁶

503 2305 632 2344 vare
660 2288 731 2344 ad
755 2289 997 2346 latebras
1024 2300 1083 2347 et
1107 2290 1176 2347 ad
1203 2283 1496 2367 fugam.'’²
1552 2291 1711 2366 Lege
1739 2289 1931 2346 Status
1961 2288 2476 2365 Mississippiensis
2503 2286 2682 2344 domi-

498 2403 610 2442 nus
650 2395 868 2444 tenetur
905 2389 1195 2445 restituere
1223 2388 1423 2457 ablata,
1452 2388 1542 2445 vel
1571 2379 1768 2446 eorum
1812 2389 2079 2446 valorem.
2151 2387 2218 2445 Si
2245 2404 2442 2444 servus
2463 2383 2680 2442 domini

494 2486 665 2560 jussu
692 2486 889 2560 egerit,
920 2485 1009 2542 vel
1035 2504 1105 2544 eo
1126 2489 1485 2555 connivente,
1508 2487 1788 2563 reparatio
1809 2485 2059 2552 debetur,
2083 2504 2258 2556 quum
2281 2494 2476 2543 auctor
2493 2482 2684 2540 damni

502 2583 767 2641 dominus
795 2582 1064 2642 videatur.
1150 2586 1463 2658 Postquam
1498 2586 1572 2644 ad
1609 2585 1782 2643 alium
1824 2585 2116 2643 dominum
2143 2583 2466 2641 venditione
2505 2591 2681 2638 trans·

500 2681 644 2738 latus
672 2693 777 2750 est,
806 2682 949 2740 nihil
975 2692 1064 2740 est
1078 2685 1227 2761 juris
1266 2684 1403 2742 laeso
1442 2687 1502 2742 in
1542 2686 1794 2760 priorem
1823 2683 2119 2740 dominum
2158 2681 2228 2740 ad
2267 2681 2680 2757 reparationem

504 2779 715 2848 damni,
760 2781 912 2852 quod
958 2800 1029 2838 eo
1072 2784 1341 2857 probante
1382 2801 1497 2840 non
1537 2763 1708 2840 frierit
1751 2777 2021 2839 illatum.³
2102 2781 2340 2846 Quoties
2369 2797 2444 2836 ex
2486 2779 2681 2854 legum

504 2879 827 2934 auctoritate
868 2897 1067 2935 servus
1108 2880 1459 2948 interficitur,
1502 2880 1736 2940 domino
1769 2879 1970 2935 satisfit
2004 2897 2078 2936 ex
2119 2879 2283 2946 fisco,
2311 2879 2495 2954 pretio
2535 2877 2685 2933 servi

500 2975 649 3032 dato.

586 3075 721 3130 180.
778 3073 1056 3131 Filiorum
1102 3074 1309 3134 delicta
1350 3079 1600 3152 patribus
1648 3096 1718 3135 ea
1758 3075 1911 3133 haud
1955 3076 2320 3152 probantibus
2364 3075 2684 3132 nullatenus

501 3171 867 3245 imputantur,
897 3172 995 3242 qui
1021 3172 1234 3232 idcirco
1262 3174 1412 3232 haud
1440 3185 1702 3234 tenentur
1733 3174 1940 3232 damna
1965 3175 2115 3242 illata
2140 3175 2431 3232 resarcire.
2500 3171 2684 3230 Coete-

502 3287 629 3327 rum
654 3269 847 3345 legum
872 3269 1119 3328 vindicta
1146 3273 1205 3328 in
1230 3271 1626 3344 delinquentes
1654 3283 1968 3331 exercetur.
2305 3271 2310 3276 ’

588 3370 722 3424 181.
767 3367 857 3424 De
884 3369 1115 3426 animali
1141 3369 1409 3428 damnum
1444 3373 1722 3430 inferente
1765 3380 2075 3429 statuerunt
2099 3371 2239 3429 XII.
2269 3371 2508 3428 Tabulae
2547 3367 2686 3426 illud

502 3465 640 3524 laeso
668 3465 1012 3535 dedendum,
1041 3468 1155 3525 nisi
1180 3469 1413 3530 domino
1433 3472 1708 3547 placuerit
1727 3472 1780 3528 ei
1801 3471 2160 3528 satisfacere:
2207 3479 2246 3505 ‘⁴
2270 3470 2336 3527 Si
2362 3469 2686 3543 quadrupes

501 3566 830 3642 pauperiem
872 3565 1029 3634 faxit,
1076 3566 1341 3627 dominus
1408 3572 1545 3628 noxi
1592 3571 1888 3628 aestimiam
1937 3569 2154 3628 oferto:
2216 3569 2266 3625 si
2311 3568 2486 3636 nolet,
2530 3565 2686 3638 quod

500 3667 684 3731 noxit,
727 3663 924 3724 dat0.''
1006 3665 1147 3724 Jure
1188 3686 1453 3736 caesareo,
1500 3670 1551 3726 si
1589 3668 1808 3728 domini
1850 3669 2021 3745 culpa
2059 3668 2172 3725 lata
2213 3667 2532 3744 contigerit,
2585 3665 2688 3738 qui

502 3763 725 3820 scilicet
748 3765 1001 3824 monitus
1028 3766 1211 3825 noluit
1236 3767 1443 3825 animal
1480 3788 1515 3826 a
1551 3767 1814 3827 nocendo
1854 3769 2166 3835 continere,
2205 3767 2481 3824 tenebitur
2507 3763 2576 3822 ad
2605 3773 2688 3822 to·

506 3963 697 4021 tobim,
718 3979 773 4012 or
794 3965 1135 4030 ifhewilfuny
1158 3971 1325 4018 makes
1347 3971 1515 4020 afalse
1536 3978 1702 4021 return
1722 3970 2115 4030 thereofiinboth
2135 3968 2684 4030 thoeeeasesthepasty

505 4047 759 4108 aggrieved
778 4049 901 4098 shall
920 4050 1044 4099 have
1064 4067 1130 4099 an
1152 4053 1310 4101 action
1331 4071 1396 4104 on
1419 4053 1499 4105 the
1520 4071 1644 4116 cane,
1665 4055 1739 4104 for
1759 4055 1988 4127 damages
2009 4062 2059 4103 to
2079 4056 2140 4104 be
2163 4053 2378 4104 assessed
2393 4055 2458 4118 by
2473 4069 2505 4103 a
2518 4050 2682 4118 jury.”

505 4129 814 4190 Blackstone,
836 4132 867 4180 l.
888 4132 956 4181 iii.
976 4148 1026 4181 n.
1055 4136 1166 4183 164.

577 4217 662 4281 (1)
702 4213 761 4262 L.
785 4216 846 4266 si
863 4231 1046 4278 servus,
1069 4222 1116 4266 2.
1138 4236 1177 4274 η
1200 4220 1259 4270 de
1280 4221 1548 4273 ‚malibus
1569 4223 1866 4276 actionibus.

572 4304 659 4368 (2)
700 4301 901 4354 Βοῶνι
921 4306 983 4354 de
1002 4305 1200 4355 Justifia
1220 4314 1269 4356 et
1290 4308 1425 4368 Jure,
1448 4313 1495 4368 ς.
1516 4309 1568 4358 ii.
1589 4325 1695 4374 cap.
1717 4309 1785 4358 ix.
1807 4309 1921 4358 dub.
1943 4309 2060 4359 xvii.
2082 4325 2135 4359 n.
2161 4312 2274 4358 117.

577 4388 661 4453 (3)
701 4387 848 4438 Laws
868 4391 926 4441 of
950 4389 1255 4456 Mississippi,
1277 4399 1363 4441 art.
1386 4394 1572 4452 Slavea,
1599 4397 1646 4452 ς.
1669 4393 1750 4442 lvi.
1773 4393 1870 4442 lvii.

572 4475 657 4540 (43
698 4477 744 4534 ξ.
776 4474 955 4528 Omnis
976 4479 1161 4529 autem.
1176 4476 1333 4526 Instit-
1355 4476 1414 4528 de
1436 4476 1702 4533 novalibus
1723 4477 2021 4530 actionibus.
2085 4482 2100 4492 ⁸
