3117 5217
851 544 965 603 DE
1007 543 1460 603 EMPTIONE
1502 545 1620 603 ET
1661 530 2257 605 VENDI'rloNE.'
2385 576 2393 590 x
2524 551 2635 605 169

455 736 558 793 per
601 717 852 777 medium
897 718 1158 790 iniquum
1205 728 1417 794 cogunt
1461 718 1603 775 alios
1650 736 1843 775 emere
1890 718 2074 794 pretio
2120 717 2221 777 illo
2266 709 2633 793 supremo.’'⁷
2654 769 2671 783 ,

455 816 686 892 Negant
715 827 904 875 tamen
932 817 1170 874 Lessius
1198 816 1408 888 aliique
1435 816 1649 892 plures,
1680 818 1778 888 qui
1806 827 1971 893 pacta
1997 816 2195 888 iniqua
2216 835 2345 874 esse
2374 816 2633 882 fatentur,

457 926 651 990 utpote
670 915 786 993 juri
815 917 967 974 civili
994 915 1369 983 adversantia,
1396 916 1550 974 haud
1580 924 1767 973 tamen
1794 916 2022 992 injusta,
2052 934 2229 988 quum
2257 925 2543 991 emptores
2570 916 2637 973 li-

457 1015 589 1071 bere
618 1023 830 1083 emant,
857 1025 916 1073 et
940 1015 1183 1092 pretium
1212 1015 1504 1073 dumtaxat
1540 1033 1831 1072 summum
1872 1015 1963 1072 sit.
2050 1024 2088 1049 ‘⁶
2108 1013 2331 1083 Hinc,”
2361 1015 2546 1087 inquit
2572 1014 2635 1071 S.

457 1114 809 1189 AlphonsuS,
855 1123 894 1149 “
918 1115 1103 1191 posita
1141 1114 1533 1190 probabilitate
1574 1113 1747 1189 hujus
1776 1112 2040 1171 secundae
2080 1114 2396 1181 sententiae,
2440 1113 2639 1190 proba-

457 1212 626 1270 bilius
653 1226 741 1270 est
765 1212 874 1269 hos
903 1212 1222 1271 venditores
1248 1232 1366 1271 non
1393 1213 1575 1291 teneri
1615 1212 1685 1270 ad
1726 1212 2203 1271 restitutionem.”
2289 1212 2639 1289 Nuperrime

459 1313 519 1369 in
547 1312 994 1388 Pennsylvaniae
1023 1310 1268 1383 quadam
1295 1312 1450 1368 curia
1475 1311 1769 1369 definitum
1802 1322 1909 1380 est,
1939 1322 2167 1387 pactum
2208 1330 2337 1368 esse
2380 1312 2639 1371 illicitum

462 1429 578 1482 quo
603 1412 878 1469 mercium
906 1420 1162 1468 vectores
1202 1428 1303 1485 per
1329 1410 1584 1468 canalem
1627 1411 1773 1467 inter
1816 1429 1877 1467 se
1915 1420 2307 1469 convenerunt
2345 1409 2416 1467 de
2457 1412 2639 1487 pretio

460 1509 598 1566 licet
613 1510 793 1585 justo,
823 1511 1086 1580 quamvis
1113 1510 1230 1567 vim
1258 1509 1476 1567 nemini
1497 1509 1807 1576 intulerint,
1831 1510 2155 1585 juramento
2176 1519 2364 1566 tamen
2392 1510 2641 1568 adstricti

460 1608 606 1666 intra
632 1608 771 1667 illud
797 1608 1039 1683 pretium
1079 1626 1296 1665 merces
1325 1626 1387 1665 se
1413 1627 1530 1667 non
1558 1618 1838 1667 vecturos.
1909 1608 2109 1665 Coetus
2150 1617 2335 1666 autem
2368 1610 2638 1684 opificum

461 1706 522 1765 in
549 1707 754 1778 quibus
782 1706 852 1763 de
872 1708 1030 1783 justa
1055 1706 1320 1765 mercede
1347 1708 1546 1764 saltem
1595 1707 1791 1765 infima
1824 1707 2107 1784 exigenda
2134 1709 2418 1774 convenit,
2448 1726 2549 1783 per
2575 1725 2637 1763 se

460 1805 652 1873 licent,
678 1825 852 1878 quum
883 1806 978 1863 vix
1006 1806 1143 1863 alias
1171 1806 1394 1882 possint
1413 1825 1476 1863 se
1505 1806 1573 1862 ab
1600 1807 1837 1863 aliorum
1864 1809 2073 1864 artibus
2101 1807 2310 1877 iniquis
2335 1808 2511 1864 tueri:
2542 1805 2643 1862 sed

463 1925 669 1981 magna
695 1906 904 1963 habent
929 1907 1201 1981 pericula.
1245 1906 1421 1963 Fiunt
1445 1906 1613 1981 plane
1641 1906 1856 1978 iniqua,
1887 1906 2117 1977 quando
2146 1906 2201 1963 vi
2228 1904 2475 1963 adhibita
2502 1906 2641 1962 alios

462 2014 524 2063 ut
539 2005 607 2063 ad
625 2024 882 2063 normam
902 2013 959 2061 et
977 2005 1309 2081 exemplum
1331 2023 1528 2063 eorum
1549 2024 1613 2061 se
1635 2016 2000 2080 componant,
2026 2024 2231 2083 cogere
2254 1998 2480 2063 volunt,
2503 2004 2645 2061 Gra-

463 2105 696 2162 vissime
748 2113 986 2181 peccant
1037 2105 1136 2176 qui
1177 2105 1398 2163 minore
1451 2103 1637 2161 danda
1674 2103 1957 2173 mercede,
1999 2124 2152 2182 saepe
2203 2106 2435 2163 nonnisi
2500 2122 2645 2161 mer-

465 2204 623 2262 cibus
663 2222 872 2281 magno
913 2203 1095 2279 pretio
1122 2192 1520 2279 comparandis
1561 2202 1855 2271 solvenda,
1886 2205 2125 2281 opifices
2167 2205 2228 2261 in
2253 2204 2401 2261 hanc
2428 2186 2655 2279 gravis-¹

466 2304 669 2363 simam
697 2303 1064 2360 tentationem
1093 2303 1424 2379 conjiciunt.

546 2406 642 2462 67.
685 2402 994 2459 Mercatori
1020 2402 1336 2477 monopolii
1363 2421 1480 2459 non
1506 2402 1767 2477 participi
1807 2401 1979 2459 licere
2006 2420 2225 2459 merces
2254 2400 2497 2459 vendere
2524 2419 2649 2478 pre-

471 2502 546 2558 tio
597 2521 702 2578 per
751 2501 1148 2576 monopolium
1201 2500 1507 2557 constituto
1555 2500 1819 2557 nonnulli
1871 2500 2169 2566 affirmant,
2216 2500 2436 2575 justum
2490 2500 2643 2557 enim

467 2600 698 2658 habetur
736 2602 980 2676 pretium
1023 2580 1177 2671 quod
1219 2598 1369 2675 apud
1408 2609 1641 2655 caeteros
1682 2598 1914 2655 obtinet.
2001 2599 2192 2673 Negat
2231 2607 2419 2655 tamen
2454 2598 2522 2665 S.
2552 2598 2649 2655 Al-

467 2700 724 2773 phonsus
758 2715 888 2756 cum
919 2698 1064 2765 aliis,
1110 2699 1305 2769 “quia
1347 2696 1488 2755 illud
1530 2697 1775 2771 pretium
1822 2715 1924 2772 per
1968 2696 2303 2772 injustitiam
2352 2683 2651 2754 adauctum

467 2814 711 2875 semper,
733 2810 789 2856 et
810 2817 913 2874 per
927 2816 990 2854 se
1010 2798 1278 2875 injustum
1299 2805 1406 2863 est,
1428 2806 1486 2853 et
1501 2794 1859 2872 adjustitiam
1876 2794 2327 2853 reducendum.”
2361 2793 2649 2853 Caeterum

469 2897 520 2952 si
557 2899 750 2953 raritas
797 2898 1073 2954 mercium
1119 2886 1194 2953 e'x
1239 2895 1574 2971 monopolio
1620 2896 1965 2970 provenerit,
1996 2892 2287 2971 probanda
2333 2894 2554 2952 videtur
2574 2896 2650 2973 ιΡ.

473 2994 719 3051 Thomae
747 3014 780 3050 a
807 2993 1090 3051 Charmes
1131 2995 1427 3061 sententia,
1458 2994 1556 3065 qui
1596 2995 1884 3051 existimat
1908 2994 2225 3071 monopolii
2252 2993 2403 3051 haud
2430 2995 2654 3070 partici-

473 3112 606 3169 pem
637 3112 807 3170 posse
833 3113 902 3151 ea
927 3094 1143 3150 ratione
1169 3093 1352 3169 majus
1380 3093 1677 3169 percipere
1703 3085 1981 3151 lucrum.2

543 3274 626 3337 (l)
666 3269 719 3318 S.
742 3270 891 3334 Alph.
913 3271 945 3318 1.
963 3269 1030 3319 iii.
1052 3287 1100 3319 n.
1123 3274 1239 3319 817.
1668 3271 1764 3336 ,(2)
1812 3268 1976 3321 Tract.
2002 3267 2059 3320 de
2081 3268 2196 3319 virt.
2220 3266 2455 3334 append.
2483 3268 2533 3317 ii.

637 3667 789 3725 Vol..
818 3666 1064 3725 II.-1o
