3117 5217
467 538 546 591 20
1157 534 1271 593 DE
1313 532 1958 593 TEMPERANTIA.

471 716 717 773 utantur,
745 704 804 763 id
829 716 938 773 est,
965 724 1080 765 non
1108 704 1320 765 utendo
1361 704 1645 779 aliquibus
1672 704 1881 763 illicitis
1921 704 2105 762 verbis
2142 704 2234 761 vel
2272 704 2437 762 factis
2464 701 2535 759 ad
2569 702 2654 761 lu·

473 806 631 871 dum,
660 816 718 863 et
741 823 855 862 non
884 804 1204 863 adhibendo
1229 805 1428 864 ludum
1457 806 1701 880 negotiis
1742 814 1797 861 et
1832 803 2181 880 temporibus
2222 801 2507 869 indebitis.
2541 844 2556 859 .
2588 844 2603 859 .
2636 844 2650 857 .

479 904 650 963 Unde
677 903 761 961 illi
789 906 888 977 qui
907 902 1194 963 moderate
1215 906 1298 963 eis
1325 902 1687 970 subveniunt,
1711 922 1825 963 non
1844 913 2110 979 peccant,
2128 901 2231 960 sed
2243 904 2400 980 juste
2417 902 2651 966 faciunt,

471 1002 793 1061 mercedem
821 1004 1124 1061 ministerii
1167 1022 1362 1063 eorum
1411 1004 1493 1060 eis
1521 1002 1837 1061 tribuendo.
1923 1002 1991 1060 Si
2017 1002 2115 1074 qui
2142 1012 2328 1059 autem
2370 998 2653 1076 superflue

472 1122 576 1159 sua
602 1102 660 1159 in
689 1103 826 1161 tales
853 1110 1218 1170 consumunt,
1248 1102 1338 1161 vel
1364 1103 1536 1160 etiam
1578 1110 1897 1159 sustentant
1922 1100 2049 1159 illos
2094 1099 2395 1159 histriones
2424 1100 2523 1171 qui
2548 1098 2652 1155 illi-

473 1202 598 1259 citis
623 1201 778 1260 ludis
805 1210 1055 1270 utuntur,
1079 1210 1333 1277 peccant,
1363 1201 1525 1273 quasi
1553 1219 1654 1259 eos
1682 1202 1741 1260 in
1768 1209 2003 1277 peccato
2028 1194 2385 1259 foventes.”¹

553 1304 651 1357 39.
709 1299 1042 1359 comoedias
1095 1299 1258 1359 valde
1310 1300 1606 1359 obseoenas
1652 1300 1921 1357 exhibere
1972 1308 2272 1375 peccatum
2323 1314 2493 1374 grave
2546 1305 2649 1359 est,

476 1416 651 1470 quum
679 1400 796 1457 sint
839 1400 1226 1477 spectantibus
1267 1400 1528 1477 plurimis
1571 1399 1848 1473 proximae
1890 1400 2107 1475 peccati
2147 1398 2515 1458 occasiones:
2559 1412 2655 1452 eas

471 1500 643 1555 etiam
673 1508 926 1575 spectare
955 1500 1289 1575 plerumque
1317 1516 1486 1575 grave
1513 1508 1811 1575 peecatum
1838 1496 2187 1556 censendum
2216 1506 2322 1563 est,
2344 1495 2654 1571 praesertim
2686 1526 2691 1533 ·

473 1596 948 1665 adolescentibus,
972 1617 1212 1672 quorum
1241 1597 1418 1656 libido
1445 1597 1577 1655 inde
1604 1599 1975 1657 vehementer
1998 1597 2145 1655 solet
2171 1594 2422 1654 accendi.
2470 1592 2655 1650 Caete-

470 1714 598 1754 rum
629 1697 878 1773 theologi
907 1716 940 1753 a
965 1698 1122 1774 gravi
1148 1697 1316 1772 culpa
1354 1707 1633 1754 excusant
1675 1714 1776 1755 eos
1822 1697 1921 1769 qui
1962 1695 2259 1754 comoediis
2304 1692 2457 1751 haud
2498 1702 2656 1750 nota-

472 1796 659 1853 biliter
685 1796 938 1871 turpibus
967 1795 1244 1853 adsistunt
1292 1794 1631 1852 curiositatis
1676 1806 1733 1853 et
1772 1795 1959 1853 solatii
2004 1814 2195 1862 causa,
2240 1796 2378 1867 quin
2414 1792 2655 1850 delecta·

471 1896 614 1953 tioni
640 1914 825 1970 pravae
854 1894 1200 1971 indulgeant,
1228 1893 1279 1950 si
1305 1895 1430 1952 sine
1457 1894 1601 1969 ipsis
1629 1893 1912 1952 comoedia
1949 1893 2332 1954 exhiberetur.
2417 1891 2654 1967 Tragoe-

472 1992 603 2060 diis,
635 1993 724 2050 vel
750 1992 1067 2060 comoediis,
1086 2010 1211 2065 quoe
1238 1992 1380 2050 nihil
1409 2000 1569 2069 turpe
1588 1993 1867 2060 redolent,
1890 1993 2106 2066 absque
2132 1993 2302 2070 culpa
2320 1991 2447 2064 quis
2468 1999 2657 2067 potest

471 2093 768 2158 interesse,
797 2092 908 2149 nisi
937 2092 1239 2168 peculiaris
1267 2090 1540 2168 fragilitas
1578 2093 1781 2160 obstet,
1822 2092 1913 2150 vel
1954 2092 2281 2151 scandalum
2310 2084 2659 2148 immineat.²

474 2191 750 2257 Quamvis
779 2191 964 2267 igitur,
993 2191 1068 2249 ob
1093 2192 1324 2257 abusus,
1353 2191 1694 2251 histrionum
1730 2190 1985 2250 officium
2029 2192 2237 2250 infame
2280 2190 2529 2248 habitum
2558 2190 2650 2253 sit,

471 2289 786 2347 secundum
814 2308 876 2349 se
905 2300 994 2348 est
1017 2290 1269 2357 licitum3
1311 2299 1370 2347 et
1413 2289 1544 2348 ideo
1590 2291 1651 2348 in
1677 2290 1766 2348 his
1814 2291 2121 2367 provinciis
2166 2292 2227 2349 in
2272 2288 2475 2362 quibus
2502 2286 2656 2345 nulla

472 2399 669 2447 eontra
694 2406 794 2446 eos
819 2387 931 2446 lata
956 2398 1044 2445 est
1067 2388 1334 2465 specialis
1363 2407 1625 2456 censura,
1654 2398 1710 2446 et
1734 2389 1833 2445 vix
1860 2389 2069 2448 audent
2094 2388 2453 2448 manifestam
2480 2387 2654 2461 turpi-

471 2488 726 2545 tudinem
753 2487 1000 2545 ludendo
1045 2487 1336 2555 exhibere,
1367 2508 1480 2546 non
1511 2498 1651 2564 puto
1677 2488 1761 2546 eis
1789 2487 2057 2564 denegari
2084 2506 2255 2566 posse
2284 2496 2653 2551 sacramenta,

471 2588 562 2645 vel
607 2586 957 2662 sepulturam
995 2588 1480 2656 ecclesiasticam3
1527 2587 1619 2645 vel
1659 2588 1997 2646 adeuntibus
2042 2588 2316 2646 theatrum
2363 2584 2655 2662 spectandi

475 2706 646 2745 causa
692 2689 918 2746 veniam
963 2687 1450 2746 sacramentalem.
1535 2688 1809 2763 Satagere
1842 2698 2037 2744 tamen
2072 2686 2281 2745 debent
2323 2683 2654 2742 confessarii

469 2798 530 2843 ut
575 2788 918 2862 poenitentes
961 2788 1070 2852 sui,
1119 2787 1433 2861 praesertim
1478 2786 1759 2861 juniores,
1804 2785 2081 2844 theatrum
2122 2804 2237 2843 non
2266 2785 2647 2857 frequentent,

469 2885 624 2957 quod
653 2884 912 2959 plurimis
953 2883 1138 2940 extitit
1176 2884 1354 2941 ruinae
1401 2884 1646 2942 occasio.
1732 2892 1771 2919 66
1788 2884 2108 2961 Rapiebant
2150 2884 2287 2953 me,’
2270 2883 2308 2911 ”
2353 2882 2651 2942 confessus

405 2975 410 2979 ’
469 2994 558 3041 est
596 2982 733 3040 olim
781 2983 845 3040 S.
888 2981 1264 3058 Augustinus,
1317 2990 1358 3017 66
1381 2981 1705 3060 spectacula
1751 2983 2037 3052 theatrica,
2092 2984 2263 3061 plena
2305 2982 2649 3059 imaginibus

468 3081 823 3139 miseriarum
849 3099 1124 3147 mearum,
1155 3089 1212 3137 et
1234 3079 1566 3139 fomitibus
1550 3083 1699 3157 ignis
1728 3083 1862 3141 mei.
1868 3072 1942 3114 '³³

544 3184 643 3239 40.
689 3178 1057 3247 “Choreae‚”
1079 3189 1141 3236 ut
1158 3179 1326 3237 docet
1346 3181 1410 3239 S.
1432 3181 1846 3251 Antoninus,“
1870 3200 1974 3260 per
1998 3198 2061 3238 se
2090 3182 2261 3240 licitae
2291 3192 2443 3248 sunt,
2474 3181 2649 3240 modo

467 3280 605 3336 fiant
631 3298 663 3361 a
689 3281 952 3354 personis
981 3278 1362 3348 soecularibus,
1392 3299 1521 3338 cum
1550 3282 1813 3356 personis
1832 3281 2088 3339 honestis
2114 3291 2171 3339 et
2196 3282 2439 3339 honesto
2455 3280 2646 3347 mod0‚

469 3378 688 3436 scilicet
712 3397 828 3436 non
862 3378 1384 3455 gesticulationibus
1423 3379 1762 3438 inhonestis.
1846 3381 1915 3439 In
1954 3381 2179 3439 choreis
2220 3392 2403 3439 autem
2448 3381 2649 3438 leviter

468 3477 895 3554 apprehendere
942 3496 1172 3535 manum
1213 3478 1440 3536 feminoe
1481 3482 1574 3537 vel
1618 3499 1733 3538 non
1775 3482 1884 3539 erit
1922 3476 2107 3557 culpa,
2137 3481 2227 3537 vel
2259 3479 2330 3537 ad
2356 3498 2645 3538 summum

467 3577 770 3636 venialis.”
814 3578 900 3636 Ita
926 3577 990 3634 S.
1021 3570 1408 3653 Alphonsus.⁴
1473 3579 1719 3637 Choreae
1748 3590 1937 3637 autem
1963 3580 2187 3638 clericis
2217 3590 2351 3638 sunt
2376 3598 2450 3638 ex
2478 3598 2647 3637 cano-

467 3698 605 3737 num
632 3679 962 3755 praescripto
988 3668 1326 3755 fugiendae.⁵

543 3882 627 3945 (1)
668 3878 720 3926 S.
747 3880 927 3927 Thom-
951 3883 998 3928 2.
1022 3883 1069 3928 2.
1092 3898 1174 3943 qu.
1198 3884 1375 3933 clxviii.
1398 3891 1482 3933 art.
1506 3883 1574 3933 iii.
1643 3882 1730 3933 Ad
1748 3882 1967 3933 tertium.

553 3966 638 4028 (2)
678 3972 707 3996 66
725 3962 1038 4024 Conoerning
1057 3964 1140 4011 the
1161 3967 1508 4016 unlawfuhiess
1527 3968 1611 4033 (of
1634 3976 1767 4029 stage
1784 3968 1948 4033 plays)
1974 3967 1998 4015 I
2020 3967 2163 4016 could
2184 3982 2329 4016 never
2348 3974 2431 4030 yet
2452 3982 2531 4015 see
2554 3982 2651 4028 any

473 4048 766 4109 convincing
789 4055 1057 4109 argument,
1079 4048 1199 4097 with
1221 4050 1354 4098 what
1375 4052 1554 4100 clamor
1576 4068 1743 4101 soever
1765 4052 1881 4115 they
1905 4052 2029 4100 have
2050 4052 2173 4101 been
2196 4050 2430 4101 decried.'’
2500 4050 2652 4098 Τοπ-

465 4150 655 4191 nasos,
679 4132 880 4199 Explic.
904 4131 1198 4200 Decahgue‚
1221 4149 1269 4197 p.
1291 4136 1406 4182 462.

539 4220 623 4283 (3)
663 4216 722 4265 L.
746 4218 812 4266 iii.
832 4217 976 4266 Conf-
998 4234 1040 4267 c.
1063 4217 1113 4266 ii.
1588 4222 1672 4286 (4)
1713 4220 1771 4269 L.
1795 4221 1861 4269 iii.
1880 4235 1929 4269 n.
1954 4222 2070 4268 429.

545 4304 632 4369 (5)
674 4301 807 4352 Trid.
833 4302 961 4351 Sess.
984 4302 1086 4353 xxi.
1109 4319 1212 4367 cap.
1235 4302 1266 4353 i.
1289 4304 1349 4352 de
1372 4304 1476 4353 Res.
