3117 5217
532 560 654 615 270
1182 552 1298 613 DE
1340 552 1572 611 FIDEI
1613 550 2060 611 SYMBOLIS.

626 724 721 780 17.
778 719 1139 795 Explicatior
1184 718 1291 777 suit
1332 718 1485 795 apud
1526 716 1849 777 orientales
1887 716 2022 778 fidei
2063 715 2326 787 formula,
2367 714 2442 773 ob
2481 712 2733 771 hoereses

546 818 699 897 apud
724 836 824 875 eos
852 819 1039 875 statim
1064 827 1197 893 post
1222 816 1628 894 Apostolorum
1669 826 1889 875 aetatem
1927 825 2098 883 ortas,
2127 833 2270 887 quas
2308 814 2542 890 rejicere
2569 827 2737 885 opor-

544 920 711 983 tebat,
740 916 975 991 adjectis
1012 916 1281 992 symbolo
1308 916 1564 973 vocibus.
1649 913 1912 973 Profecto
1951 933 2126 987 quam
2167 913 2438 989 exposuit
2477 908 2736 987 Cyn-illus

544 1016 809 1075 fidelibus
836 1034 911 1073 ex
938 1015 1115 1073 veteri
1137 1014 1393 1073 ecclesiae
1423 1012 1966 1087 Hierosolymitanae
1990 1032 2122 1081 usu,
2149 1023 2208 1071 et
2231 1030 2406 1085 quam
2444 1009 2736 1068 Eusebius

546 1114 933 1171 Caesareensis
960 1114 1019 1171 in
1046 1114 1291 1171 concilio
1320 1113 1566 1171 Nicaeno
1589 1112 1864 1180 recitavit,
1887 1113 2025 1171 olim
2051 1112 2186 1169 dum
2208 1112 2332 1187 ipse
2357 1109 2738 1186 baptizaretur

545 1224 890 1287 usurpatam,
920 1212 1101 1270 fusior
1134 1226 1223 1271 est
1262 1212 1544 1271 Romana.
1629 1211 1860 1269 Nicaeni
1897 1220 2084 1287 patres
2125 1208 2196 1267 ad
2235 1210 2361 1267 Arii
2385 1207 2736 1284 impietatem

544 1310 897 1369 evellendam
926 1311 1118 1387 plures
1146 1330 1317 1369 voces
1359 1310 1724 1387 adjecerunt:
1769 1310 1852 1367 sic
1891 1312 2044 1368 enim
2085 1308 2414 1385 symbolum
2453 1308 2524 1365 ab
2553 1305 2624 1362 iis
2649 1312 2772 1394 est'

544 1410 871 1467 recitatum:
917 1419 957 1446 ⁶·
976 1410 1287 1469 Credimus
1312 1410 1373 1467 in
1397 1426 1575 1467 unum
1603 1408 1820 1475 Deum,
1849 1409 2078 1467 Patrem
2117 1408 2588 1483 omnipotentem,
2617 1421 2740 1463 ome

546 1510 705 1567 nium
752 1508 1061 1567 visibilium
1096 1519 1153 1567 01
1188 1508 1559 1567 invisibilium
1605 1517 1956 1565 creatorem:
1995 1517 2054 1563 01
2095 1508 2156 1565 111
2194 1524 2372 1563 unum
2419 1504 2736 1563 Dominum

546 1607 753 1665 Jesum
782 1605 1102 1676 Christum,
1130 1609 1343 1667 Filium
1384 1606 1519 1674 Dei,
1560 1607 1820 1682 genitum
1859 1624 1934 1663 ex
1977 1606 2167 1673 Patre,
2205 1604 2584 1681 unigenitum,
2626 1600 2740 1657 hoc

548 1716 653 1773 est,
682 1724 757 1763 ex
784 1707 1099 1765 substantia
1136 1708 1355 1765 Patris:
1400 1704 1593 1763 Deum
1629 1705 1698 1763 de
1741 1704 1890 1771 Deo,
1929 1705 2126 1763 lumen
2163 1703 2236 1762 de
2273 1703 2512 1769 lumine,
2547 1700 2738 1757 Deum

548 1823 745 1863 verum
772 1804 841 1861 de
871 1805 1000 1863 Deo
1028 1824 1181 1872 vero,
1210 1805 1465 1881 genitum
1489 1822 1506 1870 ς
1547 1822 1666 1861 11011
1707 1804 1948 1861 factum:
1993 1801 2530 1861 consubstantialem
2559 1797 2739 1863 Patri,

548 1922 649 1977 per
676 1920 849 1973 quem
875 1904 1065 1961 omnia
1093 1903 1237 1960 facta
1262 1910 1414 1968 sunt,
1438 1920 1566 1972 quae
1592 1904 1654 1959 in
1679 1902 1824 1960 coelo
1851 1910 2002 1967 sunt,
2027 1912 2083 1957 et
2107 1902 2166 1959 in
2186 1908 2350 1957 terra.
2433 1899 2550 1965 Qui
2571 1914 2741 1972 prop-

548 2009 635 2059 tet
658 2017 765 2055 nos
790 2000 1075 2067 homines,
1094 2008 1153 2057 et
1176 2008 1405 2076 propter
1424 1998 1664 2057 salutem
1693 2008 1942 2057 nostram
1967 1998 2280 2065 descendit,
2299 1999 2739 2066 incarnatusque

549 2106 609 2155 01
632 2098 809 2155 1101110
835 2097 1015 2155 factus
1042 2108 1147 2166 est,
1176 2107 1233 2155 et
1258 2082 1483 2174 passus,
1540 2098 1656 2165 Qui
1679 2098 1988 2155 resurrexit
2014 2098 2172 2155 tertia
2191 2106 2324 2173 post
2347 2097 2442 2154 die
2465 2114 2480 2152 :
2511 2093 2744 2153 adscen-

548 2195 632 2253 dit
657 2195 725 2253 ad
753 2196 965 2255 coelos:
998 2206 1267 2255 venturus
1302 2205 1408 2264 est,
1436 2206 1499 2254 ut
1523 2198 1686 2255 vivos
1711 2196 1952 2272 judicet,
1981 2207 2040 2253 01
2077 2206 2348 2253 1110111100.
2435 2192 2741 2251 Credimus

548 2303 606 2351 et
629 2296 687 2352 in
714 2296 993 2371 Spiritum
1023 2298 1295 2354 Sanctum
1319 2314 1336 2362 ;
1379 2313 1479 2352 eos
1522 2307 1732 2361 autem,
1759 2297 1859 2365 qui
1884 2295 2102 2361 dicunt,
2129 2294 2234 2351 fuit
2271 2292 2574 2366 aliquando
2599 2300 2741 2347 tem·

549 2410 679 2467 pus,
709 2411 885 2465 quum
910 2412 1027 2451 non
1052 2405 1223 2461 esset,
1252 2403 1311 2451 et
1334 2377 1633 2466 antequam
1661 2394 2006 2470 gigneretur,
2033 2411 2150 2451 non
2179 2402 2318 2460 erat,
2348 2392 2439 2448 vel
2475 2387 2630 2463 quod
2665 2387 2740 2445 de

551 2509 668 2548 11011
696 2493 1047 2550 exstantibus
1076 2494 1259 2553 sactus
1286 2501 1403 2560 est;
1446 2502 1541 2549 aut
1567 2494 1666 2565 qui
1703 2510 1778 2549 ex
1819 2494 1994 2549 altera
2017 2492 2345 2559 substantia,
2376 2491 2467 2548 vel
2491 2488 2742 2547 essentia

552 2588 747 2647 dicunt
782 2610 917 2648 esse
958 2591 1167 2650 Filium
1195 2591 1331 2659 Dei,
1367 2602 1463 2648 aut
1500 2601 1772 2657 creatum,
1801 2601 1896 2647 aut
1933 2591 2293 2649 conversioni
2331 2588 2740 2657 mutationique

552 2690 887 2759 obnoxium,
916 2691 1267 2749 anathemate
1296 2690 1427 2747 serit
1444 2699 1638 2747 sancta
1659 2688 1956 2746 Catholica
1979 2698 2036 2745 et
2053 2689 2388 2764 Apostolica
2409 2682 2736 2745 Ecclesia.”

640 2792 731 2845 18.
775 2789 919 2846 Post
942 2797 1125 2847 ortam
1145 2789 1409 2845 haeresim
1437 2787 1786 2855 Macedonii,
1817 2788 1916 2857 qui
1944 2788 2222 2863 Spiritum
2251 2788 2522 2845 Sanctum
2550 2784 2740 2842 Deum

552 2903 681 2943 esse
708 2886 952 2962 negavit,
996 2885 1616 2961 Constantinopolitani
1658 2884 1906 2944 Concilii
1935 2896 2144 2962 patres,
2187 2887 2376 2959 aliqua
2417 2884 2744 2961 adjecerunt

550 2984 821 3059 symbolo
846 2985 1051 3057 quibus
1078 3004 1209 3043 eum
1237 2984 1426 3042 Deum
1454 2987 1857 3061 agnoscebant,
1885 3004 2168 3058 vocesque
2209 2987 2426 3059 aliquas
2459 2984 2530 3043 de
2570 2985 2739 3042 Patre

552 3092 609 3140 et
634 3083 783 3141 Filio
810 3084 1193 3153 immutarunt,
1222 3086 1487 3143 claritatis
1506 3104 1696 3143 causa.
1779 3084 2100 3144 Praedicant
2119 3087 2287 3161 igitur
2314 3086 2542 3143 Patrem
2574 3082 2739 3139 “fac-

552 3191 729 3239 torem
758 3183 887 3239 coeli
914 3196 971 3239 et
1010 3192 1190 3250 terrae,
1219 3184 1530 3241 visibilium
1573 3186 1852 3251 omnium,
1895 3194 1951 3242 01
1987 3185 2359 3243 invisibilium
2381 3184 2442 3241 :⁹⁹
2527 3181 2742 3241 Filium

552 3288 739 3336 autem
783 3288 1032 3337 “natum
1074 3292 1199 3337 ante
1240 3282 1431 3339 omnia
1468 3282 1710 3350 saecula3
1742 3323 1757 3340 .
1789 3325 1805 3340 .
1835 3284 1906 3340 de
1943 3284 2158 3359 Spiritu
2201 3284 2414 3341 Sancto
2453 3300 2528 3339 ex
2555 3280 2741 3339 Maria

552 3377 791 3454 Virgine
822 3420 837 3435 .
870 3419 885 3435 .
920 3420 933 3435 .
964 3379 1268 3437 crucifixus
1294 3389 1382 3437 est
1408 3400 1513 3455 pro
1540 3382 1704 3439 nobis
1733 3383 1838 3438 sub
1865 3383 2076 3441 Pontio
2111 3382 2297 3443 Pilato
2329 3424 2344 3439 .
2377 3422 2392 3439 .
2423 3423 2440 3439 .
2469 3391 2528 3438 et
2551 3379 2738 3457 sepul-

552 3486 643 3535 tus
671 3518 686 3534 .
720 3518 735 3533 .
767 3518 782 3534 .
812 3476 971 3535 sedet
995 3476 1067 3536 ad
1088 3478 1343 3537 dextram
1372 3478 1505 3547 Dei,
1534 3481 1699 3555 cujus
1727 3483 1888 3555 regni
1923 3500 2038 3539 non
2077 3482 2186 3539 erit
2221 3481 2419 3539 finis.³’
2453 3520 2470 3537 .
2501 3521 2518 3537 .
2562 3478 2740 3555 Spiri-

550 3584 668 3634 tum
698 3576 971 3635 Sanctum
1010 3587 1327 3655 agnoscunt
1370 3587 1409 3615 ‘⁶
1431 3579 1749 3637 Dominum
1791 3592 1850 3637 et
1887 3580 2292 3647 vivificantem,
2331 3582 2432 3652 qui
2469 3598 2548 3636 ex
2573 3579 2739 3637 Patre

554 3674 843 3751 procedit:
876 3678 973 3749 qui
1002 3697 1133 3735 cum
1162 3678 1331 3736 Patre
1360 3686 1417 3735 01
1440 3678 1592 3737 Filio
1618 3676 1789 3735 simul
1815 3677 2075 3738 adoratur
2100 3689 2158 3736 et
2182 3676 2593 3755 glorificatur.”

637 3777 729 3829 19.
774 3774 999 3833 Saeculo
1026 3778 1278 3848 sequiori
1302 3778 1361 3835 111
1388 3775 1726 3847 quibusdam
1754 3777 2014 3835 ecclesiis
2037 3777 2368 3836 Occidentis
2387 3795 2593 3835 voees:
2626 3783 2666 3809 ‘⁶
2684 3786 2742 3833 ct

554 3870 770 3937 Fili0‚”
800 3872 1031 3947 adjectae
1058 3884 1206 3941 sunt,
1233 3885 1297 3933 111
1322 3875 1570 3952 Spiritus
1601 3875 1844 3931 Sanctus
1881 3894 1954 3933 ex
1981 3885 2220 3948 utroque
2245 3876 2552 3953 procedere
2579 3873 2740 3931 intel-

548 3967 833 4045 ligeretur,
885 3982 1054 4045 prout
1102 3992 1331 4048 semper
1374 3974 1728 4031 intellexerat
1781 3974 2078 4043 Ecclesia;
2133 3976 2394 4047 quamvis
2448 3980 2738 4051 grassante

551 4065 756 4123 haeresi
775 4067 1125 4137 Macedonii,
1148 4089 1317 4129 voces
1342 4072 1449 4127 illae
1466 4080 1702 4147 possent
1719 4072 2044 4144 detorqueri
2061 4073 2131 4131 311
2147 4064 2739 4148 0131111103111111111Ϊο11111

552 4184 585 4222 3
611 4163 782 4230 Filio,
812 4166 988 4222 instar
1014 4186 1199 4225 rerum
1226 4170 1483 4227 omnium
1510 4179 1843 4238 creatarum,
1873 4171 2182 4229 conditum.
2267 4171 2636 4230 Additionem
2665 4171 2739 4227 ob

550 4262 915 4321 dissidiorum
942 4266 1256 4340 periculum
1286 4267 1437 4325 haud
1464 4267 1629 4325 facile
1670 4268 1928 4343 probavit
1963 4269 2224 4344 pontifex
2262 4269 2596 4336 Romanus3
2637 4268 2742 4325 sed

551 4360 776 4420 tandem
807 4362 954 4438 mori
979 4362 1205 4421 inducto
1232 4382 1348 4422 suae
1376 4366 1714 4423 auctoritatis
1743 4367 1913 4424 robur
1939 4348 2163 4443 adjecit.

629 4465 729 4519 21.
774 4460 1053 4537 Symbolo
1096 4462 1174 4519 ita
1217 4451 1380 4520 ¹aucto
1423 4464 1596 4521 utitur
1635 4464 1782 4523 inter
1823 4466 2135 4523 Missarum
2163 4464 2446 4523 solemnia
2474 4463 2740 4523 Ecclesia
