3117 5217
479 563 598 617 41⁰
1335 562 1793 623 APPENDIX.

577 732 671 787 16.
715 727 996 787 Ordinem
1023 726 1400 805 praemittendi
1439 728 1883 787 satisfactionem
1922 731 2269 789 absolutioni
2291 730 2536 798 induxit,
2564 751 2686 790 non

491 828 715 905 politia,
745 838 843 886 aut
868 827 1146 886 institutio
1173 826 1477 895 Ecclesiae,
1505 828 1609 886 sed
1637 830 1763 905 ipsa
1790 827 2013 886 Christi
2038 830 2189 897 Lex,
2218 830 2278 887 dv
2304 831 2683 906 praescriptio,

492 936 690 985 natura
719 928 802 985 rei
829 926 886 984 id
912 928 1102 1003 ipsum
1131 924 1565 998 quodammodo
1588 926 1857 985 dictante.

580 1030 674 1084 17.
717 1026 834 1083 Per
873 1025 1030 1084 illam
1074 1025 1300 1100 praxim
1339 1044 1477 1083 mox
1523 1024 1877 1094 absolvendi,
1904 1025 2049 1085 ordo
2088 1027 2435 1104 poenitentiae
2478 1036 2571 1083 est
2604 1027 2689 1085 in·

493 1142 711 1182 versus.

581 1228 671 1280 18.
727 1221 1104 1281 Consuetudo
1159 1221 1434 1281 moderna
1483 1224 1677 1296 quoad
1730 1224 2277 1283 administrationem
2328 1212 2685 1282 Sacramenti

495 1322 877 1390 Poenitentioe,
905 1322 1134 1380 etiamsi
1159 1340 1284 1380 eam
1314 1322 1695 1398 plurimorum
1728 1323 2029 1382 hominum
2057 1331 2335 1381 sustentet
2359 1324 2685 1387 auctoritas,

489 1422 549 1479 dv
575 1420 737 1500 multi
763 1422 1040 1497 temporis
1067 1420 1402 1479 diuturnitas
1427 1422 1748 1491 confirmet,
1776 1423 2149 1481 nihilominus
2177 1422 2247 1479 ab
2272 1422 2537 1480 Ecclesia
2564 1441 2683 1480 non

493 1520 733 1579 habetur
757 1539 864 1597 pro
889 1540 1019 1587 usu,
1049 1518 1150 1576 sed
1179 1520 1376 1578 abusu.

581 1622 674 1676 19.
717 1618 918 1678 Homo
945 1619 1112 1677 debet
1137 1638 1304 1695 agere
1345 1628 1461 1678 tota
1491 1620 1607 1676 vita
1644 1620 2037 1697 paenitentiam
2084 1639 2189 1697 pro
2237 1630 2473 1697 peccato
2519 1620 2693 1696 origi-

497 1718 631 1777 nali.
1023 1726 1028 1731 '

577 1822 676 1875 20.
719 1816 1136 1875 Confessiones
1165 1816 1316 1892 apud
1356 1817 1689 1894 Religiosos
1732 1816 1891 1875 factae
1936 1817 2229 1894 pleraeque
2264 1819 2357 1875 vel
2396 1817 2688 1893 sacrilegae

503 1926 636 1973 sunt
659 1917 751 1973 vel
780 1915 1062 1974 invalidae.

579 2018 679 2070 21.
723 2014 1114 2071 parochianus
1161 2022 1350 2089 potest
1389 2014 1667 2088 suspicari
1715 2014 1786 2071 de
1812 2013 2289 2082 mendicantibus,
2318 2016 2418 2086 qui
2444 2013 2692 2071 eleemo-

503 2112 667 2187 synis
709 2112 1110 2169 communibus
1151 2111 1370 2177 vivunt,
1411 2110 1484 2168 de
1523 2112 1875 2189 imponenda
1912 2114 2085 2170 nimis
2126 2113 2259 2180 levi,
2290 2113 2695 2189 &incongrua

501 2211 850 2286 poenitentia,
879 2228 982 2268 seu
1020 2210 1425 2277 satisfactione,
1453 2212 1528 2267 ob
1577 2222 1860 2284 questum,
1888 2229 1991 2268 seu
2028 2212 2253 2269 lucrum
2282 2211 2524 2269 subsidii
2550 2221 2693 2269 tem-

504 2309 736 2386 poralis.

580 2412 681 2465 22.
725 2408 1002 2483 Sacrilegi
1029 2417 1166 2465 sunt
1180 2406 1498 2485 judicandi,
1529 2409 1628 2480 qui
1641 2410 1739 2485 jus
1767 2404 1838 2465 ad
1876 2411 2343 2467 communionem
2372 2410 2694 2485 percipien-

503 2504 630 2563 dam
660 2506 1034 2581 praetendunt,
1065 2518 1366 2579 antequam
1408 2506 1753 2584 condignam
1800 2506 1871 2564 de
1900 2507 2123 2565 delictis
2150 2510 2269 2566 suis
2298 2510 2695 2585 poenitentiam

505 2606 744 2683 egerint.

583 2708 683 2761 23.
729 2703 1010 2762 Similiter
1035 2704 1260 2761 arcendi
1299 2714 1434 2763 sunt
1473 2724 1504 2762 a
1542 2724 1702 2764 saera
1740 2697 2164 2774 communione,
2194 2708 2398 2779 quibus
2433 2705 2691 2764 nondum

507 2804 655 2861 inest
681 2822 842 2861 amor
868 2798 982 2859 Dei
1010 2805 1371 2879 purissimus,
1399 2804 1460 2861 dr.
1485 2806 1675 2863 omnis
1703 2806 1998 2864 mixtionis
2026 2824 2252 2881 expers.

586 2906 685 2959 24.
729 2901 959 2960 Oblatio
1001 2903 1061 2959 in
1088 2902 1324 2978 temple,
1356 2921 1482 2975 quae
1509 2904 1682 2960 fiebat
1720 2924 1751 2960 a
1794 2904 1973 2961 Beata
2001 2904 2190 2962 Maria
2217 2904 2479 2980 Virgine,
2508 2904 2569 2961 in
2596 2903 2695 2962 die

509 3001 932 3060 Purificationis
961 3020 1080 3059 suae
1106 3020 1209 3078 per
1233 3000 1377 3059 duos
1417 3002 1609 3077 pullos
1655 3003 2067 3069 columbarum,
2098 3021 2277 3060 unum
2303 3003 2363 3060 in
2390 3002 2696 3060 holocaus-

507 3113 650 3167 tum,
698 3100 758 3157 a
785 3100 1024 3158 alterum
1052 3119 1156 3176 pro
1182 3101 1452 3176 peccatiS,
1497 3100 1850 3159 sufficienter
1894 3112 2145 3169 testatur,
2188 3100 2341 3174 quod
2388 3100 2697 3179 indiguerit

507 3198 920 3273 purificatione,
963 3199 1022 3255 δε
1067 3197 1222 3270 quod
1266 3200 1418 3256 filius
1465 3201 1567 3270 qui
1606 3200 1966 3267 offerebatur,
2014 3202 2183 3257 etiam
2228 3200 2454 3258 macula
2497 3201 2694 3259 matris

505 3296 817 3353 maculatus
846 3306 1000 3351 esset
1023 3295 1337 3352 secundum
1365 3297 1536 3352 verba
1561 3298 1726 3372 legis.
2626 3286 2633 3293 ’

587 3399 688 3456 25.
732 3393 848 3451 Dei
875 3394 1062 3452 Patris
1089 3392 1340 3455 sedentis
1367 3394 1735 3453 simulacrum
1764 3396 1925 3453 nefas
1952 3406 2039 3454 est
2067 3395 2403 3457 Christiano
2428 3399 2487 3457 in
2514 3398 2695 3455 Tem·

506 3493 603 3571 plo
630 3494 927 3553 collocare.

591 3597 690 3651 26.
733 3593 887 3651 Laus
917 3611 1042 3665 quae
1071 3591 1316 3651 defertur
1343 3593 1544 3651 Mariae
1572 3602 1633 3651 ut
1660 3594 1880 3664 Mariae,
1910 3614 2054 3652 vana
2080 3606 2186 3653 est.

587 3698 688 3752 27.
732 3692 930 3750 Valuit
947 3690 1250 3763 aliquando
1271 3692 1603 3767 Baptismus
1626 3682 1858 3751 sub'hac
1882 3694 2062 3753 forma
2084 3695 2342 3762 collatus,
2362 3694 2431 3753 in
2449 3694 2695 3754 nomine

509 3790 747 3859 Patris,
777 3791 888 3849 &c
921 3792 1317 3867 praetermissis
1345 3791 1479 3860 illis,
1511 3810 1621 3870 ego
1650 3798 1705 3849 te
1732 3791 1995 3869 baptizo,

591 3896 692 3949 28.
735 3890 906 3948 Valet
930 3891 1262 3966 Baptismus
1283 3890 1518 3948 collatus
1545 3912 1579 3949 a
1606 3892 1898 3959 Ministr0‚
1928 3894 2026 3964 qui
2052 3910 2282 3950 omnem
2312 3894 2479 3951 ritum
2508 3902 2695 3951 exter-

509 4008 668 4057 num,
697 3991 1051 4063 formamque
1079 3990 1407 4066 baptizandi
1453 3991 1732 4060 observat,
1764 3992 1915 4049 intus
1944 4010 2079 4049 vero
2123 3991 2181 4049 in
2210 3992 2381 4049 corde
2408 4010 2513 4049 suo
2541 3991 2694 4067 apud

511 4107 574 4146 se
602 4090 870 4148 resolvit:
901 4107 1024 4147 non
1049 4086 1296 4147 intendo
1301 4087 1536 4169 facere,
1567 4090 1728 4167 quod
1731 4088 1902 4171 facit
1926 4088 2225 4149 Ecclesia.

589 4192 688 4247 29.
731 4188 936 4247 Futilis
980 4189 1039 4246 85
1086 4190 1248 4247 toties
1295 4189 1572 4247 convulsa
1597 4201 1684 4248 est
1728 4188 1966 4247 assertio
2004 4188 2073 4247 de
2114 4189 2413 4248 Pontificis
2444 4188 2699 4249 Romani

511 4308 682 4365 supra
711 4288 1040 4347 Concilium
1085 4288 1502 4347 oecumenicum
1545 4288 1891 4356 auctoritate,
1930 4300 2097 4361 atque
2124 4290 2183 4347 in
2210 4286 2344 4346 fidei
2372 4289 2702 4361 quaestioni-

511 4389 616 4445 bus
645 4386 1018 4446 decernendis
1047 4386 1456 4445 infallibilitate.
