3117 5217
1029 565 1142 626 DE
1185 564 1877 628 COOPERATIONE.
2420 567 2541 624 329

441 737 580 792 148.
623 733 740 800 Qui
765 731 1108 799 chartarum,
1135 741 1192 790 et
1215 730 1352 788 aleae
1378 730 1544 788 ludos
1586 732 1647 792 in
1688 732 1809 791 suis
1836 731 2099 790 domibus
2138 731 2365 799 habent,
2395 730 2537 789 hon-

357 843 496 892 estoe
535 831 902 890 recreationis
943 849 1136 899 causa,
1177 829 1269 886 vel
1309 829 1548 888 modicoe
1590 831 1759 889 etiam
1799 830 2057 906 pecuniae
2103 829 2405 898 lucrandae,
2433 845 2541 906 pro

356 931 673 990 ludentium
715 929 1060 998 conditione,
1103 947 1216 987 non
1258 928 1522 988 videntur
1561 930 1845 1006 culpandi.
1930 931 2115 988 Secus
2140 929 2239 1002 qui
2263 927 2431 987 ludos
2458 926 2541 984 so·

356 1041 510 1099 vent,
539 1030 602 1088 in
629 1029 837 1101 quibus
865 1047 1071 1104 mag-na
1090 1028 1346 1105 pecuuiae
1367 1029 1536 1104 copia
1559 1029 1697 1086 sorti
1718 1029 2003 1106 objicitur,
2032 1027 2369 1101 fraudesque
2398 1027 2543 1084 fiunt

359 1147 492 1188 cum
520 1128 758 1186 fortunae
785 1137 842 1184 et
865 1145 1086 1185 morum
1119 1128 1362 1203 jactura.
1447 1125 1603 1186 Vitia
1641 1126 1832 1186 fovere
1872 1125 2073 1186 merito
2102 1136 2403 1186 censentur
2442 1125 2541 1198 qui

355 1227 744 1286 allectationes
769 1224 872 1282 has
899 1234 1214 1302 apponunt.
1298 1225 1399 1284 Sic
1425 1235 1483 1283 et
1520 1227 1621 1299 qui
1660 1226 1851 1285 nimiae
1877 1227 2154 1303 potationi
2190 1226 2297 1284 hac
2324 1225 2541 1284 ratione

265 1358 274 1368 ·
363 1327 620 1402 praebent
643 1324 1030 1384 occasionem.

439 1429 576 1482 149.
620 1424 801 1482 Licite
832 1423 1148 1481 venduntur
1187 1431 1418 1480 ornatus
1458 1423 1681 1498 puellae·
1704 1424 1777 1483 iis
1818 1425 2097 1492 abusurae,
2143 1433 2181 1460 ‘⁴
2204 1423 2253 1480 si
2282 1420 2545 1480 venditor

357 1523 616 1596 alioquin
663 1521 909 1580 notabile
957 1521 1198 1598 patiatur
1239 1521 1734 1589 incommodum,'’
1782 1540 1899 1581 non
1946 1521 2101 1582 enim
2148 1531 2369 1580 tenetur
2412 1539 2546 1579 cum

356 1633 512 1682 tanto
539 1623 632 1680 sui
657 1620 868 1680 damno
895 1622 1022 1698 ejus
1050 1617 1328 1696 impefflre
1353 1629 1675 1694 peccatum.

439 1724 576 1778 150.
621 1729 663 1756 “
684 1720 926 1778 Venena
951 1729 1140 1778 autem
1166 1717 1432 1786 vendere,
1460 1719 1573 1777 nisi
1612 1719 1684 1776 iis
1724 1719 1825 1792 qui
1862 1720 2008 1778 bene
2046 1719 2205 1776 usuri
2240 1726 2543 1794 putantur:

354 1840 411 1877 v.
453 1839 512 1896 g.
555 1818 628 1876 ad
667 1819 1088 1878 confectionem
1127 1817 1404 1886 colorum,
1443 1818 1533 1875 vel
1574 1817 1940 1886 medicinam,
1982 1836 2099 1877 non
2141 1817 2294 1875 lieet.
2378 1814 2551 1874 Unde

357 1918 612 1977 venditio
631 1918 860 1985 veneni,
883 1916 1036 1990 quod
1062 1935 1178 1974 non
1205 1917 1398 1985 servit,
1417 1917 1528 1975 nisi
1559 1917 1631 1975 ad
1656 1917 1907 1977 hominis
1936 1918 2309 1984 occisionem,
2332 1915 2553 1992 simpli·

357 2018 500 2076 citer
525 2027 618 2074 est
642 2011 885 2076 mala.”¹
965 2016 1066 2074 Sic
1091 2034 1200 2078 nec
1225 2016 1359 2074 licet
1382 2015 1627 2074 vendere
1653 2017 1945 2075 materiam
1984 2014 2235 2075 incendii
2274 2016 2345 2074 iis
2372 2015 2430 2073 in
2467 2031 2553 2072 re·

353 2135 482 2174 rum
511 2114 795 2192 adjunctis
821 2115 883 2172 in
909 2115 1116 2188 quibus
1143 2113 1282 2172 illud
1307 2131 1384 2172 ex
1407 2114 1623 2174 malitia
1646 2115 1831 2191 parari
1860 2115 2131 2174 videatur.

437 2219 580 2273 151.
641 2215 754 2280 Qui
802 2214 860 2272 in
899 2223 1178 2291 potestate
1223 2213 1474 2271 hostium
1515 2222 1827 2282 versantur,
1864 2214 2033 2273 licite·
2056 2212 2249 2271 omnia
2288 2218 2551 2288 praestant

353 2333 486 2386 quae
513 2315 823 2390 exiguntur
847 2313 919 2371 ad
937 2314 1243 2388 imperium
1273 2312 1787 2390 propugnandum3
1816 2332 1925 2373 nec
1950 2312 2105 2371 enim
2132 2319 2393 2369 tenentur
2416 2327 2549 2366 cum

356 2414 490 2470 vitae
517 2411 872 2480 discrimine,
901 2421 959 2469 et
996 2412 1208 2484 absque
1247 2411 1360 2469 ulla
1388 2414 1581 2488 patriae
1608 2411 1867 2481 utilitate,
1906 2431 2013 2470 sua
2036 2429 2298 2469 recusare
2322 2407 2549 2492 officia.

353 2512 616 2570 Possunt
665 2513 834 2570 etiam
890 2511 1216 2587 juramento
1263 2528 1330 2567 se
1379 2511 1645 2587 imperio,
1698 2512 1791 2568 cui
1842 2529 1997 2578 casu,
2049 2510 2142 2567 vel
2185 2509 2319 2567 belli
2375 2517 2549 2573 sorte,

349 2609 757 2688 subjiciuntur,
779 2609 1058 2677 addicere,
1088 2627 1162 2666 ex
1186 2619 1534 2686 praesumpto
1559 2609 1883 2686 reipublicae
1910 2625 2216 2675 consensu,
2246 2625 2373 2680 quae
2402 2607 2551 2664 hanc

351 2712 442 2768 eis
471 2707 656 2766 facere
683 2709 1024 2775 facultatem,
1053 2718 1116 2766 ut
1141 2708 1267 2764 vitre
1293 2708 1639 2776 consulatur,
1668 2706 1867 2766 meriti»
1894 2714 2177 2765 censetur.

441 2811 580 2865 152.
625 2808 835 2865 Peccat
860 2807 1052 2884 puella
1079 2813 1378 2882 acceptans
1407 2825 1643 2865 munera
1672 2808 1741 2865 ab
1769 2807 2001 2875 amasio,
2032 2806 2129 2877 qui
2163 2804 2398 2880 turpiter
2422 2820 2573 2874 eam*

355 2906 736 2982 concupiscit,
765 2907 898 2978 quia
923 2905 1076 2964 fovet
1101 2900 1451 2964 amorem.”²
1529 2907 1623 2964 Ea
1659 2907 1830 2982 igitur
1868 2905 2101 2964 reddere
2142 2904 2312 2962 debet
2350 2901 2555 2960 ancilla

357 3006 600 3066 domino
631 3006 728 3077 qui
755 3023 824 3062 ea
851 3004 1109 3062 tribuisse
1137 3004 1389 3062 noscitur
1413 3023 1589 3080 pravo
1618 3005 1889 3063 consilio:
1932 3006 1983 3063 si
2024 3005 2177 3063 enim
2220 3022 2287 3060 ea
2308 3003 2557 3060 retineat

359 3105 678 3164 animosior
702 3104 800 3161 fiet
825 3103 948 3179 ipse
977 3103 1046 3162 ad
1073 3123 1200 3161 eam
1231 3101 1645 3161 solicitandam.

444 3207 583 3262 153.
625 3203 808 3270 Licet,
828 3202 995 3278 juxta
1033 3202 1485 3261 communiorem
1525 3202 1883 3270 sententiam,
1911 3202 2143 3280 exigere
2170 3202 2557 3279 juramentum

361 3323 394 3362 a
420 3304 763 3380 pejeratum,
793 3301 844 3358 si
874 3301 1032 3376 justa
1057 3319 1231 3360 causa
1271 3300 1437 3369 adsit,
1467 3321 1538 3360 v:
1569 3321 1644 3380 g:
1674 3312 1737 3361 ut
1774 3303 2026 3379 perjurio
2065 3302 2304 3378 probato
2336 3298 2557 3377 justitia

364 3401 696 3460 vindicetur.
779 3399 974 3458 ,Iudex
999 3399 1232 3467 idcirc0‚
1266 3401 1414 3476 juris
1443 3401 1644 3459 ordine
1669 3411 1914 3468 servato,
1945 3384 2345 3477 juramentuni'
2358 3395 2557 3455 merito

365 3501 562 3577 exigit,
590 3497 725 3556 licet
749 3498 1055 3574 praevideat
1080 3509 1282 3557 testem
1308 3499 1724 3575 pejeraturum:
1768 3499 1853 3556 sic
1884 3507 1943 3558 et
1977 3499 2229 3574 privatus
2260 3497 2360 3574 jus
2388 3513 2556 3552 suum

365 3616 722 3674 prosequens
748 3599 805 3658 in
827 3598 1068 3675 judicio·
1139 3607 1180 3634 ‘⁶
1203 3597 1270 3656 Si
1299 3595 1430 3656 vero
1458 3616 1551 3655 res
1578 3599 1653 3656 sit
1678 3617 1833 3665 vera,
1860 3609 1919 3654 et
1944 3595 2081 3654 alter
2106 3597 2345 3672 ignoret,
2366 3593 2457 3650 vel
2484 3593 2559 3654 sit

366 3697 523 3765 falsa,
555 3706 614 3754 et
639 3696 775 3754 alter
801 3697 992 3756 credat
1011 3716 1224 3764 veram,
1247 3697 1516 3755 nonlicet
1533 3715 1665 3756 eum
1694 3695 1963 3756 inducere
1984 3695 2056 3753 ad
2074 3686 2559 3772 juramentum.”³

450 3799 586 3854 154.
629 3795 722 3853 Ob
749 3795 1276 3865 necessitatemsvel
1295 3815 1557 3872 magnam
1586 3797 1899 3863 utilitatem,
1920 3795 2055 3852 licet
2078 3805 2269 3870 petere
2296 3800 2558 3849 mutuum

366 3914 396 3952 a
421 3894 776 3963 foeneratore,
801 3895 986 3954 oblata
1005 3898 1172 3954 etiam
1202 3914 1392 3962 usura,
1429 3914 1607 3968 quum
1648 3895 1785 3954 alias
1812 3902 2076 3953 noscatur
2114 3891 2264 3950 haud
2304 3890 2556 3949 daturus.

370 3992 659 4056 Caeterum
689 3995 786 4065 qui
813 4013 1014 4052 usuras
1041 4013 1158 4054 non
1183 4004 1433 4062 exercet,
1453 4013 1567 4052 non
1590 4004 1677 4052 est
1700 3993 2032 4054 alliciendus
2060 3991 2129 4050 ad
2156 4011 2253 4052 eas
2282 3991 2560 4068 accipien-

367 4092 488 4162 das,
527 4111 704 4166 quum
745 4093 1106 4152 induceretur
1130 4094 1200 4153 ad
1240 4093 1613 4170 peccandum.
1698 4104 1737 4132 ‘⁶
1759 4095 1875 4161 Qui
1897 4075 2136 4171 *adjuvat
2166 4093 2559 4151 foeneratorem

367 4201 580 4250 tantum
608 4192 668 4250 in
693 4175 1060 4253 numerandis
1086 4194 1368 4270 pecuniiS‚
1398 4193 1723 4252 scribendis·
1740 4193 2073 4261 rationibus,
2104 4194 2275 4254 autin
2302 4190 2559 4249 deferen-

365 4289 436 4350 do
464 4293 726 4368 pignore,
756 4302 945 4369 potest
969 4293 1230 4352 excusari
1257 4313 1290 4350 a
1317 4301 1550 4369 peccato
1590 4293 1714 4352 sola
1752 4293 1969 4353 ratione
2008 4292 2345 4352 famulatus:
2388 4305 2553 4348 secus

443 4453 529 4516 (1)
569 4451 916 4510 Busembaum,
936 4452 1065 4515 apud
1087 4451 1140 4499 S.
1165 4425 1490 4516 Alphonsum,
1513 4453 1544 4501 l.
1561 4452 1611 4502 ii.
1629 4469 1679 4503 n.
1703 4457 1784 4503 72.

339 4543 348 4550 ·
441 4535 529 4603 (2)
569 4535 623 4584 S.
648 4537 949 4600 AlphonsuS‚
971 4536 1164 4596 ibidem,
1186 4553 1237 4586 n.
1262 4539 1343 4586 76.
1982 4538 2067 4603 (3)
2091 4533 2306 4592 'Ibidem,
2328 4549 2378 4582 n.
2403 4537 2484 4582 77.

1263 4647 1267 4654 ,
1415 4619 1533 4674 29²¹*
