3117 5217
488 601 603 654 110
1076 605 1090 618 ‘
1153 593 1267 658 DE
1312 591 1986 660 RESTITUTIONE.

482 763 531 820 si
557 780 631 820 ex
657 761 899 820 naturali
924 759 1211 820 oblivione
1238 762 1455 833 absque
1494 759 1664 834 culpa
1703 759 2030 836 theologica
2067 758 2359 827 acciderit,
2385 760 2485 817 vix
2513 773 2668 817 tene-

482 871 592 928 tur,
619 878 753 918 nam
781 868 819 894 ‘⁶
839 877 959 949 regn
988 877 1115 930 quae
1148 860 1316 935 culpa
1352 869 1505 916 caret
1528 859 1588 916 in
1630 857 1900 916 damnum
1927 859 2119 917 vocari
2157 876 2274 916 non
2299 853 2664 915 convenit.”¹

486 968 524 994 ‘⁶
548 957 703 1018 Cum
730 958 1077 1016 conscientia
1100 968 1368 1016 oneretur
1392 957 1463 1014 de
1490 956 1854 1032 obligatione,
1883 965 2105 1034 oportet
2128 967 2190 1014 ut
2221 958 2281 1014 in
2321 956 2670 1014 conscientia

484 1056 727 1115 adfuerit
748 1052 1117 1114 delictum.”²
1194 1057 1281 1115 Ita
1308 1057 1373 1114 S.
1402 1055 1738 1131 Alphonsus
1757 1055 1830 1114 de
1860 1056 2114 1132 Ligori0.
2201 1055 2454 1112 Gravem
2483 1065 2669 1111 autem

483 1157 713 1231 culpam
754 1155 1131 1230 theologicam
1172 1155 1428 1232 plerique
1468 1156 1730 1231 exigunt,
1771 1166 1836 1212 ut
1879 1155 1956 1212 sit
2004 1154 2336 1212 restituendi
2381 1153 2670 1229 obligatio,

486 1253 713 1327 quando
741 1252 811 1310 de
836 1271 897 1310 re
926 1253 1165 1331 alicujus
1205 1255 1481 1312 momenti
1522 1254 1736 1330 agitur3
1765 1272 1898 1310 nam
1941 1255 2042 1311 vix
2083 1262 2280 1329 posset
2313 1253 2446 1310 oriri
2485 1253 2672 1327 gravis

486 1351 757 1428 obligatio
782 1369 857 1410 ex
884 1351 1056 1429 culpa
1079 1353 1232 1420 levi;
1274 1352 1417 1410 levis
1456 1362 1644 1410 autem
1673 1352 1944 1428 obligatio
1971 1351 2042 1410 de
2081 1371 2144 1408 re
2183 1351 2342 1428 gravi
2379 1348 2669 1408 reddenda

486 1451 642 1510 nulla
682 1450 845 1508 foret.
930 1451 1032 1508 Sic
1074 1452 1400 1528 percutiens
1444 1449 1738 1510 hominem
1785 1469 1862 1508 ex
1895 1451 1992 1508 irae
2037 1463 2220 1517 motu,
2261 1467 2434 1521 quem
2477 1447 2674 1506 dicunt

486 1549 1059 1634 secundo-primum,
1089 1551 1308 1610 scilicet
1332 1551 1548 1608 ratione
1578 1550 1678 1606 vix
1704 1549 2046 1617 advertente,
2077 1549 2380 1607 excusatur
2405 1566 2439 1604 a
2463 1546 2673 1604 damno

481 1626 820 1726 reparand0‚
847 1649 985 1706 licet
1007 1651 1301 1724 contingat
1324 1667 1457 1708 eum
1485 1649 1730 1724 graviter
1755 1647 2056 1714 vulnerari,
2085 1649 2176 1705 vel
2203 1649 2316 1704 ictu
2358 1635 2669 1703 occidere.³

570 1752 703 1806 175.
746 1747 781 1804 J
788 1765 879 1804 am
912 1746 1041 1804 vero
1070 1749 1120 1806 si
1148 1747 1315 1822 culpa
1340 1749 1453 1804 lata
1468 1745 1736 1822 juridica,
1765 1764 1892 1818 quae
1919 1760 1978 1802 et
2001 1757 2089 1804 est
2114 1745 2299 1822 gravis
2327 1743 2668 1820 theologica,

488 1847 738 1904 admissa
762 1847 857 1912 sit,
885 1845 1283 1916 inquirendum
1310 1855 1497 1903 utrum
1540 1845 1615 1902 sit
1652 1845 1924 1920 obligatio
1957 1844 2306 1910 restituendi,
2336 1844 2560 1915 quoties
2602 1840 2672 1898 de

485 1963 653 2002 causa
679 1943 873 2000 damni
902 1944 1031 2014 quis
1060 1943 1205 2002 nihil
1232 1943 1568 2000 adverterit:
1613 1961 1686 2000 v:
1730 1963 1804 2019 g:
1849 1945 1900 2000 si
1941 1943 2154 2020 hospes
2195 1952 2364 2000 noctu
2405 1943 2672 2018 egressus

487 2045 563 2101 sit
587 2041 657 2098 ad
682 2040 977 2098 libidinem
1006 2041 1369 2117 explendam,
1397 2043 1724 2114 ostiumque
1765 2042 1917 2100 haud
1957 2042 2322 2108 obseraverit,
2359 2040 2674 2117 periculum

489 2135 706 2202 nullum
736 2140 869 2197 furti
894 2141 1227 2217 suspicans:
1272 2161 1388 2213 quo
1429 2151 1620 2200 tamen
1659 2141 1892 2199 absente
1933 2141 2086 2199 sures
2125 2159 2388 2218 magnam
2416 2140 2674 2215 pecuniae

488 2241 733 2316 copiam,
766 2240 854 2296 vel
894 2239 1305 2314 supellectilem
1347 2242 1654 2317 pretiosam
1689 2241 2037 2298 abstulerint.
2121 2239 2407 2312 Equidem
2453 2237 2674 2296 videtur

490 2339 669 2396 teneri
696 2337 767 2394 ad
792 2337 1063 2396 damnum
1090 2339 1486 2415 reparandum,
1516 2358 1691 2411 quum
1737 2340 2026 2396 advertere
2060 2338 2318 2396 debuerit
2355 2337 2670 2414 periculum

486 2454 683 2493 revera
708 2434 929 2503 adesse,
960 2446 1017 2493 et
1054 2447 1263 2496 temere
1306 2437 1522 2495 dederit
1560 2440 1924 2496 occasion-ern
1968 2437 2136 2495 furto.
2221 2437 2290 2493 Si
2317 2438 2446 2508 quis
2479 2435 2677 2492 levem

486 2535 739 2610 posuerit
764 2534 957 2592 damni
983 2555 1235 2603 causam,
1265 2549 1465 2612 optans
1492 2546 1555 2594 ut
1592 2538 1836 2611 graviter
1877 2547 2126 2604 noceret,
2155 2537 2451 2611 contingat
2481 2543 2670 2591 autem

485 2630 777 2710 inopinato
804 2652 974 2710 grave
1002 2637 1167 2707 sequi
1192 2636 1614 2718 detrimentum,
1644 2655 1761 2694 non
1791 2636 2012 2694 videtur
2038 2635 2216 2693 teneri
2257 2634 2325 2691 ad
2358 2635 2470 2691 hoc
2507 2624 2699 2709 repa-'

481 2733 743 2800 randum,
774 2751 951 2803 quum
978 2735 1133 2792 enim
1162 2754 1235 2791 ex
1260 2753 1429 2792 causa
1454 2734 1597 2792 adeo
1623 2734 1736 2791 levi
1775 2735 1872 2792 vix
1901 2753 2152 2807 unquam
2193 2743 2480 2804 sequatur,
2509 2733 2667 2788 casui

486 2831 709 2888 videtur
728 2831 1117 2904 imputandum
1141 2830 1189 2898 3⁴
1214 2849 1321 2888 nec
1349 2850 1519 2906 prava
1544 2833 1720 2889 animi
1739 2833 1996 2890 voluntas
2025 2833 2338 2890 hominem?
2351 2831 2422 2888 ad
2446 2831 2669 2888 restitu-

486 2927 696 2990 endum
726 2927 958 3003 obligat,
988 2930 1213 3001 quoties
1238 2928 1429 2987 damni
1456 2947 1630 2987 causa
1656 2950 1770 2988 non
1799 2932 2046 3006 ponitur.
2115 2932 2215 2989 Sic
2241 2930 2290 2987 si
2319 2932 2448 3002 quis
2468 2929 2672 2987 leviter

488 3026 661 3086 alium
689 3025 959 3098 impellat,
988 3037 1190 3101 optans
1218 3038 1281 3085 ut
1306 3029 1359 3085 ei
1386 3029 1580 3086 cervix
1606 3027 1976 3106 frangeretur,
2007 3030 2162 3102 quod
2180 3048 2376 3088 revera
2392 3029 2671 3104 contingit

488 3141 622 3183 casu
652 3140 885 3198 prorsus
912 3125 1225 3201 inopinate,
1256 3145 1370 3184 non
1398 3127 1619 3184 videtur
1639 3128 1708 3185 ad
1727 3128 1996 3186 damnum
2018 3128 2333 3186 haeredibus
2361 3128 2674 3186 obveniens

486 3220 866 3296 reparandum
894 3225 1093 3290 teneri,
1121 3242 1295 3295 quum
1324 3243 1439 3282 non
1467 3227 1723 3300 posuerit
1755 3229 1882 3303 ejus
1926 3247 2178 3294 causam,
2207 3227 2315 3284 sed'
2347 3227 2540 3303 potius
2579 3244 2671 3283 oc-

491 3337 800 3377 casionem.

570 3422 703 3477 176.
748 3420 845 3478 Ex
873 3419 1104 3486 damno,
1146 3421 1317 3498 culpa
1351 3421 1487 3490 levi,
1533 3423 1622 3480 vel
1655 3422 1951 3482 levissima
1990 3426 2052 3483 in
2092 3423 2284 3483 officio
2324 3421 2668 3489 exercendo,

426 3593 437 3599 ·
485 3519 843 3588 obveniente,
872 3519 1203 3578 restituendi
1220 3521 1487 3596 obligatio
1508 3539 1624 3581 non
1653 3523 1847 3590 oritur,
1877 3543 2008 3580 nam
2027 3525 2128 3596 qui
2149 3541 2358 3580 munus
2379 3532 2666 3588 exercent,

493 3608 845 3694 diligentiam
892 3629 1245 3686 consuetam,
1292 3639 1409 3679 non
1454 3630 1643 3678 autem
1689 3639 1995 3690 summam,
2033 3633 2338 3681 censentur
2381 3621 2672 3680 adhibere.

490 3715 649 3774 Hinc
678 3719 933 3777 advocati
960 3719 1059 3792 qui
1094 3738 1329 3778 munere
1370 3739 1475 3777 suo
1514 3719 1930 3795 perfunguntur
1970 3720 2288 3797 diligenter,
2330 3729 2674 3778 excusantur

490 3833 523 3870 a
548 3813 755 3874 damno
795 3816 1127 3892 reparand0‚
1169 3819 1320 3887 licet,
1363 3838 1594 3877 summa
1629 3818 1878 3877 adhibita
1915 3819 2230 3895 diligentia,
2258 3820 2437 3877 cliens
2478 3818 2674 3876 forsan

490 3923 834 3984 superasset.
920 3914 1037 3971 Sed
1064 3919 1114 3973 si
1142 3935 1423 3975 summam
1454 3918 1581 3989 quis
1622 3918 1948 3994 profiteatur
1976 3919 2256 3994 peritiam,
2293 3927 2350 3974 et
2387 3918 2678 3994 promittat

486 4007 857 4084 diligentiam,
887 4013 1083 4084 utique
1112 4017 1389 4072 tenebitur
1416 4016 1484 4073 ad
1506 4016 1732 4084 damna,
1756 4036 1903 4088 quae,
1932 4035 2000 4074 ea
2019 4018 2418 4093 praetermissa,
2441 4033 2674 4074 nascan-

490 4115 609 4162 tur:
660 4108 772 4165 nisi
815 4109 1007 4166 forsan
1045 4129 1118 4167 ex
1162 4113 1570 4170 consuetudine
1617 4115 1766 4172 dicta
1811 4115 1906 4174 illa
1947 4135 2063 4174 non
2109 4117 2398 4174 obtineant
2442 4114 2673 4191 plenam

488 4204 681 4261 fidem.
766 4207 1051 4279 Pleraque
1091 4209 1363 4284 jactando
1428 4212 1648 4286 prolata
1699 4215 1768 4272 ad
1821 4214 2132 4290 captandos
2183 4225 2454 4290 patrones
2506 4231 2673 4288 spem

490 4302 705 4360 faciunt
729 4304 1033 4380 diligentiae
1060 4309 1368 4376 consuetae,
1398 4329 1515 4369 non
1544 4324 1736 4370 autem
1751 4330 2011 4370 summae.
2068 4314 2183 4379 Qui
2205 4314 2375 4390 igitur
2389 4310 2672 4369 medicam

694 4492 779 4555 (1)
820 4487 943 4553 Cap.
964 4490 1013 4539 ii.
1036 4491 1097 4539 de
1117 4497 1268 4540 const.
1950 4499 2036 4564 (2)
2076 4496 2136 4546 L.
2157 4497 2225 4546 iii.
2245 4513 2296 4546 n.
2319 4500 2434 4545 550.

694 4577 779 4641 (3)
818 4573 1032 4636 Lessim,
1058 4580 1103 4635 §.
1125 4575 1175 4624 ii.
1198 4593 1239 4624 c.
1262 4577 1342 4626 vii.
1364 4578 1477 4628 dub.
1499 4579 1564 4628 vi.
1589 4595 1639 4627 n.
1663 4581 1744 4627 28.
1960 4583 2046 4648 (4)
2077 4581 2282 4640 Ibidem,
2303 4597 2354 4630 n.
2378 4583 2459 4628 25.
