3117 5217
613 548 734 602 200
1205 540 1318 599 DE
1363 538 1691 601 CAMBIO
1734 540 1849 599 ET
1892 538 2200 601 CENSU.

615 706 866 783 theologi
891 713 1162 773 censent3
1204 706 1466 777 quamvis
1491 707 1645 763 enim
1674 723 1745 764 eo
1772 714 1939 781 paeto
1971 709 2153 784 major
2182 708 2439 783 pecuniae
2477 722 2691 764 summa
2711 722 2769 763 ea

613 826 740 880 quoe
767 805 894 862 data
919 816 1008 861 est
1023 804 1348 880 recipiatur,
1373 814 1558 861 tamen
1578 806 1679 881 jus
1706 803 1778 863 ad
1798 822 1921 861 eam
1939 804 2324 881 recipiendam
2348 824 2451 881 per
2466 805 2557 862 illa
2572 814 2769 879 tempo-

617 924 744 964 rum
787 902 1078 961 intervalla
1098 900 1214 960 nori
1234 902 1454 960 videtur
1477 904 1722 977 pretium
1748 901 2062 961 excedere:
2094 904 2411 980 praesertim
2432 904 2483 961 si
2502 902 2688 960 damni
2710 901 2773 957 sit

614 1002 950 1081 perieulum,
979 998 1193 1059 aedibus
1213 1001 1437 1068 dirufin,
1469 1001 1561 1058 vel
1588 1000 1815 1079 proediis
1844 1001 1915 1059 ad
1940 1003 2289 1060 sterilitatem
2310 1002 2567 1060 redactiS.
2611 1000 2769 1063 Hinc,

615 1101 876 1174 quamvis
893 1098 1142 1175 theologi
1160 1099 1422 1158 nonnulli
1437 1098 1577 1157 olim
1594 1098 1899 1158 dubitarint
1916 1108 2100 1158 utrum
2114 1101 2330 1167 liceret,
2350 1118 2525 1173 quum
2542 1098 2773 1175 speeiem

615 1201 795 1257 mutui
823 1198 1139 1257 obvelatam
1167 1207 1485 1265 censerent,
1515 1199 1653 1255 vicit
1682 1199 1961 1257 sententia
1992 1197 2247 1266 adversa,
2287 1217 2459 1271 quam
2491 1198 2776 1273 probarunt

615 1298 898 1356 Martinus
922 1296 994 1353 V.
1017 1304 1076 1351 et
1095 1295 1360 1355 Calixtus
1381 1292 1523 1356 ΙΙΙ.ι
1564 1295 1821 1352 Centum
1840 1295 2198 1372 personalem
2220 1298 2393 1355 licere
2412 1295 2637 1371 plurimi
2654 1311 2771 1351 eon-

615 1395 871 1463 tendunt,
893 1394 1115 1467 quoties
1133 1396 1282 1453 bona
1299 1394 1412 1451 fide
1435 1395 1650 1473 agitur:
1679 1412 1812 1452 eum
1832 1404 2015 1451 tamen
2039 1395 2327 1470 prohibuit
2344 1396 2407 1453 S.
2428 1395 2566 1451 Pius
2592 1386 2695 1450 V.²
2709 1392 2772 1448 ob

615 1496 932 1571 perieulum
952 1494 1134 1551 mutui
1149 1492 1316 1552 velati
1335 1510 1349 1547 τ
1374 1510 1502 1564 quoe
1517 1492 1823 1570 prohibitio
1838 1494 1895 1549 in
1916 1494 2203 1569 plerisque
2220 1494 2362 1551 loeis
2380 1490 2771 1551 consuetudine

614 1594 890 1651 contraria
917 1592 1180 1667 abrogata
1207 1600 1310 1649 eet.
1355 1590 1585 1667 Ubique
1606 1592 1922 1669 cavendum
1950 1610 2021 1648 ne
2042 1591 2394 1650 conditiones
2422 1592 2532 1648 sint
2555 1591 2771 1661 iniquae,

617 1693 826 1765 quibus
853 1705 1038 1748 usurae
1065 1692 1221 1749 labes
1249 1683 1438 1749 insit.³
1519 1692 1589 1749 In
1614 1690 1823 1765 Anglia
1848 1690 1976 1767 lege
2014 1699 2238 1747 cautum
2280 1699 2369 1747 est
2408 1708 2478 1747 ne
2518 1690 2669 1747 fraus
2694 1684 2773 1743 ad-

618 1793 903 1857 mittatur;
933 1798 990 1846 et
1014 1789 1329 1847 remedium
1357 1806 1390 1843 a
1415 1791 1569 1847 curia
1596 1784 1924 1865 praebetur-⁴
2001 1787 2174 1864 Apud
2214 1806 2321 1846 nos
2348 1807 2465 1846 non
2505 1787 2645 1845 adeo
2679 1786 2772 1842 fre-

618 1908 798 1962 quens
825 1898 913 1945 est
937 1905 1143 1945 census
1171 1897 1510 1955 contractus,
1535 1905 1711 1960 quum
1738 1896 1819 1943 tot
1844 1885 1965 1944 alioe
1991 1887 2133 1944 lucri
2158 1896 2465 1964 suppetam
2487 1886 2738 1944 rationes.

689 2073 774 2136 (1)
811 2069 872 2117 In
893 2069 994 2117 suis
1015 2069 1216 2118 Extrav.
1622 2073 1707 2136 (2)
1748 2069 1955 2119 Constit-
1978 2086 2093 2119 cvm
2118 2085 2261 2120 onus.

695 2157 779 2221 (3)
819 2163 848 2186 “
865 2153 917 2201 If
941 2154 1006 2216 by
1029 2154 1110 2202 the
1133 2160 1276 2203 terme
1299 2154 1355 2202 of
1377 2154 1460 2202 the
1493 2160 1719 2213 conti-act,
1741 2154 1822 2203 the
1856 2153 2059 2204 lender’s
2078 2153 2315 2217 principal
2334 2153 2377 2201 is
2394 2152 2637 2219 bonafide
2662 2149 2769 2215 (and

630 2246 718 2290 not
738 2239 1036 2304 colourably)
1063 2244 1152 2301 put
1171 2238 1224 2287 in
1237 2238 1485 2303 jeopardy‚
1506 2254 1574 2286 no
1594 2238 1859 2301 inequality
1882 2238 1939 2286 of
1962 2235 2090 2303 priee
2111 2238 2211 2287 will
2250 2238 2392 2286 make
2436 2238 2475 2286 it
2505 2254 2534 2286 a
2569 2235 2771 2286 usurious

621 2322 868 2387 bargain.”
937 2322 1198 2371 Blackston
1238 2320 1428 2371 Comm.
1451 2322 1482 2373 l.
1505 2322 1554 2369 ii.
1577 2322 1759 2371 n.462.
2234 2340 2237 2343 ⁴
