3117 5217
492 564 611 623 314
934 558 1051 619 DE
1092 552 1708 619 CORREPTIONE
1751 556 2236 619 FRATERNA.

492 730 667 789 vitiis.
750 726 965 786 Privati
1011 726 1351 803 plerumque
1389 726 1595 785 leviter
1639 742 1878 803 peccare
1903 724 2530 794 videntnr‚.omittenda
2553 744 2684 783 cor-

488 830 779 905 reptione;
822 844 955 884 nam
994 824 1085 882 vel
1128 825 1339 883 dubius
1376 834 1467 883 est
1504 824 1742 893 fructus,
1783 826 1872 883 vel
1925 826 2208 901 correptio
2251 828 2476 897 absque
2506 828 2676 902 gravi

492 923 861 987 incommodo
896 924 1095 999 nequit
1135 925 1259 983 fieri
1300 925 1377 983 ob
1414 924 1860 992 verecundiam3
1901 924 1993 982 vel
2029 922 2168 983 alitis
2195 924 2499 983 difficultas
2525 923 2680 981 haud

492 1026 659 1086 facile
686 1034 1003 1100 superatur.
1086 1023 1229 1083 Ideo
1256 1025 1357 1097 qui
1384 1024 1708 1083 nullatenus
1741 1024 2104 1085 blandiuntur
2147 1024 2534 1101 peccantibus,
2573 1041 2682 1080 nec

488 1144 685 1185 eorum
730 1124 875 1181 fiunt
914 1134 1230 1193 consortes,
1276 1122 1433 1182 haud
1476 1123 1643 1196 facile
1693 1121 2000 1181 damnandi
2043 1134 2198 1192 sunt,
2245 1124 2297 1181 si
2363 1142 2464 1181 eos
2507 1122 2674 1181 corri-

492 1242 631 1303 pere
670 1222 823 1285 haud
866 1222 1077 1283 fuerint
1120 1224 1263 1283 ausi.
1348 1222 1443 1281 Pii
1480 1223 1588 1281 viri
1627 1241 1744 1281 non
1781 1222 1994 1281 debent
2037 1223 2377 1281 solicitiores
2419 1240 2544 1279 esse
2569 1221 2676 1277 hac

491 1326 553 1383 in
580 1342 663 1391 re,
692 1340 869 1396 quum
896 1340 1003 1381 suo
1046 1323 1317 1401 exemplo
1356 1340 1588 1399 semper
1621 1330 1894 1381 moneant
1935 1323 2357 1397 delinquentes.
2439 1329 2478 1355 ‘⁴
2497 1320 2674 1378 Notat

494 1423 843 1483 Tournelius
874 1464 889 1480 .
917 1464 931 1481 .
964 1464 979 1479 .
1008 1424 1303 1482 neminem
1328 1423 1509 1480 teneri
1534 1420 1606 1479 ad
1631 1422 2030 1497 corrigendum
2061 1424 2120 1480 in
2146 1422 2483 1479 necessitate
2521 1418 2680 1497 gravi

494 1522 774 1601 spirituali
817 1540 951 1581 cum
990 1522 1243 1599 periculo
1278 1522 1543 1580 notabilis
1595 1518 1791 1579 damni
1831 1521 2087 1589 honoris,
2116 1522 2210 1579 vel
2234 1521 2540 1585 bonorum,
2567 1518 2679 1575 nisi

494 1624 570 1682 sit
594 1632 805 1699 pastor,
836 1634 933 1679 aut
970 1621 1117 1679 alius
1144 1622 1237 1679 cui
1262 1640 1336 1679 ex
1363 1620 1554 1679 officio
1583 1621 1874 1679 incumbat
1901 1621 2132 1679 alterius
2161 1614 2392 1677 cura.”¹

577 1726 711 1779 113.
756 1720 839 1779 Ut
861 1722 1047 1798 gravis
1073 1720 1148 1777 sit
1169 1720 1521 1796 corripiendi
1554 1720 1791 1777 alterum
1833 1721 2123 1797 obligatio,
2151 1719 2320 1777 debet
2343 1718 2391 1777 I.
2421 1717 2490 1774 de
2511 1715 2683 1774 delic-

491 1832 570 1891 to,
599 1822 688 1879 vel
716 1820 789 1879 de
816 1819 1084 1897 proximo
1112 1820 1390 1896 peccandi
1418 1819 1674 1897 periculo
1701 1828 1996 1877 constare:
2040 1840 2116 1877 v:
2153 1839 2231 1897 g:
2275 1819 2348 1877 de
2375 1817 2678 1881 consortio,

492 1933 551 1979 et
582 1920 829 1978 amicitia
862 1920 1033 1995 plena
1071 1919 1329 1994 periculi.
1408 1918 1769 1993 SuperioreS,
1808 1937 1983 1990 quum
2013 1918 2258 1977 debeant
2287 1917 2582 1993 invigilare
2610 1933 2684 1971 ne

485 2020 621 2079 vitia
642 2020 908 2093 irrepant,
937 2014 1242 2088 aliquando
1271 2026 1535 2074 tenentur
1554 2019 1848 2077 communi
1877 2016 2121 2089 quadam
2161 2018 2518 2093 correptione
2549 2014 2680 2069 sub-

490 2096 639 2175 ditos
667 2134 897 2174 monere
925 2113 1139 2183 delicti,
1171 2115 1322 2188 quod
1351 2118 1985 2194 graviter-suspicantur
2002 2136 2132 2175 esse
2152 2117 2486 2175 admissum.
2567 2112 2686 2169 De-

482 2214 689 2279 lictum
716 2216 767 2273 si
783 2217 909 2294 jam
934 2216 1265 2293 poenitentia
1292 2215 1541 2274 deletum
1569 2216 1661 2283 sit,
1683 2224 1740 2273 et
1764 2216 2084 2294 periculum
2109 2214 2398 2275 relabendi
2419 2212 2684 2280 ablatum,

492 2316 849 2391 correptione
884 2334 1031 2391 opus
1066 2335 1180 2373 non
1222 2326 1342 2372 est:
1381 2314 1512 2373 ideo
1551 2324 1616 2373 ut
1661 2316 1790 2386 quis
1833 2316 1904 2373 ad
1943 2316 2366 2393 corripiendum
2412 2325 2682 2379 teneatur,

489 2422 749 2473 constare
777 2412 946 2471 debet
970 2414 1050 2471 11.
1081 2413 1349 2472 delictum
1376 2432 1495 2472 non
1526 2432 1654 2471 esse
1695 2414 2091 2482 emendatum„
2105 2434 2214 2487 nec
2239 2412 2680 2479 emendandum,

486 2514 602 2573 nisi
645 2512 927 2592 correptio
965 2512 1099 2582 fiat;
1143 2514 1233 2571 vel
1277 2515 1535 2590 relapsus
1580 2514 1892 2589 periculum
1920 2532 2070 2571 esse.
2156 2513 2272 2580 Qui
2299 2514 2457 2571 novit
2482 2530 2680 2585 quem·

484 2632 655 2690 quarn
677 2622 802 2673 ante
832 2622 1057 2689 tempus
1085 2612 1410 2672 diuturnum
1438 2615 1682 2690 graviter
1700 2611 2032 2685 deliquisse,
2062 2613 2161 2685 qui
2179 2614 2302 2691 ‘jam
2330 2614 2497 2670 bonis
2525 2610 2678 2668 vide-

487 2722 579 2772 tur
604 2714 879 2781 moribus,
912 2731 1019 2771 nec
1045 2714 1106 2770 in
1131 2713 1385 2789 periculo
1410 2713 1771 2779 constitutus„
1808 2730 1923 2769 non
1950 2722 2168 2769 tenetur
2195 2711 2266 2769 ad
2292 2731 2422 2769 eum
2451 2729 2684 2767 monen-

491 2812 649 2880 dum,
679 2823 742 2869 ut
768 2812 1157 2888 poenitentiam
1187 2820 1313 2888 agat
1334 2812 1608 2888 gravioris
1630 2809 1780 2883 quod
1810 2809 2114 2883 aliquando
2143 2810 2447 2869 admiserat
2471 2809 2681 2867 delicti.

490 2910 659 2979 Quod
690 2911 738 2966 si
766 2920 989 2968 constet
1015 2929 1146 2968 eum
1166 2909 1318 2967 haud
1346 2910 1702 2985 poenituisse,
1732 2919 1894 2967 extra
1933 2919 2121 2969 tamen
2163 2912 2526 2969 occasionem
2566 2910 2686 2985 lap-

489 3028 588 3067 sus
628 3029 783 3067 nunc
816 3010 1085 3086 positum,
1129 3006 1474 3086 probabilior
1511 3010 1808 3074 sententia,
1841 3008 2038 3085 judice
2079 3010 2143 3067 S.
2181 3010 2504 3085 Alphonso,
2535 3018 2688 3066 tenet

486 3127 619 3167 eum
647 3109 1018 3175 monendum,
1050 3110 1100 3165 si
1126 3128 1260 3185 spes
1288 3110 1362 3166 sit
1388 3109 1622 3175 sructuS,
1651 3127 1784 3165 nam
1814 3109 1912 3179 qui
1939 3118 2174 3184 peccato
2205 3110 2554 3181 inquinatam
2579 3108 2681 3165 ha·

482 3206 579 3263 bet
616 3208 882 3271 animam,
925 3208 986 3263 in
1028 3208 1185 3281 gravi
1230 3217 1485 3263 versatur
1529 3208 1887 3273 necessitate,
1931 3207 2260 3285 indigctque
2305 3207 2679 3285 correptionis

485 3303 761 3361 subsidio.
846 3301 956 3360 111.
989 3311 1026 3338 “
1045 3304 1111 3361 Si
1132 3303 1277 3361 alius
1305 3322 1464 3376 aeque
1494 3304 1738 3362 idoneus
1767 3325 1886 3363 non
1911 3307 1986 3364 sit
2011 3308 2108 3380 qui
2137 3317 2495 3384 correpturus
2523 3317 2682 3383 pute-

485 3396 687 3461 tur:''²
710 3404 760 3461 si
788 3402 940 3460 enim
968 3404 1249 3480 correptio
1277 3403 1345 3459 ab
1374 3403 1484 3460 alio
1510 3403 1626 3472 fiat,
1655 3404 2043 3465 emendationi
2067 3406 2450 3480 delinquentis
2480 3425 2681 3464 consu·

482 3503 638 3562 litur.
722 3502 830 3562 lv.
864 3509 902 3537 “
926 3502 993 3559 Si
1018 3502 1092 3559 sit
1117 3521 1251 3578 spes
1279 3502 1558 3570 fructus,’'
1588 3523 1760 3562 nemo
1787 3506 1940 3562 enim
1971 3505 2040 3562 ad
2067 3506 2265 3563 inutile
2296 3515 2531 3563 tenetur.
2614 3506 2680 3562 Si

484 3604 654 3681 igitur
694 3617 937 3681 peccans
976 3602 1365 3679 praevideatur'
1388 3604 1788 3680 corripientem
1832 3613 2144 3682 spreturus,
2175 3614 2251 3673 et,
2281 3605 2472 3663 forsan
2497 3605 2680 3681 magis

482 3714 840 3781 peccaturus,
864 3703 1069 3760 melius
1098 3703 1372 3760 omittitur
1398 3704 1699 3779 correptio.
1785 3702 1955 3770 Quod
1983 3705 2156 3761 etiam
2182 3704 2380 3762 dicunt
2403 3704 2676 3781 theologi,

482 3802 533 3859 si
559 3801 794 3860 dubium
822 3802 897 3858 sit
920 3811 1105 3859 utrum
1137 3800 1425 3877 profutura
1450 3803 1543 3870 sit,
1574 3803 1686 3861 nisi
1710 3821 1840 3859 reus
1875 3804 1934 3859 in
1963 3805 2160 3861 mortis
2201 3803 2531 3861 discrimine
2561 3822 2679 3879 ver·

480 3909 655 3967 uetur,
685 3901 777 3958 vel
790 3901 915 3959 ·nisi
944 3901 1181 3959 aliorum
1211 3900 1481 3960 damnum
1511 3902 1570 3959 in
1598 3900 1712 3959 fide
1741 3903 1831 3960 vel
1857 3902 2107 3960 moribus
2135 3922 2210 3961 ex
2251 3904 2564 3961 omissione
2588 3918 2678 3959 se-

481 4008 705 4072 quatur.
816 4008 853 4033 “
874 3999 1109 4058 Addunt
1140 3998 1656 4079 ‘salmanticenses
1709 4001 2138 4059 concionatores
2207 4003 2385 4067 teneri
2451 4008 2684 4078 peccata

477 4095 705 4175 publica
742 4098 1181 4173 reprehendere,
1212 4098 1436 4157 etiamsi
1464 4100 1595 4159 ideo
1635 4099 1842 4159 damna
1873 4100 2093 4175 privata
2134 4102 2452 4159 timeantur.
2539 4099 2674 4171 Hoc

478 4206 665 4257 tamen
694 4195 1145 4273 intelligendum,
1176 4198 1225 4255 si
1253 4216 1327 4256 ex
1354 4198 1801 4275 reprehensione
1831 4200 2035 4271 aliquis
2065 4200 2282 4258 fructus
2310 4210 2588 4275 speretur,
2621 4208 2678 4255 et

883 4398 968 4467 (1)
1010 4397 1061 4446 S.
1085 4398 1385 4461 Alphonsun,
1406 4400 1438 4449 1.
1461 4398 1509 4449 ii.
1532 4401 1694 4451 Tract.
1718 4400 1785 4450 iii.
1809 4400 1920 4451 dub.
1943 4402 2006 4450 iv-
2029 4417 2078 4449 n.
2105 4402 2186 4449 39.
2209 4401 2280 4451 iii.

889 4486 973 4551 (⁴2)
1014 4482 1361 4543 Busembaum,
1385 4485 1515 4549 apud
1536 4485 1592 4535 S.
1614 4480 1943 4551 Alphonsuin,
1965 4486 2160 4535 ibidem.
