3117 5217
1177 574 1290 635 DE
1337 574 1587 635 VOTo.
2356 584 2475 639 229

310 756 466 813 prava
503 740 728 799 irretitis
768 749 962 799 votum
1003 759 1120 799 non
1164 742 1440 817 peccandi
1465 740 1781 801 remedium
1806 750 1895 800 est
1932 744 2173 819 periculi
2200 744 2471 820 plenum:

309 836 458 897 facile
484 840 637 897 enim
663 842 868 899 iterum
893 840 1175 900 labuntur.

378 942 471 997 27.
514 938 734 1014 Magna
757 957 916 998 mora
939 941 1001 997 in
1027 938 1319 1015 implendo
1345 947 1478 999 voto
1517 958 1747 1015 gravem
1788 939 2006 999 inducit
2042 942 2292 1017 culpam.
2376 943 2475 1002 Ex

306 1035 509 1109 judicio
535 1047 722 1095 autern
749 1038 1089 1113 prudentum
1116 1058 1244 1110 quae
1283 1038 1480 1097 dilatio
1519 1057 1727 1115 magna
1752 1040 1845 1107 sit,
1874 1040 2325 1116 dignoscendum
2366 1052 2471 1099 est.

313 1132 542 1193 Differre
569 1134 718 1194 ultra
740 1136 884 1197 duos
912 1137 1003 1194 vel
1031 1146 1144 1195 tres
1171 1156 1354 1195 annos
1385 1138 1611 1215 jejunia
1636 1156 1765 1211 quae
1794 1140 1946 1199 vovit
1970 1140 2101 1211 quis
2132 1158 2197 1197 se
2222 1150 2473 1199 servatu-

313 1242 498 1302 turum,
527 1235 750 1293 videtur
773 1254 943 1311 grave
967 1246 1286 1312 peccatum,
1315 1238 1632 1312 praesertim
1658 1238 1709 1295 si
1748 1247 1973 1314 tempus
2000 1238 2261 1299 vovendo
2286 1240 2475 1317 desig·-

314 1334 530 1391 navet-it.

382 1436 472 1491 28.
494 1433 648 1491 Vota
651 1431 942 1511 Ρωπαῖἰα,
961 1434 1162 1505 quibus
1185 1434 1314 1505 quis
1327 1452 1392 1491 se
1409 1434 1623 1511 obligat
1634 1433 1705 1493 ad
1724 1454 1973 1510 poenam,
1988 1435 2039 1493 si
2055 1454 2177 1493 rem
2192 1436 2475 1508 quandam

319 1528 510 1600 fecerit,
547 1552 619 1589 v:
647 1553 723 1610 g:
777 1534 830 1590 si
867 1534 1066 1591 luserit
1103 1534 1261 1601 aleis,
1291 1534 1382 1591 vel
1423 1535 1583 1609 potui
1624 1533 1939 1602 indulserit,
1966 1546 2159 1593 sancte
2202 1536 2481 1593 servanda

223 1614 229 1623 ⁶
321 1640 448 1688 sunt.
515 1632 720 1689 Utrum
751 1641 939 1691 autem
965 1650 1138 1709 poena
1161 1631 1454 1691 subeunda
1479 1634 1554 1690 sit
1590 1634 1776 1709 prima
1800 1642 2013 1691 tantum
2043 1633 2188 1701 vice,
2218 1634 2311 1691 vel
2336 1652 2477 1705 quo·

321 1727 411 1785 ties
435 1732 558 1803 quis
585 1751 618 1787 a
643 1732 938 1807 proposito
963 1730 1252 1799 defecerit,
1281 1750 1356 1789 ex
1383 1732 1575 1789 animo
1602 1733 1861 1791 voventis
1887 1731 2117 1808 pendet.
2178 1721 2187 1729 ’

388 1832 478 1885 29.
515 1832 567 1889 Α
586 1826 732 1889 votis
759 1830 1046 1889 solvendis
1074 1832 1402 1898 liberamur,
1423 1831 1474 1887 si
1494 1831 1611 1889 voti
1636 1833 1889 1898 materia,
1916 1832 2145 1891 mutatis
2174 1829 2478 1907 adjunctis,

325 1924 406 1982 fiat
427 1927 645 1987 illicita:
687 1939 1032 2006 quapropter
1057 1930 1156 2003 qui
1190 1940 1322 2006 post
1359 1930 1631 1987 castitatis
1658 1939 1849 1989 votum
1892 1948 2131 1989 uxorem
2170 1929 2353 1996 duxit,
2382 1948 2479 2005 pe·

325 2026 443 2082 tenti
465 2026 714 2087 debitum
741 2027 976 2085 reddere
1003 2038 1242 2095 tenetur,
1263 2048 1336 2087 ne
1354 2030 1454 2106 jus
1481 2029 1731 2087 alienum
1754 2028 1959 2087 violet:
1988 2030 2269 2087 abstinere
2289 2036 2479 2087 tamen

325 2141 354 2177 a
373 2127 599 2198 petendo
627 2128 752 2203 ipse
781 2128 966 2185 debet.
1049 2128 1194 2185 Item
1235 2128 1286 2184 si
1325 2129 1694 2203 superveniat
1728 2130 2167 2196 circumstantia,
2196 2147 2311 2200 qua
2336 2146 2477 2205 proe·

325 2222 430 2280 visa
455 2238 636 2285 votum
665 2236 818 2283 certe
843 2244 960 2285 non
987 2226 1190 2284 fuisset
1222 2226 1518 2293 emissum,
1559 2228 1751 2302 plures
1781 2236 2019 2285 censent
2042 2227 2159 2283 voti
2184 2226 2479 2301 obligatio-

321 2338 434 2379 nem
457 2323 734 2384 desinere.
817 2323 1160 2383 Cavendum
1187 2335 1378 2383 tamen
1417 2342 1490 2383 ne
1533 2325 1657 2383 haec
1698 2301 2086 2404 intelligantdr
2126 2324 2196 2383 de
2238 2325 2387 2383 votis
2414 2325 2475 2383 in

325 2419 452 2478 facie
475 2423 750 2499 Ecclesiae
777 2426 1006 2483 emissis
1026 2443 1042 2491 ;
1083 2422 1176 2481 vel
1197 2423 1268 2481 de
1293 2426 1735 2483 circumstantiis
1762 2444 1889 2497 quoe
1913 2427 2103 2483 levem
2130 2425 2385 2483 animum
2406 2422 2477 2483 ad

327 2522 658 2596 propositum
683 2521 1060 2581 deserendum
1087 2515 1440 2599 impellunt.¹

389 2623 480 2678 30.
521 2622 636 2687 Qui
661 2621 870 2679 habent
895 2631 1226 2698 potestatem
1269 2622 1332 2679 in
1357 2622 1705 2679 voluntatem
1732 2620 1983 2687 alterius,
2012 2630 2143 2677 vota
2168 2619 2321 2677 illius
2348 2636 2480 2692 pos-

323 2727 440 2776 sunt
471 2721 717 2778 irritare:
759 2731 1106 2798 quapropter
1143 2732 1322 2797 pater,
1350 2720 1442 2777 vel
1470 2720 1570 2791 qui
1610 2720 1787 2795 patris
1814 2719 1967 2775 vices
1997 2718 2161 2794 gerit,
2188 2736 2260 2775 eo
2286 2716 2483 2773 defici·
2574 2720 2577 2723 ’

323 2826 452 2885 ente,
491 2839 560 2878 v:
589 2839 668 2897 g:
711 2838 850 2877 avus
896 2830 1184 2895 paternus,
1226 2819 1317 2876 vel
1362 2828 1532 2885 tutor,
1580 2818 1733 2875 valet
1772 2817 1983 2875 irritare
2026 2815 2338 2891 impuberis
2380 2814 2485 2875 filii

323 2924 452 2975 vota.
507 2919 664 2995 Lege
689 2919 866 2976 veteri
891 2919 1099 2995 puella,
1145 2928 1302 2994 patre
1337 2917 1785 2985 contradicente,
1814 2934 1933 2974 non
1974 2916 2268 2975 tenebatur
2294 2908 2483 2973 νοω.2

323 3014 579 3093 Superior
617 3019 676 3075 in
701 3017 972 3094 religioso
1017 3017 1217 3076 ordine
1261 3017 1476 3073 irritare
1515 3017 1685 3073 etiam
1712 3024 1899 3091 potest
1924 3016 2321 3090 religiosorum
2348 3022 2480 3071 vota

320 3128 438 3189 post
459 3117 874 3193 professionem
901 3118 1151 3184 emissa;
1195 3135 1328 3173 nam
1371 3124 1412 3151 ‘⁸
1433 3115 1494 3172 in
1525 3132 1727 3173 eorum
1766 3122 1901 3172 voto
1939 3114 2271 3190 intelligitur
2296 3111 2485 3191 debita

321 3215 575 3284 conditio,
605 3216 846 3284 scilicet,
875 3216 925 3273 si
949 3217 1069 3274 suis
1097 3215 1484 3291 superioribus
1504 3214 1799 3291 placuerit,
1821 3213 1913 3271 vel
1936 3233 2053 3273 non
2079 3203 2487 3271 renitantur.”³

323 3312 520 3374 Uxoris
545 3324 699 3383 vota,
727 3314 926 3373 saltem
951 3316 1004 3372 si
1031 3313 1422 3392 praejudicium
1459 3332 1569 3371 suo
1598 3315 1718 3391 juri
1744 3312 2000 3381 afferant,
2042 3314 2275 3391 maritus
2303 3308 2485 3368 valide

321 3408 526 3473 irritat.⁴
607 3414 892 3473 Puberum
919 3414 1166 3472 filiorum
1194 3416 1334 3471 vota'
1347 3414 1563 3471 irritare
1588 3414 1761 3471 etiam
1786 3411 2059 3470 indirecte
2087 3420 2277 3487 potest
2301 3418 2480 3485 pater,

325 3571 470 3619 would
489 3578 576 3621 not
597 3571 881 3633 necessarily
903 3570 1065 3619 follow
1087 3568 1210 3619 their
1231 3568 1477 3631 marrying
1500 3582 1625 3616 even
1646 3564 1768 3614 with
1788 3565 2037 3623 heathens,
2062 3580 2115 3612 as
2138 3578 2337 3626 appears
2356 3561 2482 3609 from

333 3658 354 3701 l
378 3655 470 3706 Cor
503 3657 584 3705 vii.
613 3659 691 3705 14.
715 3690 728 3704 .
752 3689 765 3704 .
789 3690 803 3704 .
826 3655 1101 3725 According
1123 3654 1278 3703 to-the
1301 3668 1440 3701 sense
1463 3652 1501 3700 it
1522 3651 1694 3700 carries
1716 3649 1769 3698 in
1791 3649 1874 3698 the
1897 3649 2073 3697 second
2108 3645 2486 3711 interpretation,

331 3738 364 3786 it
377 3740 414 3787 is
428 3756 537 3804 very
556 3747 652 3804 apt.
722 3739 838 3787 And
856 3738 936 3787 the
953 3738 1127 3801 phrase
1151 3738 1344 3791 ἀθετεῖν
1369 3738 1460 3805 τὴν
1482 3733 1619 3799 aig-w
1642 3732 1684 3781 is
1698 3732 1923 3794 frequent
1944 3731 1997 3779 in
2011 3731 2094 3779 the
2120 3732 2257 3779 latter
2272 3727 2489 3777 classical

333 3823 510 3884 writers,
531 3823 629 3875 and
651 3823 734 3872 the
755 3823 1060 3887 Septuagint-
1129 3822 1310 3873 Indead
1329 3822 1416 3870 the
1435 3820 1597 3869 words
1616 3816 1879 3881 preceding
1900 3814 2143 3879 evidently
2166 3814 2327 3864 allude
2350 3820 2401 3863 to
2424 3828 2489 3862 an

329 3914 638 3977 engagement
659 3914 712 3960 to
731 3905 960 3975 celibacy,
981 3908 1080 3957 and
1113 3908 1344 3957 therefore
1367 3912 1418 3955 to
1439 3903 1552 3956 that
1573 3903 1655 3953 the
1677 3899 1847 3957 κίστη·
1869 3916 1983 3964 may
2006 3907 2134 3949 most
2166 3900 2405 3963 naturally
2428 3900 2487 3947 be

329 3995 524 4045 referred.
544 4029 559 4044 .
584 4028 597 4043 .
621 4028 634 4043 .
657 3992 769 4043 The
790 3992 1053 4062 xpipawill
1075 3991 1190 4041 thus
1219 4007 1364 4043 mean
1385 3988 1782 4047 condemnantem,
1798 4000 1958 4035 severe
1981 4000 2197 4043 censure,
2214 3984 2313 4035 and
2332 3982 2490 4044 nia-e„

331 4093 358 4125 a
375 4080 545 4131 solemn
567 4086 900 4141 engagement,
921 4078 1127 4143 perhaps
1152 4078 1218 4141 by
1240 4074 1398 4124 vow,''
1467 4075 1533 4124 In
1556 4072 1735 4125 Iocum.

394 4166 471 4230 (1)
506 4164 631 4214 Vide
654 4164 944 4230 Cajetanum
965 4163 1018 4212 in
1041 4162 1262 4221 Summa,
1302 4178 1347 4211 v.
1381 4164 1571 4220 votum,
1604 4166 1654 4207 et
1688 4156 1817 4223 apud
1851 4156 2034 4221 Mayol.
2059 4156 2199 4224 Etp-
2222 4156 2321 4208 Sec.
2335 4171 2489 4223 praec.
2590 4212 2594 4215 .

337 4262 408 4308 qn.
427 4248 472 4297 ii.
493 4256 575 4298 art.
597 4249 646 4298 ii.
672 4252 719 4308 ς.
742 4251 790 4297 3.
808 4263 996 4315 quaeres
1012 4245 1241 4297 secundo.

397 4333 472 4397 (ai
507 4332 659 4383 Num.
681 4348 802 4381 xxx.
825 4334 872 4381 6.

398 4419 473 4482 (3)
509 4419 559 4467 S.
580 4416 817 4479 Thomas,
839 4422 888 4468 2.
909 4421 999 4469 2³0.
1024 4434 1106 4481 qu.
1127 4414 1350 4467 lxxxviii.
1373 4422 1459 4465 art.
1479 4414 1579 4465 viii.
1652 4412 1736 4465 Ad
1753 4427 2011 4479 quartum.

402 4503 478 4570 (4)
511 4504 562 4553 N
563 4520 662 4553 um.
685 4518 806 4553 111.
829 4504 878 4551 9.

470 4598 616 4659 Vor..
646 4600 885 4658 11.-21
