3117 5217
510 601 622 656 102
865 596 978 658 DE
1021 597 1285 656 FAMAE
1326 597 1443 656 ET
1486 596 1866 657 HONORIS
1907 595 2326 656 LAESIONE.

507 785 673 826 secus
700 768 751 825 si
778 767 1088 826 reserantur
1112 766 1375 836 diversis,
1404 768 1503 840 qui
1530 767 1638 824 sibi
1665 767 1914 825 invicem
1933 785 2050 826 non
2070 777 2202 824 sunt
2218 767 2691 825 communicaturi

512 866 789 924 notitiam.

594 969 729 1023 156.
770 964 1063 1024 Doti-actio
1087 965 1277 1023 omnis
1304 964 1561 1042 ejusdem
1589 965 1804 1040 speciei
1843 983 1971 1022 esse
2012 964 2268 1041 pluribus
2297 963 2582 1040 theologis
2609 965 2690 1022 vi·

510 1065 691 1131 detur,
736 1082 913 1136 quum
962 1074 1076 1122 tota
1114 1065 1240 1140 ejus
1268 1064 1481 1122 malitia
1520 1083 1555 1121 a
1597 1064 1750 1122 sama
1793 1064 1928 1120 laesa
1971 1062 2287 1131 derivetur3
2328 1063 2472 1122 ratio
2495 1073 2688 1120 ‘autem

508 1163 733 1222 diversa
758 1182 871 1236 qua
896 1163 1137 1232 laeditur,
1166 1164 1387 1241 injuriae
1418 1172 1477 1220 et
1518 1163 1736 1239 peccati
1778 1163 2107 1239 gravitatem
2137 1164 2331 1231 variat,
2361 1163 2554 1238 specie
2593 1161 2690 1218 de-

507 1263 627 1321 licti
654 1261 805 1320 haud
832 1273 1060 1321 mutata.
1144 1263 1339 1321 Nemo
1366 1262 1582 1320 dubitat
1620 1262 1846 1338 gravius
1888 1262 2112 1337 peccari
2137 1260 2416 1320 sacerdoti
2441 1261 2690 1337 impudi-

508 1362 699 1420 citiam
720 1360 1063 1438 objiciendo,
1084 1381 1253 1435 quam
1276 1363 1437 1430 iram,
1454 1362 1545 1419 vel
1563 1361 1906 1436 superbiam,
1923 1361 2015 1418 vel
2035 1363 2290 1438 pecuniae
2308 1359 2686 1438 emungendae

508 1459 779 1520 studium.
1953 1455 1962 1464 ⁰

594 1563 727 1620 157.
771 1559 1107 1636 Reparanda
1148 1571 1237 1619 est
1272 1562 1423 1619 fama
1462 1561 1533 1618 ab
1573 1579 1644 1617 eo
1687 1560 1786 1632 qui
1812 1559 1968 1616 alteri
2011 1558 2272 1627 detraxit,
2315 1559 2536 1618 meliori
2578 1577 2690 1630 qua

507 1659 633 1717 fieri
659 1662 909 1737 potuerit
934 1661 1182 1728 ratione;
1228 1660 1409 1718 “ine
1438 1659 1735 1717 mendacio
1777 1654 2061 1716 tamen.’'²
2139 1659 2357 1716 Poterit
2383 1675 2693 1735 agnoscere

508 1777 571 1816 se
598 1767 809 1818 temere
836 1761 1111 1827 locutum,
1139 1769 1195 1816 et
1223 1761 1345 1835 jam
1371 1768 1634 1816 revocata
1670 1755 1930 1814 habenda
1954 1776 2080 1831 quae
2109 1758 2420 1834 protulerit.
2506 1757 2686 1815 Dotes

509 1860 681 1918 etiam
706 1878 837 1938 quae
864 1857 1028 1916 laude
1048 1857 1233 1934 dignae
1260 1867 1395 1914 sunt
1417 1858 1628 1933 poterit
1651 1873 1972 1924 recensere,
1995 1866 2249 1932 utquam
2277 1858 2416 1915 alias
2441 1855 2686 1924 abstulit,

506 1957 716 2015 samam
736 1957 909 2014 altera
934 1975 1009 2012 ex
1035 1967 1193 2032 parte
1221 1965 1459 2032 reparet.
1504 1955 1794 2014 Caeterum
1813 1975 1930 2014 non
1951 1965 2170 2014 tenetur
2195 1955 2261 2014 ad
2291 1957 2458 2014 famae
2487 1957 2690 2015 alienae

506 2059 924 2132 reparationem
953 2072 1085 2113 cum
1112 2055 1240 2113 vitoe
1268 2054 1556 2130 periculo;
1599 2055 1704 2113 sed
1749 2065 1990 2123 tenetur,
2017 2057 2154 2114 licet
2187 2055 2352 2114 famae
2379 2075 2496 2114 suae
2523 2055 2694 2114 detri-

506 2167 761 2214 mentum
788 2152 921 2213 inde
941 2173 1212 2232 passurus
1239 2155 1331 2212 sit.
2550 2215 2560 2222 ,

592 2259 726 2314 158.
770 2255 983 2313 Praeter
1006 2255 1171 2314 famae
1199 2255 1622 2323 detrimentum,
1665 2273 1817 2331 saepe
1857 2253 2063 2314 damna
2101 2255 2210 2312 alia
2250 2265 2575 2323 nascuntur,
2611 2275 2686 2315 ex

506 2354 850 2413 detractione
878 2363 935 2412 et
958 2354 1279 2422 calumniis,
1302 2373 1429 2426 quae
1456 2356 1652 2412 omnia
1677 2353 1986 2430 reparanda
2011 2363 2146 2414 sunt
2170 2355 2239 2412 ab
2265 2373 2334 2412 eo
2361 2356 2460 2427 qui
2485 2373 2684 2414 eorum

508 2453 615 2513 fuit
638 2472 811 2511 causa
836 2455 1065 2531 injusta.
1150 2455 1266 2521 Qui
1294 2454 1465 2530 igitur
1503 2454 1786 2511 malitiose
1817 2452 2118 2530 impedivit
2135 2473 2208 2512 ne
2235 2463 2553 2513 contractus
2581 2456 2690 2513 ini·

504 2563 660 2612 retur
685 2572 816 2612 cum
856 2561 1188 2622 mercatore,
1218 2554 1317 2628 qui
1363 2554 1670 2611 honestum
1709 2553 1925 2612 lucrum
1973 2553 2108 2611 inde
2135 2563 2507 2630 percepturus
2547 2565 2684 2622 erat,

506 2652 677 2712 debet
701 2672 804 2729 pro
832 2652 973 2712 lucri
998 2654 1369 2730 aestimatione
1404 2655 1459 2712 ei
1499 2652 1840 2710 satisfacere.
1925 2653 2040 2718 Qui
2069 2652 2243 2710 alium
2284 2654 2528 2729 privavit
2565 2673 2686 2712 mu-

506 2772 663 2821 nere,
706 2753 957 2810 fraudem
998 2753 1053 2808 ei
1096 2752 1240 2810 salso
1286 2751 1638 2828 imputand0‚
1685 2759 1906 2808 tenetur
1957 2751 2026 2809 ad
2072 2751 2536 2810 satisfaciendum
2581 2771 2688 2828 pro

506 2852 877 2910 emolumenti
904 2850 1101 2906 amissi
1126 2852 1364 2909 ratione.
1448 2850 1609 2908 Idem
1653 2848 1958 2907 dicendum
2001 2852 2051 2908 si
2093 2851 2380 2909 occultum
2419 2851 2686 2909 delictum

506 2961 719 3008 temere
768 2949 936 3005 suerit
976 2947 1285 3006 revelatum
1310 2969 1325 3006 :
1370 2949 1629 3021 quamvis
1675 2950 1828 3007 enim
1871 2951 2131 3009 nonnulli
2171 2949 2574 3018 contradicant,
2617 2970 2686 3008 eo

501 3046 659 3121 quod
684 3047 954 3104 delictum
980 3047 1331 3106 censendum
1372 3048 1447 3105 sit
1471 3047 1664 3105 damni
1707 3067 1897 3116 causa,
1925 3045 2127 3125 ’placet
2153 3061 2343 3107 tamen
2370 3045 2590 3107 Lessii²
2627 3058 2680 3106 et

500 3148 902 3224 plerorumque
922 3146 1319 3222 theologorum
1342 3148 1620 3204 sententia
1639 3147 2036 3206 affirmantium
2057 3148 2460 3208 revelationem
2489 3148 2680 3207 delicti

502 3265 630 3304 esse
658 3262 886 3301 causam
916 3242 1129 3311 damni,
1158 3265 1290 3304 nam
1316 3246 1427 3324 hoc
1462 3264 1580 3302 non
1621 3247 1992 3322 contingeret,
2021 3247 2225 3306 delicto
2252 3247 2403 3305 haud
2429 3249 2678 3324 cognito.

504 3345 570 3401 Si
597 3343 767 3420 igitur
792 3344 998 3411 virum,
1028 3343 1127 3415 qui
1153 3345 1364 3420 probus
1384 3346 1505 3420 jam
1548 3345 1641 3413 sit,
1671 3343 1861 3402 delicti
1888 3345 2041 3420 quod
2085 3357 2211 3404 ante
2253 3367 2433 3405 annos
2474 3347 2687 3421 aliquot

500 3440 716 3502 secreto
742 3441 970 3500 admisit
988 3442 1324 3512 incusando,
1348 3443 1549 3501 faciam
1570 3454 1633 3501 ut
1657 3463 1891 3502 munere
1917 3446 2246 3514 dimittatur,
2268 3447 2321 3503 ei
2343 3445 2681 3505 satisfaciam

502 3552 744 3620 oportet.
808 3542 876 3600 In
902 3541 1125 3600 damnis
1153 3543 1501 3601 aestimandis
1528 3562 1663 3619 spes
1688 3544 1834 3601 lucri
1854 3564 1970 3603 non
1999 3546 2134 3602 tanti
2162 3547 2488 3614 aestimatur,
2512 3565 2685 3619 quan-

504 3646 545 3702 ti
570 3644 791 3702 lucrum
823 3643 1046 3718 ipsum:
1090 3651 1147 3699 et
1170 3642 1379 3700 laboris
1406 3652 1463 3699 et
1488 3643 1900 3701 incertitudinis
1930 3644 2190 3702 habenda
2215 3655 2304 3703 est
2325 3647 2486 3703 ratio.

584 3746 717 3799 159.
761 3741 1073 3800 Audientes
1100 3741 1529 3809 detractionem,
1556 3743 1608 3799 si
1635 3761 1874 3801 munere
1899 3762 2006 3802 suo
2034 3753 2328 3803 teneantur
2353 3763 2479 3800 eam
2505 3745 2683 3820 impe-

499 3842 642 3907 dire,
672 3850 912 3914 peccant
936 3859 1051 3898 non
1078 3841 1464 3918 impediendo,
1504 3860 1679 3913 quum
1712 3842 1950 3919 possint.
2035 3843 2134 3901 Sic
2163 3845 2422 3921 superior
2447 3842 2680 3902 audiens

495 3937 781 3996 subditum
810 3937 1123 4007 detrahere,
1147 3951 1303 4014 pater
1327 3941 1530 4008 filium,
1558 3939 1725 3998 debet
1749 3959 1878 3999 eum
1911 3943 2215 4017 corripere.
2301 3943 2400 4000 Sic
2427 3951 2482 3998 et
2500 3940 2680 4018 judex

494 4037 829 4096 advocatum
858 4044 1067 4093 temere
1094 4036 1485 4096 detrahentem
1514 4040 1702 4108 alicui,
1733 4042 1948 4112 absque
1975 4041 2093 4098 ullo
2119 4041 2188 4099 ad
2209 4042 2366 4099 litem
2396 4051 2678 4117 respectu,

494 4135 663 4194 debet
688 4132 755 4190 ad
782 4151 969 4190 causae
1010 4132 1425 4193 discussionem
1467 4156 1756 4196 revocare.
1843 4139 2132 4197 Caeterum
2161 4141 2259 4214 qui
2300 4141 2537 4216 negligit
2561 4159 2682 4198 cor-

826 4339 911 4403 (1)
951 4337 1005 4385 S.
1028 4337 1211 4386 Thom.
1235 4342 1351 4388 2.·2.
1375 4357 1455 4404 qu.
1478 4342 1582 4390 lxii.
1606 4344 1721 4392 a.·ii.

822 4423 905 4488 (2)
946 4421 1022 4472 De
1042 4421 1261 4472 Justitia
1278 4428 1325 4474 et
1344 4425 1487 4485 Jure,
1512 4431 1559 4484 ς.
1581 4427 1632 4476 11.
1654 4443 1759 4492 cap.
1781 4428 1848 4477 xi.
1873 4430 1986 4478 dub.
2009 4431 2110 4480 xix.
2134 4447 2184 4480 11.
2214 4435 2325 4482 104.
