3117 5217
533 576 654 631 242
1287 568 1402 627 DE
1446 566 1979 628 SACRILEGIO.

535 737 862 797 Ecclesiam
889 736 1190 811 pertinent,
1217 734 1308 793 vel
1337 736 1396 793 in
1423 735 1550 811 ejus
1576 752 1745 793 usum
1784 737 1899 793 sint
1922 732 2299 802 commodata,
2328 736 2434 793 emi
2460 753 2579 792 non
2606 733 2732 791 fue·

535 838 648 895 rint
673 834 990 901 benedicta,
1017 834 1068 891 si
1095 834 1226 906 quis
1251 833 1401 891 furto
1439 850 1514 891 ex
1553 835 1681 909 ipsa
1724 834 2034 901 abstulerit,
2064 833 2348 909 sacrilegii
2386 852 2517 891 reus
2553 851 2731 908 agno-

537 936 729 1001 scitur,
757 952 873 993 non
899 946 1122 991 sacrum
1149 930 1220 991 de
1246 948 1410 990 sacro
1449 932 1777 991 auferendo.
1861 932 2162 990 Dubitatur
2200 940 2386 990 autem
2424 941 2613 992 utrum
2652 950 2730 988 eo

536 1052 598 1092 se
627 1034 840 1091 scelere
867 1032 1136 1109 astringat
1157 1032 1260 1104 qui
1284 1048 1374 1089 res
1415 1048 1571 1089 mere
1606 1031 1893 1107 profanae,
1920 1049 1991 1087 v:
2033 1050 2103 1107 g:
2146 1030 2339 1089 divitis
2366 1048 2725 1095 crumenam,

537 1152 613 1191 ex
651 1131 894 1189 ecclesia
931 1130 1162 1188 furatur.
1246 1129 1554 1188 Affirmans
1596 1131 1873 1188 sententia
1910 1129 2256 1206 probabilior
2306 1128 2370 1186 S.
2422 1130 2733 1205 Alphonso

537 1226 808 1288 videtur.¹
889 1230 1006 1287 Per
1031 1239 1186 1286 actus
1214 1238 1402 1287 autem
1431 1246 1587 1286 mere
1614 1231 1867 1287 internos
1896 1247 2008 1285 non
2026 1227 2267 1286 violatur
2282 1229 2545 1285 sanctitas
2566 1227 2683 1284 loci
2706 1246 2723 1293 ;

537 1328 782 1401 ideoque
823 1348 1010 1405 pravae
1050 1330 1420 1405 cogitationes
1463 1328 1673 1399 q'uibus
1714 1329 1842 1399 quis
1886 1328 1943 1385 in
1984 1327 2227 1385 ecclesia
2266 1327 2517 1393 indulsit,
2546 1326 2723 1382 sacri·

535 1428 675 1505 legii
701 1427 975 1485 malitiam
1003 1446 1121 1485 non
1159 1426 1384 1485 habent.
1469 1426 1587 1493 Qui
1625 1426 1937 1503 effringunt
1974 1426 2268 1493 ecclesias,
2310 1436 2367 1482 et
2402 1444 2494 1482 res
2534 1442 2728 1481 sacras

535 1527 708 1585 simul
733 1524 1024 1603 diripiunt,
1053 1527 1644 1590 excommunicatione
1672 1527 1801 1601 ipso
1827 1525 1973 1583 facto
1998 1520 2296 1601 ligantur.²

621 1631 718 1682 54.
749 1624 932 1683 Reale
960 1625 1335 1701 Sacrilegium
1365 1635 1451 1681 est
1477 1644 1665 1682 rerum
1694 1642 1982 1684 sacrarum
2011 1624 2245 1701 indigna
2272 1623 2545 1680 tractatio.
2591 1620 2729 1679 Hoc

549 1724 848 1782 admittunt
874 1725 972 1796 qui
1011 1733 1364 1781 sacramenta
1396 1722 1626 1799 indigne
1674 1724 2013 1789 ministrant,
2043 1724 2133 1780 vel
2161 1723 2500 1797 suscipiunt.
2586 1721 2736 1777 Item

541 1826 640 1896 qui
680 1844 841 1881 sacra
869 1842 1001 1879 vasa
1027 1825 1087 1881 in
1114 1823 1353 1898 profano
1392 1824 1658 1880 convivio
1705 1822 2017 1887 adhiberet,
2056 1822 2341 1897 sacrilegii
2386 1839 2517 1878 reus
2558 1819 2722 1877 foret.

541 1922 830 1979 Caeterum
879 1922 926 1977 si
973 1939 1062 1976 res
1103 1939 1275 1977 sacrae
1315 1920 1385 1976 ad
1427 1939 1793 1979 communem
1841 1922 2134 1978 materiam
2180 1918 2540 1985 reducantur,-
2581 1936 2634 1975 ν.
2658 1937 2718 1994 g.

537 2020 686 2077 calix
726 2020 796 2076 ad
841 2037 1206 2076 communem
1251 2036 1498 2077 massam
1544 2021 1804 2095 argenti3
1854 2020 2117 2076 videntur
2157 2038 2331 2095 posse
2359 2018 2430 2075 ad
2456 2017 2728 2093 profanos

538 2136 677 2177 usus
706 2118 992 2176 converti:
1039 2136 1138 2175 eas
1166 2127 1374 2183 autem,
1403 2117 1461 2173 in
1492 2120 1721 2195 propria
1760 2119 1946 2176 forma
1987 2129 2298 2185 manentes,
2328 2136 2442 2174 non
2480 2118 2615 2173 licet
2654 2114 2728 2171 ad

536 2219 855 2290 usum,·qui
885 2235 1048 2274 sacer
1073 2236 1189 2275 non
1216 2218 1307 2283 sit,
1337 2227 1688 2274 convertere.
1774 2226 1813 2253 ‘⁶
1836 2218 2041 2273 Altaris
2082 2218 2250 2293 palla,
2281 2216 2637 2282 candelabra,
2666 2224 2726 2270 et

535 2318 750 2383 velum,
792 2318 842 2374 si
887 2316 1096 2373 fuerint
1140 2325 1417 2372 vetustate
1465 2326 1823 2391 consumpta,
1873 2316 2135 2379 incendio
2174 2316 2396 2381 dentur,
2446 2316 2579 2386 quia
2606 2332 2723 2371 non

538 2416 672 2472 licet
699 2434 786 2482 ea,
817 2433 942 2485 quae
970 2415 1028 2471 in
1049 2415 1292 2471 sacrario
1321 2414 1548 2481 suerint,
1594 2414 1741 2471 male
1782 2418 2025 2481 tractari,
2054 2415 2155 2472 sed
2176 2415 2438 2473 incendio
2462 2415 2726 2471 universa

545 2508 934 2571 traduntur.”³
991 2514 1090 2570 Sic
1119 2526 1174 2570 et
1199 2514 1439 2570 ecclesia
1465 2523 1812 2581 consecrata,
1836 2533 1961 2585 quae
1989 2524 2262 2571 vetustate
2290 2514 2470 2571 diruta
2490 2514 2582 2579 sit,
2614 2530 2729 2568 non

541 2625 629 2671 est
650 2614 718 2671 ad
734 2612 1005 2689 profanos
1028 2632 1168 2670 usus
1185 2612 1589 2679 transferenda,
1611 2632 1716 2669 nec
1738 2606 2085 2679 vendenda3⁴
2105 2614 2207 2671 sed
2230 2615 2285 2670 in
2306 2613 2434 2670 loco
2463 2608 2729 2687 erigenda

539 2723 627 2769 est
650 2733 810 2771 crux.
897 2712 1138 2788 Indigna
1165 2713 1417 2769 tractatio
1445 2713 1811 2784 reliquiarum
1842 2723 1898 2768 et
1921 2730 2208 2770 sacrarum
2250 2711 2561 2787 imaginum
2603 2728 2721 2766 sac-

539 2813 803 2888 rilegium
832 2822 935 2868 est.
2290 2868 2298 2876 ,

575 2900 580 2903 ’
620 2915 716 2967 55.
749 2910 1043 2966 “Gravius
1066 2909 1423 2984 peccatum,”
1455 2910 1639 2981 inquit
1665 2910 1728 2966 S.
1753 2910 2034 2977 ThomaS,
2066 2919 2104 2945 ‘⁴
2124 2920 2211 2968 est
2229 2886 2587 2985 sacrilegium
2610 2926 2721 2979 quo

540 3019 806 3084 peccatur
832 3018 1026 3066 contra
1052 3026 1356 3082 personam
1384 3028 1627 3075 sacram,
1656 3028 1826 3081 quam
1870 3028 1984 3081 quo
2026 3021 2291 3085 peccatur
2317 3022 2509 3067 contra
2535 3008 2723 3065 locum

538 3126 782 3165 sacrum.
870 3106 1020 3164 Sunt
1063 3116 1251 3164 tamen
1297 3108 1355 3163 in
1398 3118 1637 3179 utraque
1685 3108 1965 3185 sacrilegii
2003 3110 2195 3185 specie
2237 3109 2447 3165 diversi
2492 3105 2717 3183 graduS,

540 3205 852 3261 secundum
881 3204 1258 3261 differentiam
1289 3222 1658 3279 personarum
1686 3216 1742 3262 et
1766 3208 2021 3265 locorum
2050 3226 2360 3266 sacrorum.
2445 3204 2721 3263 Similiter

537 3304 708 3359 etiam
735 3313 792 3358 et
811 3306 978 3358 tertia
1003 3303 1226 3376 species
1254 3303 1556 3379 sacrilegii,
1590 3322 1716 3375 quae
1745 3306 1893 3362 circa
1920 3306 2057 3362 alias
2085 3326 2175 3363 res
2204 3325 2390 3363 sacras
2419 3304 2719 3362 committi-

536 3410 643 3468 tur,
674 3400 928 3458 diversos
967 3400 1138 3457 habet
1176 3400 1382 3477 gradus
1432 3402 1746 3461 secundum
1794 3404 2170 3463 differentiam
2198 3424 2386 3463 rerum
2414 3422 2717 3461 sacrarum.

535 3500 691 3558 Inter
717 3520 857 3574 quas
886 3519 1170 3558 summum
1199 3502 1389 3558 locum
1435 3503 1692 3560 obtinent
1730 3504 1855 3579 ipsa
1900 3514 2269 3572 sacramenta,
2302 3504 2504 3576 quibus
2546 3503 2720 3559 homo

536 3601 946 3659 sanctificatur:
1010 3619 1252 3672 quorum
1300 3604 1652 3677 praecipuum
1707 3612 1792 3657 est
1844 3602 2225 3660 Eucharistiae
2279 3612 2718 3667 sacramentum,

537 3700 691 3771 quod
719 3698 970 3758 continet
995 3700 1184 3776 ipsum
1209 3699 1506 3758 Christum
1529 3720 1543 3756 ε
1590 3709 1647 3757 et
1672 3699 1801 3757 ideo
1828 3702 2188 3777 sacrilegium
2217 3701 2369 3772 quod
2394 3711 2587 3758 contra
2612 3700 2723 3757 hoc

533 3809 947 3855 sacramentum
975 3800 1358 3866 committitur,
1388 3800 1784 3875 gravissimum
1815 3809 1902 3855 est
1927 3800 2072 3857 inter
2098 3801 2311 3858 omnia.
2368 3800 2510 3857 Post
2535 3818 2717 3855 sacra·

535 3906 728 3952 menta
755 3906 939 3953 autem
969 3897 1284 3955 secundum
1311 3897 1498 3955 locum
1531 3907 1724 3954 tenent
1749 3916 1883 3953 vasa
1928 3908 2253 3955 consecrata
2290 3898 2360 3955 ad
2405 3916 2721 3956 sacramen-

532 4004 719 4051 torum
747 3996 1191 4069 susceptionem,
1219 4006 1278 4052 et
1304 3998 1444 4071 ipsae
1473 3998 1752 4072 imagines
1780 4014 1973 4065 sacrae,
2002 4006 2059 4053 et
2091 3997 2342 4069 reliquiae
2371 4008 2718 4063 sanctorum,

533 4094 593 4149 in
641 4091 846 4163 quibus
887 4092 1312 4164 quodammodo
1364 4094 1503 4169 ipsae
1556 4113 1818 4170 personae
1873 4106 2197 4153 sanctorum
2251 4105 2606 4160 venerantur,
2662 4106 2719 4151 et

531 4188 989 4248 dehonorantur:
1035 4190 1240 4249 deinde
1269 4211 1336 4249 ea
1356 4210 1481 4263 quae
1510 4194 1791 4268 pertinent
1817 4193 1889 4250 ad
1916 4204 2172 4252 ornatum
2202 4195 2463 4251 ecclesiae
2491 4203 2548 4249 et
2574 4193 2720 4251 inin·
2766 4202 2775 4211 ‘

601 4416 686 4479 (1)
726 4411 787 4461 L.
810 4411 877 4460 iii.
899 4427 949 4460 n.
972 4414 1053 4459 39.
1634 4416 1718 4480 (2)
1759 4414 1821 4462 C.
1845 4414 2111 4476 Conquest.
2136 4418 2217 4462 22.
2242 4413 2302 4472 de
2326 4414 2463 4464 Sent-
2487 4428 2668 4463 excom·

605 4501 690 4565 (3)
731 4496 791 4545 C.
815 4496 985 4547 xxxix.
1007 4494 1066 4546 de
1087 4509 1296 4547 consecr.
1317 4495 1426 4545 dist.
1455 4499 1498 4545 1.
1635 4500 1719 4564 (4)
1761 4497 1821 4547 C.
1840 4514 1921 4547 xv·
1942 4498 2002 4549 de
2022 4498 2254 4548 simonia.
