3117 5217
610 581 687 638 92
1442 577 1555 636 DE
1601 577 1692 636 ΙΝ
1695 576 1732 636 J
1739 577 1960 636 URIA.

606 741 791 802 celare
818 741 1017 812 voluit,
1037 745 1169 820 jure
1196 745 1413 820 optimo
1440 743 1674 802 revelat.
1759 744 1826 801 Si
1853 743 2182 820 promiserit
2205 761 2268 800 se
2289 753 2568 803 secretum
2593 760 2748 799 serva-

612 843 1015 926 turum,·etiam
1042 862 1175 902 cum
1198 843 1323 900 vitae
1345 843 1698 910 discrimine,
1723 843 1914 918 plures
1935 851 2172 900 censent
2189 843 2486 918 promissis
2511 840 2752 906 standum,

610 960 787 1015 quum
816 942 1035 1000 virtutis
1062 943 1137 1000 sit
1162 953 1317 1016 actus
1356 943 1620 1019 egregius
1648 943 1822 1000 vitam
1864 960 1966 1017 pro
1993 941 2168 998 altero
2195 941 2363 1000 dare:
2407 939 2506 998 sed
2533 941 2622 998 alii
2645 932 2752 996 con-

608 1039 849 1099 tendunt
874 1041 1163 1100 neminem
1192 1059 1363 1118 posse
1390 1059 1549 1098 suam
1579 1043 1752 1099 vitam
1781 1039 2100 1116 prodigere,
2127 1049 2190 1096 ut
2215 1041 2456 1098 alterum
2481 1049 2670 1096 servet.

693 1143 827 1196 122.
870 1137 1169 1198 Secretum
1199 1141 1571 1198 commissum
1613 1157 1688 1198 ex
1718 1139 1942 1216 justitia
1977 1138 2322 1196 servandum
2365 1146 2470 1204 est,
2507 1157 2630 1196 nam
2653 1155 2756 1212 pac-

609 1247 727 1296 tum
758 1235 931 1294 veluti
957 1237 1150 1306 initur,
1192 1238 1327 1296 dum
1370 1240 1499 1310 quis
1542 1239 1702 1296 alteri
1741 1237 1920 1296 credit
1957 1255 2223 1299 arcanum
2263 1256 2331 1294 ea
2371 1237 2680 1294 conditione
2713 1245 2760 1292 ut

606 1355 723 1395 non
769 1335 1065 1396 reveletur.
1152 1337 1459 1396 Peccatum
1506 1357 1583 1396 ex
1627 1357 1690 1396 se
1737 1355 1908 1412 grave
1951 1345 2042 1392 est
2084 1331 2222 1394 illud
2269 1345 2482 1394 temere
2527 1334 2757 1411 prodere,

608 1453 786 1508 quum
814 1433 1085 1494 damnum
1108 1437 1310 1496 inferat
1336 1438 1640 1512 proxim03
1682 1434 1785 1493 sed
1811 1436 1882 1492 ob
1909 1437 2158 1494 materiae
2187 1436 2518 1512 parvitatem
2545 1435 2764 1505 aliquan·

606 1532 681 1592 do
708 1545 795 1592 est
818 1533 965 1592 leve.
1052 1537 1192 1603 Uni,
1232 1536 1323 1594 vel
1350 1536 1531 1604 alteri,
1575 1536 1682 1592 sub
1721 1535 1840 1610 pari
1879 1535 2084 1592 secreti
2121 1534 2463 1610 obligatione
2507 1532 2640 1591 illud
2663 1551 2764 1589 ere·

604 1633 759 1700 dere,
791 1643 979 1709 potest
1007 1654 1041 1692 a
1066 1638 1221 1710 gravi
1250 1636 1419 1710 culpa
1444 1635 1727 1701 excusari,
1755 1635 1806 1690 si
1835 1633 1934 1704 qui
1959 1645 2240 1690 secretum
2285 1633 2504 1708 primus
2531 1631 2764 1694 credidit,

606 1751 719 1791 non
761 1745 1057 1792 censeatur
1095 1733 1257 1790 valde
1304 1735 1534 1799 invitus,
1583 1745 1640 1790 et
1665 1733 1994 1790 verosimile
2037 1733 2114 1789 sit
2151 1730 2291 1788 illud
2333 1751 2450 1790 non
2493 1749 2616 1790 esse
2657 1730 2768 1786 aliis

602 1831 1161 1890 communicandum.
1246 1831 1365 1890 Sed
1418 1831 1580 1890 facile
1625 1833 1816 1908 gravis
1867 1830 2178 1889 admittitur
2227 1831 2417 1906 culpa,
2468 1829 2766 1907 praesertim

602 1947 779 2001 quum
806 1939 1089 1988 secretum
1128 1930 1465 2006 plerumque
1504 1932 1590 1988 sic
1629 1930 1966 2007 divulgetur.
2051 1930 2166 1996 Qui
2207 1948 2280 1986 ex
2321 1931 2658 2006 garrulitate,
2685 1928 2772 1984 vel

600 2027 823 2084 levitate
851 2028 1043 2094 animi,
1083 2047 1349 2087 arcanum
1378 2028 1586 2106 prodit,
1616 2047 2042 2101 nonnumquam
2083 2049 2116 2086 a
2141 2029 2327 2104 gravis
2355 2030 2528 2105 culpa
2551 2045 2772 2084 excusa·

602 2135 727 2184 tur:
772 2124 877 2182 sed
900 2127 953 2184 si
977 2128 1059 2184 rei
1086 2129 1415 2204 gravitatem
1446 2129 1650 2186 habeat
1675 2139 2056 2204 perspectam,
2087 2127 2176 2185 vel
2201 2126 2274 2184 de
2299 2146 2370 2185 ea
2393 2128 2628 2193 dubitet,
2655 2144 2773 2201 gra·

600 2226 744 2283 viter
782 2237 981 2302 peccat
1020 2228 1093 2286 ob
1135 2229 1472 2304 periculum,
1520 2230 1581 2286 in
1625 2227 1780 2300 quod
1825 2227 2074 2293 incurrit,
2103 2225 2372 2286 damnum
2413 2245 2584 2303 grave
2622 2224 2772 2282 alteri

600 2323 899 2383 inferendi.

684 2427 817 2482 123.
862 2423 1133 2482 Humana
1158 2426 1457 2484 auctoritas
1498 2445 1614 2485 non
1655 2435 1842 2502 potest
1880 2425 2215 2501 plerumque
2255 2425 2506 2500 exigere,
2555 2434 2615 2481 ut
2651 2423 2774 2494 quis

595 2521 803 2598 prodat
840 2533 1119 2582 secretum
1161 2543 1235 2582 ex
1276 2543 1388 2598 quo
1428 2527 1616 2602 gravis
1655 2543 1803 2583 noxa
1845 2525 2113 2582 obveniat
2143 2523 2240 2581 ilii
2293 2526 2390 2596 qui
2437 2523 2576 2582 illud
2623 2520 2775 2580 alteri

598 2622 917 2680 commisit:
963 2642 1093 2682 nam
1120 2643 1295 2696 quum
1325 2643 1495 2684 nemo
1524 2623 1592 2682 ad
1633 2643 1695 2682 se
1737 2622 2093 2700 prodendum
2135 2633 2406 2690 teneatur,
2435 2624 2530 2680 ille
2559 2622 2657 2694 qui
2681 2638 2776 2676 reo

596 2720 809 2780 fatente
824 2723 1051 2798 'crimen
1079 2726 1255 2792 novit,
1285 2743 1359 2782 ex
1386 2725 1648 2782 amicitiae
1677 2733 1828 2780 certa
1855 2722 2080 2788 fiducia,
2103 2722 2324 2780 videtur
2349 2725 2474 2800 ejus
2501 2721 2774 2780 sustinere

598 2831 805 2895 partes,
836 2820 1078 2894 ideoque
1106 2822 1175 2878 ab
1206 2841 1275 2879 eo
1318 2820 1612 2896 prodendo
1655 2823 1938 2879 excusari.
2024 2819 2314 2879 Caeterum
2353 2823 2404 2879 si
2445 2821 2778 2896 gravissima

594 2919 743 2976 mala
768 2918 1092 2992 reipublieoe
1114 2919 1466 2986 immineant,
1496 2929 1716 2977 secreto
1743 2933 1985 2988 servato,
2009 2939 2128 2977 non
2149 2919 2370 2978 videtur
2385 2921 2484 2996 jus
2507 2923 2776 2992 cuiquam

594 3023 659 3072 ut
683 3016 897 3072 celetur
922 3035 1054 3074 cum
1081 3018 1241 3094 gravi
1264 3019 1519 3077 omnium
1560 3018 1920 3078 detrimento.
2005 3019 2192 3078 Extra
2214 3019 2596 3078 confessionis
2627 3037 2776 3076 arca·

593 3129 751 3180 num,
782 3115 933 3186 quod
963 3117 1021 3174 in
1049 3117 1205 3175 nullo
1232 3136 1465 3192 prorsus
1504 3138 1692 3178 rerum
1735 3118 2063 3176 discrimine
2090 3118 2298 3176 violare
2339 3119 2492 3184 licet,
2521 3119 2619 3176 alii
2661 3117 2779 3189 qui·

596 3212 701 3267 bus
728 3223 1009 3271 secretum
1050 3216 1421 3274 commissum
1451 3229 1537 3276 est
1575 3218 1634 3274 in
1677 3217 2052 3293 plurimorum
2079 3216 2480 3276 detrimentum
2510 3234 2774 3293 vergens,

591 3329 707 3368 non
736 3310 942 3370 debent
980 3312 1117 3371 illud
1156 3315 1359 3372 celare.
1442 3316 1768 3374 Advocatus
1807 3317 2102 3376 consultus
2143 3317 2212 3373 ab
2251 3318 2442 3388 aliquo
2489 3314 2562 3374 de
2607 3332 2777 3392 poena

592 3410 849 3468 criminis
878 3411 1031 3484 quod
1074 3413 1183 3470 sibi
1226 3417 1526 3490 proposuit
1567 3425 1806 3491 patrare,
1851 3416 2002 3474 aedes
2043 3415 2322 3492 publicas,
2365 3415 2503 3489 dum
2542 3425 2774 3472 senatus

591 3509 846 3578 habetur,
876 3512 1109 3588 pulvere
1148 3513 1523 3583 incendendo,
1565 3517 1617 3572 si
1645 3525 1888 3587 nequeat
1925 3535 2057 3574 eum
2088 3535 2121 3570 a
2145 3515 2436 3590 proposito
2465 3513 2768 3577 deterrere,

589 3608 757 3669 debet
780 3630 1015 3671 monere
1036 3614 1297 3689 privatim
1326 3632 1426 3671 eos
1454 3615 1553 3687 qui
1573 3614 1890 3690 periculum
1917 3615 2130 3682 tollant,
2153 3614 2329 3680 salva,
2347 3614 2399 3669 si
2423 3613 2548 3672 fieri
2571 3614 2774 3689 possit,

588 3709 811 3768 clientis
858 3714 988 3770 vita.
1072 3713 1257 3772 Extra
1300 3711 1628 3791 hujusmodi
1673 3732 1871 3771 casum
1917 3713 2174 3772 advocati
2218 3713 2518 3784 caeterique
2565 3728 2768 3770 omnes

590 3825 830 3879 quorum
874 3829 1083 3870 munus
1124 3823 1211 3870 est
1250 3813 1375 3872 aliis
1419 3813 1668 3889 praebere
1707 3812 2031 3878 consilium,
2071 3812 2166 3869 vel
2203 3813 2410 3885 quibus
2447 3809 2543 3868 alii
2585 3811 2772 3868 solent

588 3923 792 3962 arcana
817 3907 1065 3976 credere,
1094 3923 1248 3969 certa
1273 3911 1483 3970 fiducia
1508 3913 1733 3978 secreti,
1775 3919 2066 3984 nequeunt
2091 3911 2402 3985 quidquam
2429 3910 2686 3968 revelare
2713 3910 2770 3966 in

587 4021 823 4060 suorum
868 4006 1140 4066 clientum
1194 4007 1616 4079 detrimentum,
1665 4012 1835 4070 etiam
1881 4010 1950 4068 ad
1992 4029 2158 4086 grave
2205 4010 2444 4068 aliorum
2491 4007 2764 4066 damnum

588 4101 989 4162 avertendumt
1033 4124 1164 4164 nam
1190 4106 1456 4164 fiduciam
1477 4109 1634 4168 illam
1661 4110 1876 4177 fallere,
1905 4120 2148 4185 excepto
2169 4109 2266 4167 illo
2293 4109 2584 4166 rarissimo
2607 4125 2764 4170 casu,

588 4211 749 4276 turpe
778 4201 941 4260 foret.
1026 4211 1067 4241 ‘⁶
1088 4203 1178 4261 De
1206 4205 1317 4262 illis
1362 4225 1489 4279 quae
1528 4207 1750 4266 homini
1791 4220 1922 4267 sunt
1959 4209 2267 4268 commissa
2307 4209 2368 4265 in
2413 4217 2635 4265 secreto
2666 4221 2768 4282 per

586 4300 1028 4369 confessionem,
1058 4303 1213 4361 nullo
1243 4305 1414 4363 modo
1442 4305 1606 4364 debet
1633 4308 2021 4366 testimonium
2050 4308 2194 4365 serre
2219 4327 2233 4364 :
2278 4307 2410 4378 quia
2435 4301 2764 4381 hujusmodi

586 4417 700 4458 non
730 4403 857 4468 scit,
888 4413 949 4460 ut
974 4402 1169 4471 homo,
1200 4404 1302 4462 sed
1341 4416 1628 4477 tamquam
1659 4406 1770 4464 Dei
1813 4409 2102 4474 minister3
2145 4417 2206 4466 et
2239 4407 2425 4482 majus
2453 4414 2542 4463 est
2565 4405 2760 4461 vincu-
