3117 5217
492 547 571 601 78
1027 542 1139 602 DE
1184 545 1297 604 Do
1308 545 1469 604 MIN
1476 545 1561 604 10
1605 545 2119 606 SEMIPLENO.

1377 1013 1662 1074 CAPUT
1704 1013 1816 1073 VI.

1196 1227 1273 1268 nr:
1316 1227 1573 1270 commo
1619 1228 1980 1270 centenno.

1364 1409 1416 1482 §.
1460 1407 1508 1466 1.
1552 1407 1650 1466 De
1692 1425 1822 1466 usu.

579 1581 679 1634 90.
730 1573 1074 1653 Usuejuris
1103 1573 1309 1634 dicitur
1323 1577 1421 1651 jus
1448 1575 1644 1633 utendi
1671 1594 1731 1632 re
1759 1575 1961 1643 aliena,
1999 1576 2156 1633 salva
2193 1578 2318 1652 ejus
2346 1579 2674 1634 substantia.
2723 1613 2738 1626 .

508 1673 841 1755 Usussacti
868 1673 1069 1731 dicitur
1104 1675 1337 1732 actualis
1362 1691 1501 1731 usus
1528 1676 1610 1732 rei
1638 1673 1836 1732 alienae
1862 1675 2196 1734 revocabilis
2223 1675 2292 1732 ad
2319 1687 2516 1734 nutum
2543 1693 2678 1732 con··

498 1774 774 1833 cedentis.
858 1773 1166 1838 Minoritae‚
1198 1771 1437 1850 (ordinis
1464 1773 1529 1830 S.
1563 1773 1853 1832 Francisci
1880 1774 2232 1848 professores
2273 1774 2355 1832 sic
2383 1771 2678 1850 vocantur)

500 1891 668 1932 usum
696 1872 848 1930 hunc
874 1889 1061 1928 rerum
1087 1872 1256 1928 etiam
1286 1872 1456 1930 unico
1496 1883 1624 1930 actu
1665 1873 2192 1948 consumptibilium
2222 1892 2256 1930 a
2281 1873 2538 1931 dominio
2565 1872 2680 1930 dis-

500 1971 777 2046 tinguunt,
820 1977 1095 2039 quatenus
1141 1969 1415 2044 Superior
1453 1989 1683 2047 semper
1712 1972 1862 2030 valet
1894 1990 2087 2028 earum
2126 1973 2560 2046 consumptione
2607 1971 2676 2026 iis

500 2067 852 2128 interdicere.
946 2064 1247 2125 Ucuariue
1278 2067 1401 2147 (qui
1439 2070 1658 2128 scilicet
1695 2070 1889 2128 utendi
1918 2070 2048 2145 jure
2087 2067 2318 2148 gaudet)
2351 2079 2571 2128 tenetur
2609 2068 2681 2126 ad

498 2185 618 2224 rem
666 2168 942 2242 integram
990 2165 1357 2234 servandam3
1398 2185 1503 2224 nec
1545 2178 1734 2244 potest
1763 2187 1898 2237 ,eam
1937 2168 2096 2228 alteri
2137 2168 2290 2236 dare,
2333 2169 2424 2226 vel
2461 2168 2672 2226 locare.

500 2266 598 2322 sic
638 2266 735 2336 qui
778 2264 981 2322 domus
1020 2265 1191 2321 habet
1226 2283 1415 2332 usum,
1444 2267 1644 2338 nequit
1680 2285 1806 2334 eam
1845 2267 2003 2323 alteri
2042 2266 2256 2324 tradere
2295 2265 2672 2324 habitandam.
2743 2291 2752 2300 ·

499 2363 617 2428 Qui
631 2363 777 2420 horti
804 2362 975 2418 habet
1000 2381 1187 2429 usum,
1219 2373 1409 2437 potest
1433 2364 1704 2421 fructibus
1725 2383 1828 2442 pro
1855 2383 1916 2421 se
1945 2374 2001 2421 et
2028 2383 2129 2422 sua
2149 2365 2382 2432 familia,
2407 2374 2465 2422 et
2483 2363 2676 2439 hospi·

496 2461 645 2518 tibus
670 2460 772 2526 uti,
802 2460 940 2532 quin
965 2477 1065 2517 eos
1093 2459 1357 2528 vendere,
1388 2461 1478 2518 vel
1506 2465 1788 2520 extrancis
1816 2477 2046 2539 prorsus
2075 2462 2226 2531 dare,
2258 2455 2484 2520 valeat.²

578 2561 675 2615 91.
727 2557 1123 2639 Usu-§ffructus
1152 2558 1355 2617 dicitur
1386 2563 1481 2638 jus
1522 2561 1718 2620 utendi
1737 2572 1796 2619 et
1820 2561 2044 2619 fruendi
2071 2563 2238 2619 rebus
2270 2561 2491 2627 alienia,
2527 2561 2684 2618 salva

498 2677 687 2714 earum
718 2649 1079 2715 substantia.²
1132 2658 1289 2722 Hinc
1316 2659 1768 2718 usufructuarius
1795 2659 2012 2738 gregis
2041 2660 2210 2717 habet
2242 2662 2342 2736 jus
2370 2659 2439 2716 ad
2464 2659 2674 2724 lanam,

392 2827 397 2837 Ι
495 2757 603 2823 lac,
632 2755 831 2814 soetum
849 2752 1101 2836 ;³fundi
1124 2756 1195 2814 ad
1221 2757 1457 2823 foenum,
1489 2770 1735 2833 aegaee,
1761 2758 2000 2834 lapidee,
2020 2758 2244 2824 salicem,
2272 2768 2328 2815 et
2351 2776 2554 2816 omnes
2585 2776 2669 2813 ar·
2735 2800 2740 2804 .

495 2855 663 2911 bores
692 2852 933 2920 caeduaS,
962 2853 1063 2910 sed
1090 2872 1205 2910 non
1232 2853 1301 2910 ad
1329 2855 1647 2930 frugiferas,
1702 2857 1902 2915 Potest
1920 2857 2089 2914 etiam
2110 2875 2342 2915 omnem
2370 2857 2670 2915 utilitatem

500 2951 872 3015 ususfructus,
902 2959 958 3006 et
982 2969 1147 3007 usum
1169 2951 1313 3025 juris
1341 2953 1608 3021 vendere,
1637 2954 1843 3023 locare,
1865 2955 1956 3012 vel
1983 2955 2210 3023 donare,
2233 2965 2494 3012 manente
2523 2954 2672 3030 apud

496 3050 687 3123 ipsum
727 3046 1041 3115 usufructu,
1069 3067 1242 3122 quem
1282 3051 1479 3122 nequit
1510 3051 1667 3109 alteri
1696 3053 1928 3121 donare,
1969 3062 2064 3110 aut
2100 3053 2344 3111 vendere
2381 3053 2504 3110 sine
2544 3071 2676 3110 con-

495 3163 667 3202 sensu
695 3143 1101 3220 proprietarii.⁴
1180 3147 1439 3206 Tenetur
1462 3151 1907 3210 usufructuarius
1943 3153 2132 3227 gregis
2173 3152 2244 3210 ad
2284 3149 2676 3210 substituenda

495 3245 555 3300 in
582 3243 769 3300 locum
798 3243 1048 3317 capitum
1074 3244 1499 3304 demortuorum
1528 3247 1638 3304 alia
1664 3251 1848 3325 capita
1871 3269 1904 3307 e
1931 3249 2070 3306 foetu
2089 3247 2138 3317 ς’
2175 3251 2284 3308 nisi
2311 3251 2665 3327 singulorum

440 3369 450 3376 ·
493 3340 743 3416 capitum
771 3339 1017 3408 divisim,
1036 3361 1151 3400 non
1178 3354 1362 3400 autem
1392 3345 1649 3404 omnium
1673 3347 1968 3406 collective
1989 3348 2190 3406 habeat
2208 3338 2672 3407 usumfructum.⁶

494 3439 560 3496 Si
612 3438 1054 3497 usufructuarius
1107 3442 1183 3499 sit
1232 3444 1431 3518 syIvae,
1502 3452 1541 3478 ‘⁴
1563 3444 1622 3501 in
1672 3445 1861 3504 locum
1913 3446 2334 3505 demortuarum
2389 3448 2670 3508 arborum,

566 3627 650 3694 (l)
691 3625 899 3675 Plenum
920 3624 971 3674 ff.
992 3626 1052 3675 de
1074 3643 1183 3686 usu,
1204 3635 1293 3676 etc.

564 3713 647 3775 (2)
686 3711 735 3772 A
758 3710 1071 3760 Blackstonio
1093 3711 1335 3770 definitur,
1370 3704 1491 3760 “the
1512 3719 1782 3777 temporary
1805 3713 1935 3775 right
1967 3715 2024 3764 of
2048 3716 2194 3776 using
2233 3733 2264 3764 a
2285 3716 2440 3776 thing,
2462 3715 2668 3764 without

492 3795 675 3854 having
696 3794 779 3842 the
802 3795 1017 3844 ultimate
1038 3804 1277 3860 property,
1301 3813 1354 3845 or
1374 3797 1463 3846 fun
1496 3796 1749 3867 dominion
1783 3799 1840 3848 of
1865 3799 1947 3847 the
1981 3799 2282 3848 substance?
2355 3799 2665 3848 Commenta-

490 3878 583 3926 ries
604 3877 731 3925 book
752 3877 802 3924 ii.
825 3878 901 3925 ch.
924 3895 1008 3926 xx.
1030 3895 1080 3926 n.
1108 3883 1221 3928 328.

568 3963 653 4024 (3)
694 3969 723 3992 ⁴⁴
736 3960 785 4007 If
812 3977 841 4008 a
861 3950 1035 4024 person
1057 3963 1198 4021 hisee,
1221 3966 1293 4012 for
1331 3983 1361 4014 a
1382 3967 1566 4016 limited
1587 3968 1765 4031 period,
1789 3985 1819 4016 a
1839 3968 1964 4017 flock
1986 3969 2044 4021 of
2068 3970 2231 4033 sheep,
2253 3985 2309 4017 or
2327 3971 2482 4029 cattle,
2505 3970 2562 4017 of
2586 3970 2667 4017 the

488 4059 667 4101 owner,
688 4043 771 4092 the
791 4045 1002 4093 increase
1024 4045 1080 4093 of
1106 4047 1187 4094 the
1221 4049 1364 4106 flock,
1397 4049 1574 4112 during
1595 4053 1677 4100 the
1709 4060 1845 4112 term,
1878 4032 2078 4114 belongs
2111 4061 2161 4101 to
2195 4054 2278 4102 the
2311 4054 2665 4116 usufi-uctuary,

489 4129 603 4177 who
636 4127 678 4176 is
710 4129 937 4188 regarded
976 4145 1029 4177 as
1068 4130 1149 4177 the
1187 4137 1458 4195 temporary
1492 4136 1798 4197 proprietor.”
1823 4139 1830 4146 “
1869 4137 2044 4196 Kent’s
2086 4136 2278 4186 Comm.
2305 4139 2396 4186 vol.
2417 4139 2467 4187 ii.
2489 4145 2598 4202 part
2619 4155 2664 4185 v.

491 4215 597 4262 lect.
620 4211 789 4259 xxxvi.
812 4227 861 4260 n.
883 4215 997 4260 361.

566 4298 649 4361 (4)
690 4295 749 4343 L.
772 4296 803 4343 i.
826 4297 884 4344 de
907 4297 1138 4346 usufruct.
1160 4301 1192 4347 l.
1215 4301 1299 4348 xii.
1320 4301 1381 4350 de
1402 4261 1634 4352 usufruct.

567 4383 651 4444 (5)
692 4381 846 4428 Instit.
870 4381 928 4428 de
951 4397 1038 4429 rer.
1060 4381 1163 4459 div.
1181 4387 1225 4442 ς.
1250 4387 1330 4432 38.
1588 4389 1672 4453 (6)
1712 4385 1830 4448 Leg.
1854 4389 1956 4435 lxX.
1977 4387 2038 4436 de
2060 4387 2328 4437 usufructu.
