3117 5217
1090 525 1205 584 DE
1249 524 1834 584 RESTITUTION
1841 525 1918 584 E.
2479 529 2591 585 107

400 693 584 766 invito
628 693 895 752 domino:
936 692 1086 750 sicut
1130 693 1233 766 qui
1262 694 1559 769 pecuniam
1605 693 1757 770 apud
1783 711 1848 750 se
1884 692 2208 768 depositam
2239 675 2594 752 noluntred-

405 793 539 850 dere
580 791 814 850 domino
850 793 1007 868 juste
1054 793 1293 866 petenti.
1377 791 1487 864 Ea:
1530 792 1775 871 injusta
1799 791 2014 850 damni
2039 791 2311 850 illatione
2337 801 2600 850 tenentur

404 891 502 962 qui
528 891 686 949 alteri
713 891 981 966 injuriam
1007 891 1347 967 irrogarunt.

486 993 619 1046 168.
662 989 772 1048 Ea:
810 1007 875 1047 re
918 996 1162 1066 accepta
1200 989 1272 1046 ad
1310 990 1730 1048 restitutionem
1771 988 1978 1064 ligatur
2015 989 2300 1064 imprimis
2339 989 2440 1061 qui
2472 1007 2594 1048 rem

406 1087 652 1146 alienam
678 1089 827 1146 bona
854 1087 967 1146 fide
996 1089 1238 1164 accepit.
1322 1088 1636 1146 Possessor
1687 1087 1856 1146 bonae
1883 1086 2044 1164 fidei
2084 1098 2306 1146 tenetur
2345 1087 2414 1144 ad
2467 1105 2590 1145 rem

403 1186 641 1245 alienam
668 1187 1079 1244 restituendam
1106 1170 1553 1262 quamprimum,
1598 1197 1902 1263 postquam
1945 1187 2170 1244 noverit
2205 1207 2334 1246 eam
2363 1186 2590 1244 alterius

402 1301 551 1342 esse.
636 1285 703 1342 Si
742 1304 869 1342 eam
916 1287 1068 1342 bona
1105 1285 1219 1343 fide
1260 1287 1702 1360 consumpse-rit,
1746 1285 1918 1342 debet
1965 1287 2262 1344 restituere
2315 1295 2590 1358 quantum

402 1384 570 1440 rebus
598 1383 719 1440 suis
746 1383 1022 1458 pepercit,
1050 1383 1140 1440 vel
1188 1385 1249 1441 in
1292 1401 1407 1454 quo
1452 1383 1630 1442 factus
1667 1395 1754 1440 est
1777 1383 1966 1442 ditior.
2052 1382 2196 1442 Ovis
2223 1385 2406 1442 aliena
2431 1385 2594 1461 gregi

402 1479 549 1539 sorte
566 1481 817 1539 admixta
835 1481 1178 1540 restituenda
1194 1491 1285 1539 est
1310 1481 1564 1550 domim,
1587 1501 1758 1554 quam
1779 1483 1828 1539 si
1849 1481 2216 1550 comederim,
2239 1492 2444 1558 putans
2465 1501 2592 1540 esse

400 1598 615 1647 meam,
644 1579 825 1638 debeo
856 1580 1021 1637 aliam
1048 1582 1104 1638 ei
1132 1580 1285 1648 dare,
1315 1599 1448 1638 nam
1498 1580 1632 1643 huic
1679 1582 1912 1656 peperci
1957 1580 2188 1638 alteram
2217 1581 2588 1640 comedendo.

402 1679 468 1736 Si
494 1697 623 1736 eam
649 1697 785 1737 vcum
824 1679 967 1736 meis
996 1679 1330 1747 vendidero,
1360 1680 1605 1754 pretium
1633 1681 1760 1756 eJus
1787 1679 2024 1738 reddere
2049 1679 2254 1747 debe0‚
2285 1681 2492 1738 namin
2519 1697 2590 1736 eo

402 1777 580 1835 factus
608 1795 737 1834 sum
764 1775 950 1835 ditior.
1036 1777 1209 1844 Quod
1234 1777 1285 1834 si
1312 1779 1441 1850 quis
1470 1779 1617 1836 nihil
1641 1777 1890 1836 lucratus
1919 1779 2011 1845 sit,
2037 1779 2122 1836 vel
2148 1779 2314 1846 rebus
2335 1779 2454 1836 suis
2473 1797 2635 1848 nonu
2713 1768 2722 1780 ⁴

403 1877 741 1951 pepercerit,
771 1895 891 1934 rem
918 1875 1161 1936 alienam
1190 1879 1342 1960 bona
1368 1876 1481 1934 fide
1510 1877 1622 1935 sibi
1649 1878 1953 1949 sumendO,
1971 1895 2146 1948 quam
2171 1887 2323 1934 certe
2349 1879 2595 1952 pecunia

402 1975 515 2034 sibi
540 1975 819 2033 noluisset
842 1961 1193 2052 comparare,
1224 1974 1297 2032 ad
1342 1976 1486 2032 nihil
1525 1977 1823 2034 tenebitur.
1909 1977 2152 2034 Fructus
2187 1978 2360 2035 etiam
2389 1979 2472 2034 rei
2497 1997 2594 2034 na-

399 2074 627 2141 turales,
658 2086 715 2131 et
740 2073 957 2140 civiles,
986 2093 1101 2132 non
1130 2084 1317 2133 autem
1361 2093 1533 2132 merae
1573 2073 1862 2132 industriae
1909 2074 2188 2133 reddendi
2229 2084 2380 2142 sunt,
2409 2078 2460 2134 si
2489 2094 2587 2132 ex-

406 2183 555 2230 tent:
600 2191 789 2240 secus,
846 2180 884 2206 ‘⁶
908 2173 1120 2231 fructus
1146 2175 1311 2232 bonae
1339 2173 1475 2230 fidei
1516 2191 1884 2250 possessores
1926 2174 2164 2232 reddere
2203 2173 2448 2250 cogendi
2475 2193 2592 2232 non

401 2281 553 2339 sunt,
602 2273 717 2330 nisi
768 2289 843 2328 ex
890 2271 980 2328 his
1026 2257 1433 2348 locupletiores
1478 2265 1865 2331 extiterint.”¹
1961 2273 2144 2331 Porro
2195 2271 2410 2330 fruc-tus
2457 2270 2588 2330 illos

406 2370 649 2427 dicimus
675 2369 1008 2437 naturales,
1037 2373 1137 2444 qui
1164 2381 1475 2430 nascuntur
1500 2373 1715 2444 absque
1756 2372 1874 2430 ulla
1909 2389 2088 2448 opera
2127 2371 2460 2428 hominum:
2517 2391 2590 2427 v:

404 2488 480 2546 g:
525 2468 692 2526 foetus
731 2487 1037 2544 pecorum3
1082 2469 1309 2536 civiles,
1359 2471 1461 2540 qui
1506 2488 1581 2526 ex
1612 2471 1762 2546 juris
1807 2470 2186 2544 dispositione
2231 2488 2308 2526 ex
2354 2470 2434 2528 rei
2485 2487 2593 2526 usu

400 2569 679 2637 oriuntur,
709 2587 779 2624 v:
810 2587 879 2644 g:
910 2586 983 2626 ex
1004 2569 1212 2626 domus
1231 2551 1549 2634 locatione3
1579 2565 1997 2633 indu-strides,
2028 2567 2128 2638 qui
2155 2567 2264 2624 soli
2294 2567 2591 2642 hominum

408 2685 595 2742 operae
626 2667 906 2725 tribuendi
932 2678 1104 2726 sunt:
1153 2687 1225 2724 v:
1268 2686 1338 2744 g:
1384 2666 1608 2723 lucrum
1633 2685 1708 2724 ex
1734 2665 1980 2741 pecunia
2016 2665 2397 2740 negotiand03
2437 2665 2598 2722 miae-

406 2773 521 2832 toa,
550 2767 649 2838 qui
678 2767 879 2842 partim
908 2785 984 2824 ex
1010 2767 1261 2826 humana
1287 2765 1586 2833 industria,
1605 2767 1810 2840 partim
1837 2784 1913 2822 ex
1941 2773 2138 2821 natura
2158 2763 2475 2840 prodeunt:
2521 2781 2594 2819 v:

405 2883 478 2940 g:
523 2865 814 2922 vinearum
862 2875 921 2922 et
964 2884 1230 2942 agrorum
1276 2867 1512 2923 fructus.
1599 2863 1751 2932 Hos,
1795 2873 2074 2935 quatenus
2119 2863 2402 2932 naturales
2443 2871 2596 2929 sunt,

407 2981 717 3038 possessor·
732 2964 892 3023 bonae
914 2964 1048 3021 fidei
1075 2965 1377 3021 restituere
1390 2963 1578 3029 debet,
1606 2963 1837 3020 retentis
1855 2963 1962 3020 sibi
1989 2961 2278 3020 industriae
2300 2963 2596 3026 fructibus,

408 3071 461 3118 et
490 3063 609 3118 suis
639 3062 807 3118 etiam
834 3062 1113 3138 impensis
1140 3072 1199 3119 et
1223 3063 1507 3120 laboribus
1534 3060 1816 3120 deductis.

490 3163 621 3217 169.
666 3161 979 3239 Possessor
1003 3159 1179 3219 malae
1189 3161 1368 3240 fidei,
1397 3161 1496 3233 qui
1523 3160 1741 3219 scilicet
1765 3160 1974 3237 injuste
1995 3161 2312 3242 usurpavit,
2343 3159 2434 3217 vel
2462 3161 2590 3216 reti-

408 3259 530 3314 nuit
554 3277 674 3316 rem
701 3257 964 3327 alienam,
992 3269 1213 3318 tenetur
1239 3260 1308 3318 ad
1336 3279 1459 3317 eam
1488 3260 1917 3326 restituendam,
1948 3260 1997 3316 si
2037 3269 2230 3327 extet3
2275 3259 2343 3317 ad
2372 3257 2598 3316 solven-

410 3357 549 3414 dum
576 3349 707 3415 vero
734 3358 859 3425 eius
887 3361 1152 3434 pretium,
1181 3360 1231 3416 si
1256 3379 1373 3418 non
1404 3367 1576 3416 extet.
1629 3359 2026 3434 compensare
2049 3359 2219 3415 etiam
2241 3357 2406 3415 debet
2425 3375 2596 3415 omne

408 3455 684 3514 damnum
710 3475 1009 3533 emergens
1036 3468 1093 3522 et
1115 3457 1336 3516 lucrum
1364 3477 1596 3517 cessans
1624 3451 1914 3516 ἀοηιίῐιο.2
1993 3455 2237 3512 Fructus
2271 3465 2474 3513 omnes
2514 3455 2598 3510 rei

414 3573 561 3626 quos
600 3572 800 3632 reapse
838 3557 1111 3632 percepit,
1144 3556 1235 3614 vel
1272 3575 1415 3630 quos
1457 3557 1720 3615 dominus
1762 3562 2130 3632 percepturus
2170 3553 2394 3618 suisset,
2435 3550 2602 3608 debet

410 3655 723 3721 restituere,
764 3657 1019 3731 exceptis
1064 3655 1157 3712 his
1203 3658 1303 3728 qui
1347 3655 1636 3714 industriae
1679 3655 1972 3712 debentur.
2059 3650 2357 3708 Deducere
2403 3659 2594 3706 tamen

412 3762 598 3827 potest
637 3755 922 3829 impensas
963 3756 1334 3823 necessariam
1377 3755 1468 3812 vel
1506 3755 1696 3819 utileS,
1734 3769 1874 3823 quas
1913 3749 2067 3816 fecit,
2104 3749 2152 3806 si
2193 3747 2459 3806 dominus
2499 3767 2595 3806 eas

414 3851 661 3910 facturus
688 3853 918 3910 fuisset:
946 3871 1065 3912 non
1092 3865 1282 3911 autem
1310 3873 1405 3910 eas
1434 3871 1559 3926 quae
1593 3849 1890 3924 voluptatis
1931 3846 2214 3916 dicuntur,
2243 3867 2314 3906 eo
2343 3847 2497 3922 quod
2524 3848 2593 3906 ad

412 3961 667 4009 ornatum
686 3961 899 4010 tantuin
926 3953 1245 4028 pertineant
1272 3972 1339 4008 v:
1370 3970 1440 4027 g:
1470 3945 1795 4015 viridaria,
1813 3947 2092 4025 picturae,
2114 3947 2225 4006 dcc.
2279 3947 2315 4005 J
2321 3967 2386 4004 us
2427 3948 2594 4005 civile

414 4060 583 4124 negat
608 4052 884 4109 actionem
906 4050 1228 4126 possessori
1248 4051 1412 4108 malae
1439 4048 1573 4106 fidei
1603 4047 1674 4105 ad
1695 4047 2031 4123 repetendas
2061 4037 2394 4123 expensaS.³
2449 4046 2594 4104 Haec

421 4157 607 4205 autem
635 4148 753 4216 lex,
782 4169 957 4222 quum
986 4148 1227 4226 poenalis
1254 4149 1347 4216 sit,
1378 4166 1493 4205 non
1517 4147 1733 4224 obligat
1759 4147 1871 4206 nisi
1899 4159 2031 4223 post
2057 4146 2415 4204 sententiam.

546 4291 619 4348 (l)
654 4288 714 4337 L.
738 4289 893 4352 prima
914 4289 965 4340 ff.
990 4290 1047 4341 de
1064 4288 1240 4353 liaered.
1251 4294 1359 4358 pet.
1681 4289 1760 4354 (2)
1796 4287 1856 4336 L.
1877 4305 1924 4337 v.
1950 4287 2073 4337 cod.
2096 4287 2155 4342 de
2175 4286 2250 4337 rei
2271 4282 2457 4338 vindic.

852 4377 932 4441 (3)
968 4376 1027 4425 L.
1050 4377 1190 4426 Adeo
1213 4381 1261 4426 7.
1281 4381 1327 4436 ς.
1349 4377 1433 4426 Ex
1454 4374 1658 4432 diverso,
1678 4373 1730 4422 ff.
1753 4373 1812 4425 de
1833 4373 2020 4441 acquir.
2043 4371 2172 4423 dom
