3117 5217
1209 663 1214 668 ι
1278 575 1391 633 DE
1434 574 1794 633 INJURIA.
2553 581 2625 636 91

458 747 614 803 alteri
652 764 789 803 casu
826 745 1001 803 veluti
1042 745 1305 812 innotuit,
1347 745 1619 803 occultari
1663 745 1848 812 debet,
1889 745 1939 801 si
1975 745 2108 802 boni
2153 746 2495 814 communis,
2543 748 2631 805 vel

405 833 407 835 ’
458 846 660 920 privati
684 844 1001 902 innocentis
1028 863 1141 901 non
1170 843 1391 901 intersit
1426 855 1489 902 ut
1513 855 1849 920 exponatur.
1934 844 2228 902 Secretum
2259 844 2638 922 promissum

456 943 595 1001 illud
621 954 709 1000 est
735 943 887 1015 quod
915 943 1044 1015 quis
1072 943 1355 1019 pollicitus
1383 952 1471 1000 est
1496 960 1718 1000 servare
1745 943 2053 1010 occultum,
2080 943 2213 1000 licet
2251 945 2304 1000 ei
2331 945 2639 1003 innotuerit

454 1043 669 1100 ratione
697 1061 809 1115 qua
834 1051 1031 1118 posset
1068 1041 1207 1099 illud
1246 1042 1533 1118 evulgare.
1597 1042 1896 1100 Secretum
1937 1041 2327 1100 commissum
2367 1054 2458 1101 est
2496 1043 2637 1101 illud

455 1140 610 1214 quod
636 1142 766 1214 quis
795 1140 953 1198 alteri
980 1141 1423 1198 communicavit
1447 1159 1517 1197 ea
1542 1140 1868 1199 conditione
1895 1151 1957 1198 ut
1981 1152 2302 1198 servaretur
2326 1143 2634 1201 occultum.

462 1239 701 1308 Medici,
730 1240 1087 1306 obstetrices,
1116 1239 1391 1305 advocati,
1420 1240 1630 1310 aliique
1657 1259 1730 1296 ex
1757 1258 1990 1296 munere
2017 1257 2142 1306 suo,
2171 1249 2227 1296 et
2252 1241 2496 1313 quodam
2537 1242 2641 1300 im-

460 1339 659 1415 plicito
684 1347 849 1413 pacto
878 1346 1139 1394 tenentur
1166 1337 1235 1392 ad
1274 1337 1551 1394 servanda
1591 1349 1809 1395 secreta
1831 1357 1958 1411 quae
1985 1339 2218 1395 clientes
2245 1340 2335 1397 sui
2371 1341 2454 1397 eis
2483 1361 2638 1398 com-

461 1437 755 1494 municant
796 1437 886 1493 sui
931 1436 1185 1493 muneris
1227 1439 1547 1503 occasione,
1592 1437 1813 1508 quoties
1853 1437 2126 1494 damnum
2177 1455 2253 1494 ex
2296 1439 2638 1498 revelatione

461 1535 821 1613 proveniret:
849 1553 953 1591 nec
981 1544 1223 1610 possunt
1248 1554 1317 1592 ea
1348 1536 1608 1610 prodere,
1637 1536 1748 1594 nisi
1777 1537 2113 1614 gravissima
2137 1535 2284 1593 mala
2323 1539 2640 1612 reipublicae

461 1635 553 1692 vel
580 1634 979 1690 innocentibus
1008 1634 1359 1691 immineant.

544 1736 677 1790 120.
722 1733 1019 1790 Secretum
1049 1731 1296 1790 naturale
1323 1732 1758 1791 custodiendum
1787 1742 1894 1800 est,
1923 1733 2034 1790 nisi
2074 1733 2213 1790 alias
2243 1735 2472 1793 suadeat
2498 1737 2640 1811 pub-

459 1833 569 1890 lica
592 1833 771 1899 salus,
801 1830 893 1888 vel
918 1849 1125 1906 magna
1165 1822 1513 1906 privatorum
1538 1832 1770 1889 utilitas.
1857 1830 2122 1890 Charitas
2161 1834 2357 1905 utique
2382 1843 2533 1891 vetat
2572 1853 2644 1892 ne

462 1943 673 1989 temere
698 1930 1017 1987 revelemus
1046 1949 1173 2004 quae
1195 1929 1264 1987 ad
1286 1939 1535 1988 nostram
1556 1933 1818 1989 notitiam
1845 1941 2259 2007 pervenerunt:
2290 1931 2392 1990 sed
2407 1943 2646 2010 urgente

464 2031 619 2107 gravi
670 2047 859 2096 causa,
914 2029 1083 2087 unius
1134 2029 1423 2097 utilitates,
1482 2031 1796 2106 praesertim
1859 2029 1960 2097 rei,
2013 2031 2258 2106 publicae
2311 2033 2499 2100 saluti,
2554 2033 2648 2091 vel

462 2129 826 2188 innoxiorum
870 2128 1191 2186 commodis
1232 2129 1459 2186 cedunt.
1544 2130 1612 2187 Si
1650 2129 1888 2186 viderim
1916 2129 2210 2187 hominem
2240 2131 2542 2189 innoxium
2583 2149 2644 2188 se

461 2228 597 2304 fuga
622 2227 939 2285 subducere
966 2229 1033 2285 ab
1074 2228 1427 2300 insequente,
1457 2247 1592 2286 eum
1622 2228 2003 2295 interfectum,
2028 2246 2143 2285 non
2183 2229 2315 2286 licet
2351 2249 2484 2288 eum
2517 2249 2648 2306 pro-

466 2325 599 2384 dere
616 2369 631 2395 ,
660 2345 777 2399 quo
804 2345 868 2384 se
895 2327 1193 2384 contulerit
1216 2327 1664 2385 manifestando:
1697 2327 1850 2399 quod
1869 2327 1918 2384 si
1947 2346 2076 2384 reus
2106 2329 2179 2385 sit
2214 2315 2312 2400 qui
2331 2328 2647 2388 latrociniis

466 2425 751 2483 infestavit
774 2427 1088 2501 regionem,
1117 2425 1342 2500 publica
1368 2426 1578 2484 utilitas
1607 2426 1853 2503 postulat
1877 2434 1938 2482 ut
1961 2426 2260 2485 indicetur.

558 2527 687 2581 121.
731 2524 1024 2581 Secretum
1051 2523 1395 2600 promissum
1435 2523 1700 2581 violando
1728 2526 1856 2595 quis
1896 2523 2066 2580 fidem
2095 2525 2334 2602 frangit3
2369 2527 2649 2602 justitiam

468 2623 720 2699 insuper,
750 2624 972 2696 quoties
1002 2624 1129 2694 quis
1172 2639 1245 2678 ex
1286 2622 1393 2679 hac
1430 2623 1632 2679 virtute
1659 2621 1902 2679 voluerit
1941 2641 2002 2678 se
2043 2623 2310 2698 obligare.
2394 2625 2654 2682 Plerum-

468 2739 579 2793 que
606 2740 723 2781 non
750 2722 973 2779 videtur
996 2722 1121 2778 haec
1149 2721 1384 2778 intentio
1424 2721 1646 2787 adesse,
1689 2719 1930 2793 ideoque
1971 2719 2123 2777 haud
2149 2740 2317 2796 grave
2346 2733 2432 2780 est
2456 2741 2653 2798 pecca-

467 2826 606 2878 tum.
692 2820 864 2888 Quod
890 2822 940 2878 si
966 2819 1301 2896 gravissima
1328 2820 1503 2878 animi
1544 2819 1782 2887 tristitia,
1811 2819 1902 2876 vel
1926 2819 2196 2877 damnum
2223 2839 2412 2896 grave,
2442 2820 2651 2879 violato

472 2930 712 2987 secreto,
741 2921 971 2986 oriatur,
1000 2937 1119 2976 non
1143 2919 1251 2975 erit
1276 2919 1439 2976 facile
1466 2939 1499 2976 a
1524 2928 1760 2995 peccato
1801 2918 2164 2977 excusandus
2191 2920 2289 2991 qui
2329 2920 2466 2978 illud
2493 2939 2653 2979 reve-

468 3017 623 3076 lavit.
709 3018 1002 3076 Caeterum
1055 3017 1267 3088 absque
1320 3017 1489 3093 culpa
1541 3027 1824 3075 secretum
1876 3019 2222 3094 promissum
2268 3021 2544 3078 revelatur
2585 3020 2658 3077 ob

470 3118 761 3193 publicum
798 3118 1037 3182 bonum,
1084 3116 1449 3192 praecipiente
1490 3117 1748 3193 legitimo
1793 3117 2142 3192 Superiore;
2185 3135 2291 3175 nec
2333 3119 2486 3177 enim
2526 3137 2654 3195 pro-

474 3217 673 3274 missio
712 3216 837 3273 fieri
877 3215 1062 3292 potuit
1099 3233 1232 3272 eum
1274 3217 1694 3284 communitatis
1739 3215 2060 3293 dispendio.
2145 3216 2246 3273 Sic
2291 3217 2555 3276 alumnus
2597 3218 2656 3276 in

472 3316 779 3374 seminario
818 3314 1207 3372 ecclesiastico
1236 3316 1335 3386 qui
1363 3315 1627 3390 promisit
1665 3315 1822 3372 alteri
1861 3334 2084 3390 servare
2113 3325 2394 3374 secretum
2436 3319 2654 3376 crimen

477 3414 633 3487 quod
659 3433 795 3486 casu
820 3413 1052 3480 detexit,
1082 3425 1387 3471 excusatur
1426 3433 1458 3470 a
1495 3415 1612 3472 fide
1639 3415 1865 3481 violata,
1907 3417 1957 3472 si
1983 3415 2187 3472 viderit
2226 3415 2462 3473 alterum
2491 3415 2659 3473 mori-

476 3513 581 3570 bus
633 3512 788 3570 haud
832 3511 1143 3569 emendatis
1197 3512 1267 3570 ad
1318 3531 1511 3570 sacros
1558 3513 1786 3571 ordines
1834 3512 2138 3571 ascendere
2186 3512 2352 3570 velle.
2435 3513 2656 3571 Idcirco

474 3629 649 3683 quum
678 3611 990 3687 episcopus
1018 3611 1077 3667 in
1104 3629 1265 3668 sacro
1292 3613 1399 3669 ritu
1426 3613 1626 3670 invitet
1667 3629 1867 3670 omnes
1897 3612 1996 3685 qui
2039 3609 2256 3683 aliquid
2296 3611 2515 3667 obstare
2561 3628 2659 3666 no-

474 3721 607 3768 runt
633 3729 705 3768 ne
734 3709 1013 3768 candidati
1040 3722 1497 3785 promoveantur,
1528 3719 1592 3768 ut
1617 3719 1826 3768 exeant
1850 3719 1906 3766 et
1931 3709 2138 3775 dicant,
2165 3707 2318 3774 licet,
2349 3709 2468 3766 imo
2494 3727 2660 3785 opor-

478 3817 573 3877 tet,
618 3809 929 3885 prudentiae
970 3809 1203 3865 servatis
1249 3810 1483 3886 regulis,
1532 3828 1689 3875 eum,
1731 3807 1822 3863 vel
1867 3807 2171 3864 Seminarii
2218 3807 2538 3884 praesidem,
2588 3809 2658 3868 de

478 3907 689 3965 alumni
718 3907 1049 3984 indignitate
1078 3908 1371 3965 certiorem
1400 3908 1606 3964 facere.
1691 3907 1756 3962 Si
1795 3924 1962 3982 grave
1989 3905 2257 3964 damnum
2289 3907 2659 3968 obventurum

477 4007 551 4064 sit
576 4008 629 4064 ei
658 4008 757 4078 qui
784 4008 1065 4082 promisit,
1108 4024 1182 4062 ex
1222 4015 1439 4062 secreto
1479 4013 1718 4073 servato,
1762 4015 1818 4062 et
1856 4006 2020 4063 famae
2061 4006 2152 4063 vel
2193 4006 2320 4062 vitae
2351 4001 2658 4068 discrimen

482 4106 765 4162 subiturus
806 4107 883 4163 sit
919 4106 1031 4163 nisi
1069 4104 1301 4169 revelet,
1344 4104 1680 4178 plerumque
1720 4105 2041 4163 censendus
2083 4114 2171 4163 est
2214 4107 2416 4164 secreti
2455 4108 2665 4185 obliga·

476 4203 627 4262 tione
668 4205 975 4271 immunis;
1017 4221 1125 4260 nec
1170 4203 1325 4260 enim
1369 4203 1545 4261 voluit
1582 4222 1644 4260 se
1691 4223 1822 4262 cum
1868 4205 1957 4261 sui
1997 4203 2336 4262 detrimento
2381 4207 2653 4282 obligare.

482 4301 581 4358 Sic
612 4301 767 4371 furti,
801 4303 1035 4370 fraudis,
1065 4300 1308 4359 caedisve
1348 4303 1604 4378 suspicio
1643 4312 1831 4378 potest
1871 4304 2026 4372 oriri,
2071 4304 2170 4362 illo
2205 4304 2427 4371 silente,
2459 4306 2577 4377 qui,
2605 4312 2668 4362 ut

476 4399 589 4457 sibi
612 4400 891 4470 consulat,
920 4421 1041 4460 rem
1066 4402 1177 4459 sibi
1204 4408 1416 4469 notam,
1446 4419 1617 4474 quam
1657 4412 1860 4480 sponte
1887 4421 2010 4470 sua,
2040 4402 2131 4461 vel
2178 4401 2407 4460 alterius
2435 4411 2654 4476 rogatu,
