3117 5217
447 570 562 625 164
843 564 958 623 DE
1009 562 1464 625 EMPTIONE
1507 562 1626 621 ET
1668 562 2233 621 VENDITIONE.

521 742 620 794 52.
663 735 918 793 Pretium
945 756 1062 794 non
1087 744 1324 810 augetur
1361 752 1470 791 nec
1512 733 1784 791 minuitur
1822 733 2020 791 notitia
2059 734 2278 809 privata
2304 748 2475 804 quam
2504 736 2635 808 quis

443 836 614 895 habet
637 836 720 891 rei
746 835 984 911 alicujus
1013 852 1150 893 mox
1177 843 1482 900 eventuroe,
1505 852 1618 905 qua
1642 850 1803 889 merx
1824 833 2001 892 rarior
2018 841 2113 889 aut
2137 834 2429 909 copiosior
2455 833 2639 891 futura

441 938 533 993 sit.
622 932 778 991 Hinc
821 942 1096 991 mercator
1137 933 1234 1004 qui
1261 951 1336 989 ex
1362 933 1563 989 litteris
1591 950 1733 1003 quas
1762 932 1999 1007 accepit,
2030 933 2189 989 novit
2214 931 2456 991 futuram
2486 951 2639 1008 mag-

440 1053 574 1093 nam
603 1036 898 1100 mercium,
929 1052 1068 1105 quas
1097 1031 1248 1107 apud
1275 1050 1338 1089 se
1365 1031 1552 1099 habet,
1584 1033 1831 1107 copiam,
1860 1048 1955 1087 eas
1984 1031 2163 1087 illaesa
2193 1030 2415 1108 justitia
2441 1031 2635 1089 vendit

439 1133 625 1209 pretio
678 1133 832 1205 quod
885 1133 1058 1207 vulgo
1107 1131 1342 1191 obtinet.
1432 1116 1615 1187 Licite
1668 1130 1833 1187 etiam
1882 1140 2173 1205 comparat
2224 1148 2399 1205 parvo
2450 1130 2631 1205 pretio

441 1250 686 1298 merces,
715 1249 856 1303 quas
884 1249 1022 1287 mox
1049 1230 1289 1287 rariores
1328 1228 1542 1285 futuras
1585 1230 1764 1295 novit,
1796 1246 1865 1285 eo
1906 1228 2099 1285 animo
2134 1236 2199 1285 ut
2236 1246 2333 1285 eas
2362 1229 2635 1304 deinceps

445 1330 670 1406 majori,
699 1329 854 1401 quod
883 1339 1016 1385 tunc
1043 1328 1339 1394 obtinebit,
1369 1328 1549 1401 pretio
1578 1320 1837 1385 vendat.¹
1916 1327 2193 1384 Peccaret
2225 1336 2411 1384 autem
2438 1338 2637 1385 contra

442 1428 775 1487 charitatem
802 1428 900 1500 qui
941 1448 1008 1485 ea
1046 1434 1293 1484 uteretur
1331 1426 1530 1483 notitia
1570 1427 1629 1483 in
1670 1426 1939 1503 pauperis
1978 1425 2219 1502 alicujus
2259 1445 2429 1502 grave
2471 1425 2637 1483 detri-

443 1537 716 1585 mentum.
799 1527 1051 1585 Peccant
1093 1528 1262 1583 etiam
1305 1525 1403 1597 qui
1441 1525 1615 1583 salsos
1662 1524 1985 1602 spargendo
2022 1542 2301 1591 rumorcS‚
2354 1527 2625 1582 mercium

443 1628 686 1701 pretium
713 1613 922 1703 augent
943 1608 1129 1689 ⁴valde,
1163 1624 1252 1681 vel
1279 1624 1556 1692 minuunt,
1587 1643 1717 1682 cum
1744 1624 2119 1700 plurimorum
2140 1625 2377 1701 jactura.

525 1729 623 1783 53.
669 1722 878 1782 Catius
915 1726 1252 1806 plerumque
1281 1721 1494 1780 credito
1539 1722 1859 1781 venduntur
1898 1740 2138 1790 mamea,
2181 1740 2351 1794 quarn
2394 1723 2638 1799 pecunia

445 1834 771 1882 numerata:
811 1824 965 1896 quod
1008 1824 1150 1880 intra
1185 1823 1330 1899 justi
1371 1822 1535 1898 pretii
1575 1822 1931 1902 latitudinem
1960 1840 2098 1880 sane
2134 1821 2289 1889 licet,
2320 1822 2635 1898 praesertim

443 1942 622 1995 quum
669 1922 864 1981 dilatio
907 1922 1207 1980 solutionis
1253 1920 1573 1997 periculum
1614 1920 1900 1994 quoddam
1940 1940 2136 1978 secum
2178 1920 2340 1987 ferat,
2388 1929 2445 1979 et
2491 1920 2637 1977 lucri

445 2022 834 2079 amissionem.
915 2021 1240 2096 Anticipata
1265 2019 1547 2077 solutione
1576 2039 1667 2077 res
1694 2038 2127 2092 nonnumquam
2152 2029 2435 2088 emuntur,
2465 2038 2531 2075 v:
2562 2037 2632 2096 g:

444 2138 620 2177 verno
649 2129 906 2195 tempore
935 2120 1062 2192 quis
1089 2120 1260 2177 solvit
1279 2120 1583 2196 pecuniam
1613 2138 1717 2196 pro
1756 2120 2045 2177 frumento
2082 2136 2157 2177 ex
2196 2138 2385 2176 messe
2427 2118 2632 2175 futura.

448 2218 704 2276 Pretium
742 2219 962 2294 justum
1005 2220 1110 2277 erit
1149 2217 1300 2290 quod
1341 2228 1597 2293 tempore
1638 2218 1953 2277 traditionis
1994 2219 2301 2276 obtinebit:
2345 2219 2438 2275 vel
2483 2215 2637 2289 quod

446 2316 846 2381 verosimiliter
897 2318 1195 2393 conjicitur
1245 2316 1526 2385 futurum3
1568 2318 1659 2375 vel
1698 2318 1989 2390 aliquanto
2028 2319 2242 2385 minus,
2289 2336 2466 2390 quum
2510 2317 2635 2374 haec

446 2416 587 2473 ratio
629 2416 861 2472 emendi
902 2415 1132 2472 inducat
1169 2415 1410 2472 rariores
1452 2424 1759 2492 emptores,
1846 2415 2135 2473 Gaeterum
2186 2417 2447 2489 iniquum
2490 2417 2639 2473 soret

446 2514 714 2590 pauperis
758 2514 1045 2591 angustias
1087 2514 1146 2571 in
1186 2514 1275 2570 sui
1315 2513 1681 2571 commodum
1722 2515 1797 2571 ita
1836 2524 2077 2581 vertere,
2119 2525 2183 2571 ut
2220 2534 2351 2573 eum
2392 2515 2633 2591 pecunia

446 2611 610 2670 valde
639 2612 986 2689 indigentem
1029 2614 1156 2685 quis
1197 2612 1476 2679 sublevet,
1505 2632 1575 2670 ea
1616 2612 1941 2671 conditione
1982 2613 2209 2679 emendi
2249 2615 2373 2691 ejus
2414 2631 2635 2671 merces

447 2712 630 2787 pretio
657 2711 812 2784 quod
829 2714 989 2789 justo
1014 2712 1186 2787 longe
1211 2713 1404 2769 minus
1431 2712 1526 2768 sit.

525 2815 622 2867 54.
689 2802 1147 2888 Chirographa²
1185 2810 1368 2885 pretio
1407 2810 1593 2866 viliori
1631 2810 1769 2867 licet
1804 2828 2017 2878 emere,
2060 2809 2287 2883 quando
2328 2809 2633 2868 difficultas

444 2908 701 2979 quaedam
729 2919 785 2964 et
809 2910 1072 2966 molestia
1106 2910 1166 2965 in
1203 2908 1274 2965 iis
1315 2907 1719 2983 recuperandis
1756 2908 1946 2967 adest:
1988 2910 2151 2967 valor
2188 2910 2406 2985 quippe
2433 2923 2633 2967 eorum

437 3007 606 3083 juxta
631 3025 993 3065 communem
1021 3006 1316 3065 hominum
1345 3007 1779 3065 aestimationem
1808 3007 1940 3066 inde
1968 3008 2260 3067 minuitur.
2317 3004 2383 3065 S]
2410 3019 2639 3084 emptor

446 3106 674 3181 copiam
714 3105 918 3164 habeat
953 3105 1264 3181 recipiendi
1305 3106 1607 3180 pecuniam
1647 3108 2010 3182 promissam,
2046 3125 2172 3179 quae,
2216 3107 2343 3165 aliis
2382 3106 2635 3165 difficilis

447 3204 762 3261 exactionis
789 3204 954 3271 foret,
983 3213 1118 3262 sunt
1141 3204 1242 3276 qui
1269 3222 1398 3261 cum
1427 3204 1491 3260 S.
1521 3204 1826 3281 Alphonso
1855 3206 2043 3265 Maria
2070 3205 2263 3263 dicunt
2288 3224 2419 3263 eum
2458 3223 2632 3281 posse

447 3302 618 3358 vilius
647 3302 868 3359 solvere
884 3303 1159 3383 pretium,
1197 3308 1236 3337 ‘⁴
1259 3303 1389 3374 quia
1427 3304 1669 3379 pretium
1711 3307 1957 3363 sumitur
1994 3325 2027 3361 a
2064 3306 2355 3363 communi
2396 3305 2635 3362 aestima-

451 3402 626 3467 tione,
656 3418 770 3458 non
799 3420 874 3457 ex
899 3402 1320 3460 circumstantia
1359 3403 1715 3478 particularis
1751 3394 2089 3462 ementis.'’³
2169 3404 2303 3461 Imo·
2334 3404 2525 3479 plures
2551 3402 2633 3460 di-

448 3509 588 3557 cunt
611 3500 1010 3579 chirographa,
1039 3502 1206 3557 etiam
1235 3510 1407 3569 certa,
1437 3514 1494 3558 et
1529 3502 1768 3574 liquida,
1798 3522 1969 3579 posse
2010 3504 2249 3560 minoris
2290 3504 2423 3568 emi,
2453 3520 2631 3573 quum

439 3600 607 3675 juxta
644 3618 1009 3659 communem
1049 3601 1483 3661 aestimationem
1537 3602 1727 3659 minus
1769 3603 1993 3659 valeant
2030 3602 2275 3677 pecunia
2316 3610 2628 3659 numerata.

518 3814 594 3873 (l)
631 3820 660 3843 “
672 3811 732 3860 In
754 3812 1078 3874 speculations
1099 3812 1152 3860 in
1174 3812 1319 3871 trade,
1338 3828 1390 3860 or
1411 3812 1464 3861 in
1487 3812 1571 3861 the
1588 3813 1762 3871 mocks,
1779 3813 1823 3861 if
1837 3812 1861 3861 1
1884 3811 2095 3861 exercise
2116 3828 2200 3875 my
2216 3812 2474 3877 judgmcnt
2495 3824 2631 3873 upon

457 3895 539 3945 the
562 3896 755 3955 general
778 3904 940 3959 aspect
961 3897 1056 3946 and
1077 3904 1271 3960 posture
1293 3898 1350 3947 of
1374 3898 1536 3962 public
1559 3898 1733 3958 affairS,
1756 3898 1852 3947 and
1873 3898 1979 3947 deal
2000 3897 2121 3946 with
2144 3915 2173 3947 a
2192 3914 2366 3961 person
2388 3898 2501 3946 who
2519 3912 2632 3945 con-

459 3979 598 4027 ducta
620 3978 822 4027 himself
844 3982 909 4043 by
931 3981 1013 4028 the
1037 3997 1167 4029 same
1190 3988 1288 4029 sort
1309 3982 1365 4029 of
1382 3983 1667 4045 judgment;
1702 3983 1784 4031 the
1805 3989 2018 4031 contract
2038 3982 2127 4030 has
2150 3983 2214 4030 all
2238 3982 2319 4029 the
2340 3980 2552 4044 equality
2574 3980 2627 4027 in

452 4061 491 4108 it
511 4061 673 4109 which
696 4061 738 4110 is
760 4078 1039 4127 necessary3
1072 4065 1160 4111 but
1183 4064 1227 4111 if
1253 4064 1275 4111 1
1297 4064 1421 4113 have
1445 4082 1606 4113 access
1627 4073 1677 4114 to
1700 4073 1873 4114 secrets
1896 4066 1952 4113 of
1978 4072 2098 4114 state
2121 4071 2172 4113 at
2191 4065 2350 4123 home,
2372 4080 2426 4112 or
2446 4063 2629 4127 private

450 4145 616 4194 advice
638 4146 694 4193 of
719 4162 851 4194 some
874 4148 1077 4196 decisive
1101 4165 1316 4198 measure
1339 4165 1392 4197 or
1414 4158 1558 4198 event
1578 4151 1765 4210 abroad,
1788 4151 1811 4199 1
1846 4158 2024 4199 cannot
2047 4150 2171 4199 uvail
2204 4149 2385 4212 myself
2411 4149 2467 4196 of
2491 4148 2627 4196 these

451 4231 742 4291 advantages
764 4231 884 4280 with
900 4232 1090 4296 justice,
1112 4235 1316 4283 because
1339 4234 1453 4298 they
1478 4251 1556 4283 are
1592 4236 1827 4284 excluded
1871 4237 1936 4298 by
1959 4236 2040 4283 the
2080 4238 2307 4293 contract,
2328 4232 2487 4281 which
2525 4248 2631 4295 pro-

449 4317 626 4366 ceeded
647 4332 780 4380 upon
806 4316 888 4364 the
911 4318 1214 4382 supposition
1236 4319 1380 4368 thatI
1403 4319 1500 4368 had
1521 4336 1588 4368 no
1610 4321 1731 4369 such
1766 4318 2077 4381 advantage.”
2149 4319 2314 4382 Paley,
2339 4318 2463 4369 Mor.
2490 4314 2628 4367 Phil.

449 4402 481 4449 l.
504 4401 554 4449 ii.
583 4418 625 4450 c.
649 4406 696 4451 8.

521 4489 606 4554 (2)
648 4487 964 4557 Promissory
991 4487 1150 4537 Notas.
1742 4490 1826 4558 (3)
1866 4487 1925 4538 L.
1946 4488 2015 4539 iii.
2036 4504 2086 4539 n.
2112 4489 2228 4537 829.
