<?xml version="1.0" encoding="UTF-8"?>
<!DOCTYPE html PUBLIC "-//W3C//DTD XHTML 1.0 Transitional//EN"
    "http://www.w3.org/TR/xhtml1/DTD/xhtml1-transitional.dtd">
<html xmlns="http://www.w3.org/1999/xhtml" xml:lang="en" lang="en">
 <head>
  <title>
</title>
<meta http-equiv="Content-Type" content="text/html;charset=utf-8" />
  <meta name='ocr-system' content='tesseract 3.04.00' />
  <meta name='ocr-capabilities' content='ocr_page ocr_carea ocr_par ocr_line ocrx_word'/>
</head>
<body>
  <div class='ocr_page' id='page_1' title='image "./theologiaemoral00unkngoog_0258.png"; bbox 0 0 3117 5217; ppageno 0'>
   <div class='ocr_carea' id='block_1_1' title="bbox 611 577 1965 644">
    <p class='ocr_par' dir='ltr' id='par_1_1' title="bbox 611 577 1965 644">
     <span class='ocr_line' id='line_1_1' title="bbox 611 577 1965 644; baseline -0.005 -1"><span class='ocrx_word' id='word_1_1' title='bbox 611 587 730 644; x_wconf 79' lang='lat'><strong>244</strong></span> <span class='ocrx_word' id='word_1_2' title='bbox 1429 579 1544 638; x_wconf 87' lang='lat' dir='ltr'><strong>DE</strong></span> <span class='ocrx_word' id='word_1_3' title='bbox 1588 577 1965 638; x_wconf 86' lang='lat' dir='ltr'><strong>SIMONIA.</strong></span> 
     </span>
    </p>
   </div>
   <div class='ocr_carea' id='block_1_2' title="bbox 1493 1085 1926 1145">
    <p class='ocr_par' dir='ltr' id='par_1_2' title="bbox 1493 1085 1926 1145">
     <span class='ocr_line' id='line_1_2' title="bbox 1493 1085 1926 1145; baseline -0.007 0"><span class='ocrx_word' id='word_1_4' title='bbox 1493 1085 1776 1145; x_wconf 85' lang='lat' dir='ltr'>CAPUT</span> <span class='ocrx_word' id='word_1_5' title='bbox 1820 1085 1926 1143; x_wconf 89' lang='lat' dir='ltr'><strong>VI.</strong></span> 
     </span>
    </p>
   </div>
   <div class='ocr_carea' id='block_1_3' title="bbox 1528 1303 1905 1342">
    <p class='ocr_par' dir='ltr' id='par_1_3' title="bbox 1528 1303 1905 1342">
     <span class='ocr_line' id='line_1_3' title="bbox 1528 1303 1905 1342; baseline -0.003 -1"><span class='ocrx_word' id='word_1_6' title='bbox 1528 1303 1606 1341; x_wconf 76' lang='lat' dir='ltr'><strong>DE</strong></span> <span class='ocrx_word' id='word_1_7' title='bbox 1636 1303 1905 1342; x_wconf 79' lang='lat' dir='ltr'><strong>SfflONIA.</strong></span> 
     </span>
    </p>
   </div>
   <div class='ocr_carea' id='block_1_4' title="bbox 1239 1469 2184 1556">
    <p class='ocr_par' dir='ltr' id='par_1_4' title="bbox 1239 1469 2184 1556">
     <span class='ocr_line' id='line_1_4' title="bbox 1239 1469 2184 1556; baseline -0.002 -17"><span class='ocrx_word' id='word_1_8' title='bbox 1239 1483 1289 1556; x_wconf 87' lang='lat'><strong>§.</strong></span> <span class='ocrx_word' id='word_1_9' title='bbox 1319 1482 1368 1539; x_wconf 94' lang='lat' dir='ltr'><strong>I.</strong></span> <span class='ocrx_word' id='word_1_10' title='bbox 1412 1481 1507 1540; x_wconf 72' lang='lat' dir='ltr'><strong>Dn</strong></span> <span class='ocrx_word' id='word_1_11' title='bbox 1549 1501 1814 1540; x_wconf 66' lang='lat' dir='ltr'><strong>summa-2</strong></span> <span class='ocrx_word' id='word_1_12' title='bbox 1845 1469 2184 1539; x_wconf 73' lang='lat' dir='ltr'><strong>sPEciEBUS.</strong></span> 
     </span>
    </p>
   </div>
   <div class='ocr_carea' id='block_1_5' title="bbox 626 1649 2794 4406">
    <p class='ocr_par' dir='ltr' id='par_1_5' title="bbox 626 1649 2793 3710">
     <span class='ocr_line' id='line_1_5' title="bbox 704 1649 2779 1729; baseline -0.005 -16"><span class='ocrx_word' id='word_1_13' title='bbox 704 1661 801 1715; x_wconf 84' lang='lat'><strong>57.</strong></span> <span class='ocrx_word' id='word_1_14' title='bbox 845 1656 1124 1720; x_wconf 73' lang='lat' dir='ltr'><strong>simonia,</strong></span> <span class='ocrx_word' id='word_1_15' title='bbox 1167 1673 1198 1710; x_wconf 85' lang='lat' dir='ltr'><strong>a</strong></span> <span class='ocrx_word' id='word_1_16' title='bbox 1239 1653 1477 1710; x_wconf 85' lang='lat' dir='ltr'>Simone</span> <span class='ocrx_word' id='word_1_17' title='bbox 1507 1653 1684 1729; x_wconf 83' lang='lat' dir='ltr'><strong>Mago</strong></span> <span class='ocrx_word' id='word_1_18' title='bbox 1711 1651 1879 1719; x_wconf 88' lang='lat' dir='ltr'><strong>dicta,</strong></span> <span class='ocrx_word' id='word_1_19' title='bbox 1910 1653 2005 1724; x_wconf 93' lang='lat' dir='ltr'><strong>qui</strong></span> <span class='ocrx_word' id='word_1_20' title='bbox 2034 1651 2335 1728; x_wconf 87' lang='lat' dir='ltr'><strong>pecuniam</strong></span> <span class='ocrx_word' id='word_1_21' title='bbox 2378 1650 2580 1708; x_wconf 89' lang='lat' dir='ltr'><strong>obtulit</strong></span> <span class='ocrx_word' id='word_1_22' title='bbox 2614 1649 2779 1724; x_wconf 88' lang='lat' dir='ltr'><strong>Apos-</strong></span> 
     </span>
     <span class='ocr_line' id='line_1_6' title="bbox 626 1737 2782 1834; baseline -0.006 -20"><span class='ocrx_word' id='word_1_23' title='bbox 626 1755 754 1814; x_wconf 87' lang='lat' dir='ltr'><strong>tolis</strong></span> <span class='ocrx_word' id='word_1_24' title='bbox 781 1765 844 1813; x_wconf 88' lang='lat' dir='ltr'><strong>ut</strong></span> <span class='ocrx_word' id='word_1_25' title='bbox 869 1763 1200 1834; x_wconf 80' lang='lat' dir='ltr'><strong>potestatem</strong></span> <span class='ocrx_word' id='word_1_26' title='bbox 1227 1751 1396 1810; x_wconf 90' lang='lat' dir='ltr'><strong>dandi</strong></span> <span class='ocrx_word' id='word_1_27' title='bbox 1438 1752 1715 1829; x_wconf 85' lang='lat' dir='ltr'><strong>Spiritum</strong></span> <span class='ocrx_word' id='word_1_28' title='bbox 1744 1737 2016 1808; x_wconf 86' lang='lat' dir='ltr'><strong>Sanctum</strong></span> <span class='ocrx_word' id='word_1_29' title='bbox 2064 1751 2173 1808; x_wconf 86' lang='lat' dir='ltr'><strong>sibi</strong></span> <span class='ocrx_word' id='word_1_30' title='bbox 2204 1758 2581 1826; x_wconf 82' lang='lat' dir='ltr'><strong>compararet,</strong></span> <span class='ocrx_word' id='word_1_31' title='bbox 2606 1748 2782 1806; x_wconf 88' lang='lat' dir='ltr'><strong>vitium</strong></span> 
     </span>
     <span class='ocr_line' id='line_1_7' title="bbox 629 1844 2785 1931; baseline -0.006 -19"><span class='ocrx_word' id='word_1_32' title='bbox 629 1864 717 1912; x_wconf 88' lang='lat' dir='ltr'><strong>est</strong></span> <span class='ocrx_word' id='word_1_33' title='bbox 741 1855 1004 1931; x_wconf 84' lang='lat' dir='ltr'>religioni</span> <span class='ocrx_word' id='word_1_34' title='bbox 1029 1853 1405 1910; x_wconf 87' lang='lat' dir='ltr'><strong>contrarium:</strong></span> <span class='ocrx_word' id='word_1_35' title='bbox 1449 1861 1538 1908; x_wconf 88' lang='lat' dir='ltr'><strong>est</strong></span> <span class='ocrx_word' id='word_1_36' title='bbox 1564 1851 1719 1908; x_wconf 90' lang='lat' dir='ltr'><strong>enim</strong></span> <span class='ocrx_word' id='word_1_37' title='bbox 1770 1859 1809 1886; x_wconf 78' lang='lat'><strong>‘⁶</strong></span> <span class='ocrx_word' id='word_1_38' title='bbox 1832 1850 2085 1908; x_wconf 89' lang='lat' dir='ltr'><strong>studiosa</strong></span> <span class='ocrx_word' id='word_1_39' title='bbox 2122 1849 2380 1907; x_wconf 87' lang='lat' dir='ltr'><strong>voluntas</strong></span> <span class='ocrx_word' id='word_1_40' title='bbox 2427 1847 2671 1915; x_wconf 87' lang='lat' dir='ltr'><strong>emendi,</strong></span> <span class='ocrx_word' id='word_1_41' title='bbox 2708 1844 2785 1901; x_wconf 85' lang='lat' dir='ltr'><strong>vel</strong></span> 
     </span>
     <span class='ocr_line' id='line_1_8' title="bbox 629 1947 2784 2026; baseline -0.004 -17"><span class='ocrx_word' id='word_1_42' title='bbox 629 1952 912 2010; x_wconf 87' lang='lat' dir='ltr'><strong>vendendi</strong></span> <span class='ocrx_word' id='word_1_43' title='bbox 937 1951 1148 2023; x_wconf 93' lang='lat' dir='ltr'><strong>aliquid</strong></span> <span class='ocrx_word' id='word_1_44' title='bbox 1187 1949 1496 2025; x_wconf 85' lang='lat' dir='ltr'><strong>spirituale,</strong></span> <span class='ocrx_word' id='word_1_45' title='bbox 1539 1951 1633 2007; x_wconf 88' lang='lat' dir='ltr'><strong>vel</strong></span> <span class='ocrx_word' id='word_1_46' title='bbox 1677 1950 1956 2026; x_wconf 82' lang='lat' dir='ltr'><strong>spirituali</strong></span> <span class='ocrx_word' id='word_1_47' title='bbox 2002 1967 2288 2006; x_wconf 88' lang='lat' dir='ltr'><strong>annexum</strong></span> <span class='ocrx_word' id='word_1_48' title='bbox 2312 1947 2373 2005; x_wconf 80' lang='lat'><strong>:⁹⁹</strong></span> <span class='ocrx_word' id='word_1_49' title='bbox 2418 1947 2575 2020; x_wconf 91' lang='lat' dir='ltr'><strong>quod</strong></span> <span class='ocrx_word' id='word_1_50' title='bbox 2613 1948 2784 2018; x_wconf 85' lang='lat' dir='ltr'><strong>utique</strong></span> 
     </span>
     <span class='ocr_line' id='line_1_9' title="bbox 631 2046 2787 2125; baseline -0.003 -17"><span class='ocrx_word' id='word_1_51' title='bbox 631 2051 755 2107; x_wconf 87' lang='lat' dir='ltr'><strong>fieri</strong></span> <span class='ocrx_word' id='word_1_52' title='bbox 783 2069 897 2108; x_wconf 93' lang='lat' dir='ltr'><strong>non</strong></span> <span class='ocrx_word' id='word_1_53' title='bbox 924 2058 1112 2125; x_wconf 84' lang='lat' dir='ltr'><strong>potest</strong></span> <span class='ocrx_word' id='word_1_54' title='bbox 1137 2049 1352 2121; x_wconf 83' lang='lat' dir='ltr'>absque</span> <span class='ocrx_word' id='word_1_55' title='bbox 1379 2048 1556 2107; x_wconf 90' lang='lat' dir='ltr'><strong>divini</strong></span> <span class='ocrx_word' id='word_1_56' title='bbox 1582 2049 1765 2107; x_wconf 88' lang='lat' dir='ltr'><strong>cultus</strong></span> <span class='ocrx_word' id='word_1_57' title='bbox 1794 2049 2154 2116; x_wconf 88' lang='lat' dir='ltr'><strong>detriment0‚</strong></span> <span class='ocrx_word' id='word_1_58' title='bbox 2184 2059 2242 2105; x_wconf 87' lang='lat' dir='ltr'><strong>et</strong></span> <span class='ocrx_word' id='word_1_59' title='bbox 2259 2049 2486 2124; x_wconf 88' lang='lat' dir='ltr'><strong>injuria.</strong></span> <span class='ocrx_word' id='word_1_60' title='bbox 2574 2056 2610 2082; x_wconf 80' lang='lat'><strong>‘⁶</strong></span> <span class='ocrx_word' id='word_1_61' title='bbox 2629 2046 2787 2120; x_wconf 88' lang='lat' dir='ltr'><strong>Emp-</strong></span> 
     </span>
     <span class='ocr_line' id='line_1_10' title="bbox 633 2129 2787 2224; baseline -0.004 -18"><span class='ocrx_word' id='word_1_62' title='bbox 633 2149 804 2208; x_wconf 85' lang='lat' dir='ltr'><strong>tionis</strong></span> <span class='ocrx_word' id='word_1_63' title='bbox 833 2159 1019 2206; x_wconf 88' lang='lat' dir='ltr'><strong>autem</strong></span> <span class='ocrx_word' id='word_1_64' title='bbox 1047 2159 1103 2206; x_wconf 91' lang='lat' dir='ltr'><strong>et</strong></span> <span class='ocrx_word' id='word_1_65' title='bbox 1127 2147 1468 2206; x_wconf 84' lang='lat' dir='ltr'><strong>venditionis</strong></span> <span class='ocrx_word' id='word_1_66' title='bbox 1491 2157 1578 2206; x_wconf 88' lang='lat' dir='ltr'><strong>est</strong></span> <span class='ocrx_word' id='word_1_67' title='bbox 1596 2149 1832 2206; x_wconf 88' lang='lat' dir='ltr'><strong>materia</strong></span> <span class='ocrx_word' id='word_1_68' title='bbox 1860 2146 2107 2206; x_wconf 88' lang='lat' dir='ltr'><strong>indebita</strong></span> <span class='ocrx_word' id='word_1_69' title='bbox 2131 2165 2221 2205; x_wconf 91' lang='lat' dir='ltr'><strong>res</strong></span> <span class='ocrx_word' id='word_1_70' title='bbox 2249 2129 2580 2224; x_wconf 76' lang='lat' dir='ltr'><strong>spiritualiS‚</strong></span> <span class='ocrx_word' id='word_1_71' title='bbox 2607 2142 2787 2220; x_wconf 88' lang='lat' dir='ltr'><strong>triplici</strong></span> 
     </span>
     <span class='ocr_line' id='line_1_11' title="bbox 631 2235 2787 2324; baseline -0.004 -18"><span class='ocrx_word' id='word_1_72' title='bbox 631 2249 846 2306; x_wconf 90' lang='lat' dir='ltr'><strong>ratione</strong></span> <span class='ocrx_word' id='word_1_73' title='bbox 871 2269 884 2305; x_wconf 73' lang='grc' dir='ltr'><strong>ε</strong></span> <span class='ocrx_word' id='word_1_74' title='bbox 927 2248 1392 2324; x_wconf 87' lang='lat' dir='ltr'><strong>primoquidem,</strong></span> <span class='ocrx_word' id='word_1_75' title='bbox 1422 2235 1563 2320; x_wconf 84' lang='lat' dir='ltr'><strong>quia</strong></span> <span class='ocrx_word' id='word_1_76' title='bbox 1582 2267 1672 2306; x_wconf 91' lang='lat' dir='ltr'><strong>res</strong></span> <span class='ocrx_word' id='word_1_77' title='bbox 1700 2248 2005 2322; x_wconf 86' lang='lat' dir='ltr'><strong>spiritualis</strong></span> <span class='ocrx_word' id='word_1_78' title='bbox 2026 2266 2142 2305; x_wconf 91' lang='lat' dir='ltr'><strong>non</strong></span> <span class='ocrx_word' id='word_1_79' title='bbox 2170 2255 2355 2322; x_wconf 87' lang='lat' dir='ltr'><strong>potest</strong></span> <span class='ocrx_word' id='word_1_80' title='bbox 2371 2247 2567 2318; x_wconf 89' lang='lat' dir='ltr'><strong>aliquo</strong></span> <span class='ocrx_word' id='word_1_81' title='bbox 2593 2255 2787 2302; x_wconf 75' lang='lat' dir='ltr'><strong>terreno</strong></span> 
     </span>
     <span class='ocr_line' id='line_1_12' title="bbox 636 2341 2785 2423; baseline -0.005 -19"><span class='ocrx_word' id='word_1_82' title='bbox 636 2349 818 2423; x_wconf 85' lang='lat' dir='ltr'><strong>pretio</strong></span> <span class='ocrx_word' id='word_1_83' title='bbox 871 2349 1262 2422; x_wconf 87' lang='lat' dir='ltr'><strong>compensari:</strong></span> <span class='ocrx_word' id='word_1_84' title='bbox 1332 2355 1394 2403; x_wconf 93' lang='lat' dir='ltr'><strong>ut</strong></span> <span class='ocrx_word' id='word_1_85' title='bbox 1444 2345 1513 2402; x_wconf 90' lang='lat' dir='ltr'><strong>de</strong></span> <span class='ocrx_word' id='word_1_86' title='bbox 1568 2347 1862 2422; x_wconf 82' lang='lat' dir='ltr'><strong>Sapientia</strong></span> <span class='ocrx_word' id='word_1_87' title='bbox 1914 2346 2116 2404; x_wconf 86' lang='lat' dir='ltr'><strong>dicitur</strong></span> <span class='ocrx_word' id='word_1_88' title='bbox 2168 2346 2613 2403; x_wconf 88' lang='lat' dir='ltr'><strong>Proverbiorum</strong></span> <span class='ocrx_word' id='word_1_89' title='bbox 2658 2341 2785 2400; x_wconf 88' lang='lat' dir='ltr'><strong>III.:</strong></span> 
     </span>
     <span class='ocr_line' id='line_1_13' title="bbox 639 2440 2788 2521; baseline -0.004 -18"><span class='ocrx_word' id='word_1_90' title='bbox 639 2446 1012 2504; x_wconf 86' lang='lat' dir='ltr'><strong>“Pretiosior</strong></span> <span class='ocrx_word' id='word_1_91' title='bbox 1037 2455 1124 2501; x_wconf 88' lang='lat' dir='ltr'><strong>est</strong></span> <span class='ocrx_word' id='word_1_92' title='bbox 1162 2445 1380 2504; x_wconf 90' lang='lat' dir='ltr'><strong>cunctis</strong></span> <span class='ocrx_word' id='word_1_93' title='bbox 1425 2445 1670 2521; x_wconf 86' lang='lat' dir='ltr'><strong>opibus:</strong></span> <span class='ocrx_word' id='word_1_94' title='bbox 1716 2454 1774 2502; x_wconf 88' lang='lat' dir='ltr'><strong>et</strong></span> <span class='ocrx_word' id='word_1_95' title='bbox 1820 2446 2013 2503; x_wconf 89' lang='lat' dir='ltr'><strong>omnia</strong></span> <span class='ocrx_word' id='word_1_96' title='bbox 2058 2464 2183 2518; x_wconf 86' lang='lat' dir='ltr'><strong>quae</strong></span> <span class='ocrx_word' id='word_1_97' title='bbox 2223 2443 2632 2510; x_wconf 85' lang='lat' dir='ltr'><strong>desiderantur,</strong></span> <span class='ocrx_word' id='word_1_98' title='bbox 2676 2440 2788 2498; x_wconf 88' lang='lat' dir='ltr'><strong>huic</strong></span> 
     </span>
     <span class='ocr_line' id='line_1_14' title="bbox 637 2539 2790 2620; baseline -0.005 -16"><span class='ocrx_word' id='word_1_99' title='bbox 637 2564 754 2604; x_wconf 91' lang='lat' dir='ltr'><strong>non</strong></span> <span class='ocrx_word' id='word_1_100' title='bbox 781 2545 969 2602; x_wconf 89' lang='lat' dir='ltr'><strong>valent</strong></span> <span class='ocrx_word' id='word_1_101' title='bbox 992 2543 1349 2620; x_wconf 75' lang='lat' dir='ltr'><strong>comparari-⁹</strong></span> <span class='ocrx_word' id='word_1_102' title='bbox 1403 2544 1542 2602; x_wconf 90' lang='lat' dir='ltr'><strong>Ideo</strong></span> <span class='ocrx_word' id='word_1_103' title='bbox 1570 2547 1737 2602; x_wconf 88' lang='lat' dir='ltr'><strong>etiam</strong></span> <span class='ocrx_word' id='word_1_104' title='bbox 1765 2545 1971 2602; x_wconf 89' lang='lat' dir='ltr'><strong>Petrus</strong></span> <span class='ocrx_word' id='word_1_105' title='bbox 1998 2546 2057 2602; x_wconf 91' lang='lat' dir='ltr'><strong>in</strong></span> <span class='ocrx_word' id='word_1_106' title='bbox 2085 2545 2211 2620; x_wconf 89' lang='lat' dir='ltr'><strong>ipsa</strong></span> <span class='ocrx_word' id='word_1_107' title='bbox 2229 2544 2317 2601; x_wconf 91' lang='lat' dir='ltr'><strong>sui</strong></span> <span class='ocrx_word' id='word_1_108' title='bbox 2342 2543 2534 2614; x_wconf 84' lang='lat' dir='ltr'><strong>radice</strong></span> <span class='ocrx_word' id='word_1_109' title='bbox 2564 2539 2790 2600; x_wconf 84' lang='lat' dir='ltr'><strong>Simonis</strong></span> 
     </span>
     <span class='ocr_line' id='line_1_15' title="bbox 637 2639 2789 2722; baseline -0.004 -20"><span class='ocrx_word' id='word_1_110' title='bbox 637 2646 967 2722; x_wconf 83' lang='lat' dir='ltr'><strong>pravitatem</strong></span> <span class='ocrx_word' id='word_1_111' title='bbox 998 2644 1405 2710; x_wconf 82' lang='lat' dir='ltr'><strong>condemnans,</strong></span> <span class='ocrx_word' id='word_1_112' title='bbox 1433 2643 1613 2702; x_wconf 71' lang='lat' dir='ltr'><strong>dixitz</strong></span> <span class='ocrx_word' id='word_1_113' title='bbox 1660 2652 1675 2678; x_wconf 89' lang='lat'>‘</span> <span class='ocrx_word' id='word_1_114' title='bbox 1699 2643 1953 2701; x_wconf 83' lang='lat' dir='ltr'><strong>Pecunia</strong></span> <span class='ocrx_word' id='word_1_115' title='bbox 1990 2652 2085 2700; x_wconf 91' lang='lat' dir='ltr'><strong>tua</strong></span> <span class='ocrx_word' id='word_1_116' title='bbox 2110 2651 2293 2699; x_wconf 89' lang='lat' dir='ltr'><strong>tecum</strong></span> <span class='ocrx_word' id='word_1_117' title='bbox 2319 2643 2393 2699; x_wconf 90' lang='lat' dir='ltr'><strong>sit</strong></span> <span class='ocrx_word' id='word_1_118' title='bbox 2420 2643 2481 2700; x_wconf 91' lang='lat' dir='ltr'><strong>in</strong></span> <span class='ocrx_word' id='word_1_119' title='bbox 2510 2639 2789 2719; x_wconf 87' lang='lat' dir='ltr'><strong>perdition-</strong></span> 
     </span>
     <span class='ocr_line' id='line_1_16' title="bbox 636 2735 2789 2818; baseline -0.004 -17"><span class='ocrx_word' id='word_1_120' title='bbox 636 2763 728 2801; x_wconf 90' lang='lat' dir='ltr'><strong>em</strong></span> <span class='ocrx_word' id='word_1_121' title='bbox 753 2765 767 2801; x_wconf 85' lang='lat'>:</span> <span class='ocrx_word' id='word_1_122' title='bbox 813 2745 1080 2816; x_wconf 89' lang='lat' dir='ltr'><strong>quoniam</strong></span> <span class='ocrx_word' id='word_1_123' title='bbox 1107 2742 1321 2802; x_wconf 89' lang='lat' dir='ltr'><strong>donum</strong></span> <span class='ocrx_word' id='word_1_124' title='bbox 1349 2742 1462 2800; x_wconf 89' lang='lat' dir='ltr'><strong>Dei</strong></span> <span class='ocrx_word' id='word_1_125' title='bbox 1489 2743 1829 2800; x_wconf 82' lang='lat' dir='ltr'><strong>existimasti</strong></span> <span class='ocrx_word' id='word_1_126' title='bbox 1847 2743 2090 2818; x_wconf 86' lang='lat' dir='ltr'><strong>pecunia</strong></span> <span class='ocrx_word' id='word_1_127' title='bbox 2112 2740 2440 2817; x_wconf 89' lang='lat' dir='ltr'><strong>possideri.’</strong></span> <span class='ocrx_word' id='word_1_128' title='bbox 2526 2735 2789 2800; x_wconf 87' lang='lat' dir='ltr'><strong>Secundo,</strong></span> 
     </span>
     <span class='ocr_line' id='line_1_17' title="bbox 636 2840 2789 2917; baseline -0.005 -17"><span class='ocrx_word' id='word_1_129' title='bbox 636 2844 771 2915; x_wconf 90' lang='lat' dir='ltr'><strong>quia</strong></span> <span class='ocrx_word' id='word_1_130' title='bbox 791 2842 847 2898; x_wconf 91' lang='lat' dir='ltr'><strong>id</strong></span> <span class='ocrx_word' id='word_1_131' title='bbox 874 2861 992 2900; x_wconf 90' lang='lat' dir='ltr'><strong>non</strong></span> <span class='ocrx_word' id='word_1_132' title='bbox 1018 2850 1209 2917; x_wconf 89' lang='lat' dir='ltr'><strong>potest</strong></span> <span class='ocrx_word' id='word_1_133' title='bbox 1232 2861 1358 2899; x_wconf 88' lang='lat' dir='ltr'><strong>esse</strong></span> <span class='ocrx_word' id='word_1_134' title='bbox 1388 2840 1575 2898; x_wconf 91' lang='lat' dir='ltr'><strong>debita</strong></span> <span class='ocrx_word' id='word_1_135' title='bbox 1600 2840 1942 2899; x_wconf 82' lang='lat' dir='ltr'><strong>venditionis</strong></span> <span class='ocrx_word' id='word_1_136' title='bbox 1970 2840 2221 2906; x_wconf 90' lang='lat' dir='ltr'><strong>materia,</strong></span> <span class='ocrx_word' id='word_1_137' title='bbox 2242 2840 2404 2915; x_wconf 90' lang='lat' dir='ltr'><strong>cujus</strong></span> <span class='ocrx_word' id='word_1_138' title='bbox 2420 2841 2676 2898; x_wconf 90' lang='lat' dir='ltr'><strong>venditor</strong></span> <span class='ocrx_word' id='word_1_139' title='bbox 2692 2852 2789 2893; x_wconf 90' lang='lat' dir='ltr'><strong>non</strong></span> 
     </span>
     <span class='ocr_line' id='line_1_18' title="bbox 638 2934 2793 3015; baseline -0.004 -19"><span class='ocrx_word' id='word_1_140' title='bbox 638 2949 725 2996; x_wconf 85' lang='lat' dir='ltr'><strong>est</strong></span> <span class='ocrx_word' id='word_1_141' title='bbox 750 2939 1053 2997; x_wconf 86' lang='lat' dir='ltr'><strong>dominus:</strong></span> <span class='ocrx_word' id='word_1_142' title='bbox 1101 2982 1116 2996; x_wconf 94' lang='lat'><strong>.</strong></span> <span class='ocrx_word' id='word_1_143' title='bbox 1157 2981 1171 2996; x_wconf 90' lang='lat'><strong>.</strong></span> <span class='ocrx_word' id='word_1_144' title='bbox 1205 2983 1220 2998; x_wconf 89' lang='lat'><strong>.</strong></span> <span class='ocrx_word' id='word_1_145' title='bbox 1251 2939 1511 3015; x_wconf 75' lang='lat' dir='ltr'><strong>praelatus</strong></span> <span class='ocrx_word' id='word_1_146' title='bbox 1535 2949 1724 2999; x_wconf 87' lang='lat' dir='ltr'><strong>autem</strong></span> <span class='ocrx_word' id='word_1_147' title='bbox 1766 2939 2045 2998; x_wconf 75' lang='lat' dir='ltr'><strong>Ecclesi‘ae</strong></span> <span class='ocrx_word' id='word_1_148' title='bbox 2086 2957 2203 2997; x_wconf 91' lang='lat' dir='ltr'><strong>non</strong></span> <span class='ocrx_word' id='word_1_149' title='bbox 2227 2942 2317 2995; x_wconf 81' lang='lat' dir='ltr'><strong>est</strong></span> <span class='ocrx_word' id='word_1_150' title='bbox 2343 2938 2611 2997; x_wconf 89' lang='lat' dir='ltr'><strong>dominus</strong></span> <span class='ocrx_word' id='word_1_151' title='bbox 2638 2934 2793 3013; x_wconf 88' lang='lat' dir='ltr'><strong>spirit-</strong></span> 
     </span>
     <span class='ocr_line' id='line_1_19' title="bbox 643 3032 2791 3114; baseline -0.001 -18"><span class='ocrx_word' id='word_1_152' title='bbox 643 3038 857 3096; x_wconf 90' lang='lat' dir='ltr'><strong>ualium</strong></span> <span class='ocrx_word' id='word_1_153' title='bbox 885 3057 1093 3106; x_wconf 89' lang='lat' dir='ltr'><strong>rerum,</strong></span> <span class='ocrx_word' id='word_1_154' title='bbox 1122 3037 1225 3096; x_wconf 89' lang='lat' dir='ltr'><strong>sed</strong></span> <span class='ocrx_word' id='word_1_155' title='bbox 1252 3038 1642 3114; x_wconf 83' lang='lat' dir='ltr'><strong>dispensator:</strong></span> <span class='ocrx_word' id='word_1_156' title='bbox 1686 3039 1999 3096; x_wconf 88' lang='lat' dir='ltr'><strong>secundum</strong></span> <span class='ocrx_word' id='word_1_157' title='bbox 2020 3037 2153 3094; x_wconf 92' lang='lat' dir='ltr'><strong>illud</strong></span> <span class='ocrx_word' id='word_1_158' title='bbox 2190 3042 2215 3094; x_wconf 95' lang='lat' dir='ltr'><strong>l</strong></span> <span class='ocrx_word' id='word_1_159' title='bbox 2250 3037 2317 3094; x_wconf 89' lang='lat' dir='ltr'><strong>ad</strong></span> <span class='ocrx_word' id='word_1_160' title='bbox 2348 3037 2491 3096; x_wconf 88' lang='lat' dir='ltr'><strong>Cor.</strong></span> <span class='ocrx_word' id='word_1_161' title='bbox 2523 3041 2599 3097; x_wconf 89' lang='lat' dir='ltr'><strong>iv.</strong></span> <span class='ocrx_word' id='word_1_162' title='bbox 2680 3043 2693 3069; x_wconf 88' lang='lat'>‘</span> <span class='ocrx_word' id='word_1_163' title='bbox 2712 3032 2791 3089; x_wconf 78' lang='lat' dir='ltr'><strong>Sic</strong></span> 
     </span>
     <span class='ocr_line' id='line_1_20' title="bbox 645 3129 2792 3213; baseline -0.003 -19"><span class='ocrx_word' id='word_1_164' title='bbox 645 3155 750 3194; x_wconf 89' lang='lat' dir='ltr'><strong>nos</strong></span> <span class='ocrx_word' id='word_1_165' title='bbox 779 3137 1070 3194; x_wconf 86' lang='lat' dir='ltr'><strong>existimet</strong></span> <span class='ocrx_word' id='word_1_166' title='bbox 1094 3137 1270 3194; x_wconf 90' lang='lat' dir='ltr'><strong>homo</strong></span> <span class='ocrx_word' id='word_1_167' title='bbox 1297 3146 1358 3193; x_wconf 85' lang='lat' dir='ltr'><strong>ut</strong></span> <span class='ocrx_word' id='word_1_168' title='bbox 1383 3139 1673 3194; x_wconf 87' lang='lat' dir='ltr'><strong>ministros</strong></span> <span class='ocrx_word' id='word_1_169' title='bbox 1716 3137 1936 3195; x_wconf 83' lang='lat' dir='ltr'><strong>Christi</strong></span> <span class='ocrx_word' id='word_1_170' title='bbox 1976 3147 2031 3195; x_wconf 90' lang='lat' dir='ltr'><strong>et</strong></span> <span class='ocrx_word' id='word_1_171' title='bbox 2070 3129 2494 3211; x_wconf 82' lang='lat' dir='ltr'><strong>dispensatores</strong></span> <span class='ocrx_word' id='word_1_172' title='bbox 2524 3132 2792 3213; x_wconf 80' lang='lat' dir='ltr'><strong>mysterio-</strong></span> 
     </span>
     <span class='ocr_line' id='line_1_21' title="bbox 641 3233 2789 3313; baseline 0 -23"><span class='ocrx_word' id='word_1_173' title='bbox 641 3253 768 3291; x_wconf 89' lang='lat' dir='ltr'><strong>rum</strong></span> <span class='ocrx_word' id='word_1_174' title='bbox 795 3233 953 3290; x_wconf 89' lang='lat' dir='ltr'><strong>Dei.’</strong></span> <span class='ocrx_word' id='word_1_175' title='bbox 1039 3233 1259 3300; x_wconf 73' lang='lat' dir='ltr'><strong>Tertio,</strong></span> <span class='ocrx_word' id='word_1_176' title='bbox 1290 3235 1422 3305; x_wconf 89' lang='lat' dir='ltr'><strong>quia</strong></span> <span class='ocrx_word' id='word_1_177' title='bbox 1449 3235 1700 3293; x_wconf 87' lang='lat' dir='ltr'><strong>venditio</strong></span> <span class='ocrx_word' id='word_1_178' title='bbox 1727 3245 2003 3313; x_wconf 87' lang='lat' dir='ltr'><strong>repugnat</strong></span> <span class='ocrx_word' id='word_1_179' title='bbox 2028 3236 2408 3311; x_wconf 88' lang='lat' dir='ltr'><strong>spiritualium</strong></span> <span class='ocrx_word' id='word_1_180' title='bbox 2436 3235 2658 3312; x_wconf 82' lang='lat' dir='ltr'><strong>origini,</strong></span> <span class='ocrx_word' id='word_1_181' title='bbox 2686 3247 2789 3304; x_wconf 78' lang='lat' dir='ltr'><strong>quae</strong></span> 
     </span>
     <span class='ocr_line' id='line_1_22' title="bbox 643 3319 2793 3409; baseline -0.001 -19"><span class='ocrx_word' id='word_1_182' title='bbox 643 3351 718 3390; x_wconf 82' lang='lat' dir='ltr'><strong>ex</strong></span> <span class='ocrx_word' id='word_1_183' title='bbox 771 3333 1005 3409; x_wconf 85' lang='lat' dir='ltr'><strong>gratuita</strong></span> <span class='ocrx_word' id='word_1_184' title='bbox 1057 3331 1340 3390; x_wconf 88' lang='lat' dir='ltr'><strong>voluntate</strong></span> <span class='ocrx_word' id='word_1_185' title='bbox 1391 3332 1504 3391; x_wconf 89' lang='lat' dir='ltr'><strong>Dei</strong></span> <span class='ocrx_word' id='word_1_186' title='bbox 1557 3319 1920 3408; x_wconf 73' lang='lat' dir='ltr'><strong>proveniunt.</strong></span> <span class='ocrx_word' id='word_1_187' title='bbox 2006 3334 2176 3393; x_wconf 91' lang='lat' dir='ltr'><strong>Unde</strong></span> <span class='ocrx_word' id='word_1_188' title='bbox 2229 3342 2284 3391; x_wconf 89' lang='lat' dir='ltr'><strong>et</strong></span> <span class='ocrx_word' id='word_1_189' title='bbox 2342 3335 2632 3393; x_wconf 89' lang='lat' dir='ltr'><strong>Dominus</strong></span> <span class='ocrx_word' id='word_1_190' title='bbox 2680 3327 2793 3387; x_wconf 84' lang='lat' dir='ltr'><strong>dicit</strong></span> 
     </span>
     <span class='ocr_line' id='line_1_23' title="bbox 646 3426 2791 3509; baseline -0.003 -17"><span class='ocrx_word' id='word_1_191' title='bbox 646 3433 814 3492; x_wconf 84' lang='lat' dir='ltr'><strong>Matt.</strong></span> <span class='ocrx_word' id='word_1_192' title='bbox 859 3451 919 3490; x_wconf 82' lang='lat' dir='ltr'><strong>x.</strong></span> <span class='ocrx_word' id='word_1_193' title='bbox 967 3431 1162 3491; x_wconf 85' lang='lat' dir='ltr'><strong>Gratis</strong></span> <span class='ocrx_word' id='word_1_194' title='bbox 1209 3432 1528 3506; x_wconf 83' lang='lat' dir='ltr'><strong>accepistis,</strong></span> <span class='ocrx_word' id='word_1_195' title='bbox 1570 3434 1742 3509; x_wconf 83' lang='lat' dir='ltr'><strong>gratis</strong></span> <span class='ocrx_word' id='word_1_196' title='bbox 1786 3433 1931 3492; x_wconf 87' lang='lat' dir='ltr'><strong>date.</strong></span> <span class='ocrx_word' id='word_1_197' title='bbox 2015 3434 2096 3491; x_wconf 91' lang='lat' dir='ltr'><strong>Et</strong></span> <span class='ocrx_word' id='word_1_198' title='bbox 2146 3433 2274 3490; x_wconf 87' lang='lat' dir='ltr'><strong>ideo</strong></span> <span class='ocrx_word' id='word_1_199' title='bbox 2317 3434 2522 3506; x_wconf 89' lang='lat' dir='ltr'><strong>aliquis</strong></span> <span class='ocrx_word' id='word_1_200' title='bbox 2562 3426 2791 3492; x_wconf 67' lang='lat' dir='ltr'><strong>emendo,</strong></span> 
     </span>
     <span class='ocr_line' id='line_1_24' title="bbox 643 3528 2793 3607; baseline -0.005 -15"><span class='ocrx_word' id='word_1_201' title='bbox 643 3535 732 3592; x_wconf 84' lang='lat' dir='ltr'><strong>vel</strong></span> <span class='ocrx_word' id='word_1_202' title='bbox 775 3531 1074 3591; x_wconf 90' lang='lat' dir='ltr'><strong>vendendo</strong></span> <span class='ocrx_word' id='word_1_203' title='bbox 1112 3549 1233 3589; x_wconf 89' lang='lat' dir='ltr'><strong>rem</strong></span> <span class='ocrx_word' id='word_1_204' title='bbox 1259 3532 1631 3607; x_wconf 88' lang='lat' dir='ltr'><strong>spiritualem,</strong></span> <span class='ocrx_word' id='word_1_205' title='bbox 1674 3533 2090 3590; x_wconf 89' lang='lat' dir='ltr'><strong>irreverentiam</strong></span> <span class='ocrx_word' id='word_1_206' title='bbox 2134 3532 2369 3590; x_wconf 87' lang='lat' dir='ltr'><strong>exhibet</strong></span> <span class='ocrx_word' id='word_1_207' title='bbox 2394 3534 2545 3602; x_wconf 91' lang='lat' dir='ltr'><strong>Deo,</strong></span> <span class='ocrx_word' id='word_1_208' title='bbox 2575 3542 2627 3590; x_wconf 88' lang='lat' dir='ltr'><strong>et</strong></span> <span class='ocrx_word' id='word_1_209' title='bbox 2648 3528 2793 3587; x_wconf 87' lang='lat' dir='ltr'><strong>rebus</strong></span> 
     </span>
     <span class='ocr_line' id='line_1_25' title="bbox 645 3627 2361 3710; baseline -0.001 -18"><span class='ocrx_word' id='word_1_210' title='bbox 645 3634 889 3692; x_wconf 86' lang='lat' dir='ltr'><strong>divinis:</strong></span> <span class='ocrx_word' id='word_1_211' title='bbox 933 3642 1163 3709; x_wconf 82' lang='lat' dir='ltr'><strong>propter</strong></span> <span class='ocrx_word' id='word_1_212' title='bbox 1188 3631 1342 3704; x_wconf 91' lang='lat' dir='ltr'><strong>quod</strong></span> <span class='ocrx_word' id='word_1_213' title='bbox 1377 3641 1577 3707; x_wconf 89' lang='lat' dir='ltr'><strong>peccat</strong></span> <span class='ocrx_word' id='word_1_214' title='bbox 1604 3642 1805 3708; x_wconf 87' lang='lat' dir='ltr'><strong>pecato</strong></span> <span class='ocrx_word' id='word_1_215' title='bbox 1832 3627 2361 3710; x_wconf 80' lang='lat' dir='ltr'><strong>irreligiositatis.”1</strong></span> 
     </span>
    </p>

    <p class='ocr_par' dir='ltr' id='par_1_6' title="bbox 639 3730 2794 4406">
     <span class='ocr_line' id='line_1_26' title="bbox 723 3730 2794 3809; baseline -0.002 -18"><span class='ocrx_word' id='word_1_216' title='bbox 723 3739 821 3791; x_wconf 82' lang='lat'><strong>58·</strong></span> <span class='ocrx_word' id='word_1_217' title='bbox 883 3733 1124 3809; x_wconf 87' lang='lat' dir='ltr'><strong>Emptio</strong></span> <span class='ocrx_word' id='word_1_218' title='bbox 1168 3740 1351 3789; x_wconf 89' lang='lat' dir='ltr'><strong>autem</strong></span> <span class='ocrx_word' id='word_1_219' title='bbox 1393 3731 1456 3788; x_wconf 87' lang='lat' dir='ltr'><strong>fit</strong></span> <span class='ocrx_word' id='word_1_220' title='bbox 1493 3750 1607 3789; x_wconf 90' lang='lat' dir='ltr'><strong>non</strong></span> <span class='ocrx_word' id='word_1_221' title='bbox 1661 3741 1876 3808; x_wconf 77' lang='lat' dir='ltr'><strong>tantum</strong></span> <span class='ocrx_word' id='word_1_222' title='bbox 1917 3733 2178 3808; x_wconf 86' lang='lat' dir='ltr'><strong>pecunia,</strong></span> <span class='ocrx_word' id='word_1_223' title='bbox 2239 3730 2341 3789; x_wconf 89' lang='lat' dir='ltr'><strong>sed</strong></span> <span class='ocrx_word' id='word_1_224' title='bbox 2392 3751 2452 3789; x_wconf 90' lang='lat' dir='ltr'><strong>re</strong></span> <span class='ocrx_word' id='word_1_225' title='bbox 2504 3733 2595 3789; x_wconf 88' lang='lat' dir='ltr'><strong>vel</strong></span> <span class='ocrx_word' id='word_1_226' title='bbox 2642 3741 2794 3803; x_wconf 75' lang='lat' dir='ltr'><strong>opera</strong></span> 
     </span>
     <span class='ocr_line' id='line_1_27' title="bbox 643 3823 2790 3908; baseline -0.004 -19"><span class='ocrx_word' id='word_1_227' title='bbox 643 3850 1024 3904; x_wconf 89' lang='lat' dir='ltr'><strong>quacumque,</strong></span> <span class='ocrx_word' id='word_1_228' title='bbox 1080 3851 1203 3904; x_wconf 85' lang='lat' dir='ltr'><strong>quae</strong></span> <span class='ocrx_word' id='word_1_229' title='bbox 1257 3831 1439 3906; x_wconf 78' lang='lat' dir='ltr'><strong>pretio</strong></span> <span class='ocrx_word' id='word_1_230' title='bbox 1491 3831 1758 3888; x_wconf 87' lang='lat' dir='ltr'><strong>aestimari</strong></span> <span class='ocrx_word' id='word_1_231' title='bbox 1809 3833 2020 3907; x_wconf 86' lang='lat' dir='ltr'><strong>possit:</strong></span> <span class='ocrx_word' id='word_1_232' title='bbox 2077 3831 2320 3904; x_wconf 90' lang='lat' dir='ltr'><strong>ideoque</strong></span> <span class='ocrx_word' id='word_1_233' title='bbox 2365 3823 2570 3908; x_wconf 84' lang='lat' dir='ltr'><strong>praeter</strong></span> <span class='ocrx_word' id='word_1_234' title='bbox 2612 3837 2790 3886; x_wconf 86' lang='lat' dir='ltr'><strong>munus</strong></span> 
     </span>
     <span class='ocr_line' id='line_1_28' title="bbox 639 3922 2793 4010; baseline -0.004 -24"><span class='ocrx_word' id='word_1_235' title='bbox 639 3948 679 3986; x_wconf 88' lang='lat' dir='ltr'><strong>a</strong></span> <span class='ocrx_word' id='word_1_236' title='bbox 743 3947 952 3997; x_wconf 81' lang='lat' dir='ltr'><strong>manu,</strong></span> <span class='ocrx_word' id='word_1_237' title='bbox 1019 3949 1225 3988; x_wconf 90' lang='lat' dir='ltr'><strong>munus</strong></span> <span class='ocrx_word' id='word_1_238' title='bbox 1295 3941 1332 3988; x_wconf 80' lang='lat' dir='ltr'><strong>a</strong></span> <span class='ocrx_word' id='word_1_239' title='bbox 1389 3929 1633 4007; x_wconf 79' lang='lat' dir='ltr'><strong>lingua,</strong></span> <span class='ocrx_word' id='word_1_240' title='bbox 1694 3940 1751 3988; x_wconf 88' lang='lat' dir='ltr'><strong>et</strong></span> <span class='ocrx_word' id='word_1_241' title='bbox 1810 3949 2021 3989; x_wconf 88' lang='lat' dir='ltr'><strong>munus</strong></span> <span class='ocrx_word' id='word_1_242' title='bbox 2071 3929 2143 4010; x_wconf 66' lang='lat' dir='ltr'><strong>qb</strong></span> <span class='ocrx_word' id='word_1_243' title='bbox 2203 3930 2481 4008; x_wconf 75' lang='lat' dir='ltr'><strong>obsequio</strong></span> <span class='ocrx_word' id='word_1_244' title='bbox 2524 3951 2555 3987; x_wconf 87' lang='lat' dir='ltr'><strong>a</strong></span> <span class='ocrx_word' id='word_1_245' title='bbox 2606 3922 2793 3984; x_wconf 83' lang='lat' dir='ltr'><strong>theolo-</strong></span> 
     </span>
     <span class='ocr_line' id='line_1_29' title="bbox 642 4026 2791 4106; baseline -0.002 -23"><span class='ocrx_word' id='word_1_246' title='bbox 642 4028 729 4103; x_wconf 82' lang='lat' dir='ltr'><strong>gis</strong></span> <span class='ocrx_word' id='word_1_247' title='bbox 757 4026 1020 4085; x_wconf 87' lang='lat' dir='ltr'><strong>dicuntur</strong></span> <span class='ocrx_word' id='word_1_248' title='bbox 1056 4030 1355 4086; x_wconf 88' lang='lat' dir='ltr'><strong>simoniam</strong></span> <span class='ocrx_word' id='word_1_249' title='bbox 1398 4030 1687 4088; x_wconf 88' lang='lat' dir='ltr'><strong>inducere.</strong></span> <span class='ocrx_word' id='word_1_250' title='bbox 1772 4031 1838 4088; x_wconf 89' lang='lat' dir='ltr'><strong>Si</strong></span> <span class='ocrx_word' id='word_1_251' title='bbox 1878 4032 2005 4103; x_wconf 91' lang='lat' dir='ltr'><strong>quis</strong></span> <span class='ocrx_word' id='word_1_252' title='bbox 2048 4029 2382 4106; x_wconf 88' lang='lat' dir='ltr'><strong>suffragium</strong></span> <span class='ocrx_word' id='word_1_253' title='bbox 2413 4029 2508 4088; x_wconf 89' lang='lat' dir='ltr'><strong>det</strong></span> <span class='ocrx_word' id='word_1_254' title='bbox 2544 4027 2791 4104; x_wconf 89' lang='lat' dir='ltr'><strong>episcopo</strong></span> 
     </span>
     <span class='ocr_line' id='line_1_30' title="bbox 642 4125 2789 4204; baseline 0.002 -23"><span class='ocrx_word' id='word_1_255' title='bbox 642 4125 907 4201; x_wconf 85' lang='lat' dir='ltr'><strong>eligendo</strong></span> <span class='ocrx_word' id='word_1_256' title='bbox 949 4144 1015 4182; x_wconf 88' lang='lat' dir='ltr'><strong>ea</strong></span> <span class='ocrx_word' id='word_1_257' title='bbox 1041 4126 1364 4185; x_wconf 89' lang='lat' dir='ltr'><strong>conditione</strong></span> <span class='ocrx_word' id='word_1_258' title='bbox 1406 4137 1468 4185; x_wconf 91' lang='lat' dir='ltr'><strong>ut</strong></span> <span class='ocrx_word' id='word_1_259' title='bbox 1504 4129 1811 4204; x_wconf 89' lang='lat' dir='ltr'><strong>paroeciam</strong></span> <span class='ocrx_word' id='word_1_260' title='bbox 1850 4137 2197 4203; x_wconf 86' lang='lat' dir='ltr'><strong>assequatur,</strong></span> <span class='ocrx_word' id='word_1_261' title='bbox 2239 4139 2327 4186; x_wconf 86' lang='lat' dir='ltr'><strong>est</strong></span> <span class='ocrx_word' id='word_1_262' title='bbox 2365 4129 2639 4193; x_wconf 87' lang='lat' dir='ltr'><strong>simonia;</strong></span> <span class='ocrx_word' id='word_1_263' title='bbox 2677 4136 2789 4180; x_wconf 77' lang='lat' dir='ltr'><strong>nam</strong></span> 
     </span>
     <span class='ocr_line' id='line_1_31' title="bbox 643 4219 2789 4304; baseline -0.004 -24"><span class='ocrx_word' id='word_1_264' title='bbox 643 4225 899 4300; x_wconf 82' lang='lat' dir='ltr'><strong>paroeciae</strong></span> <span class='ocrx_word' id='word_1_265' title='bbox 927 4223 1176 4281; x_wconf 88' lang='lat' dir='ltr'><strong>redditus</strong></span> <span class='ocrx_word' id='word_1_266' title='bbox 1223 4244 1327 4300; x_wconf 93' lang='lat' dir='ltr'><strong>pro</strong></span> <span class='ocrx_word' id='word_1_267' title='bbox 1358 4227 1488 4302; x_wconf 91' lang='lat' dir='ltr'><strong>jure</strong></span> <span class='ocrx_word' id='word_1_268' title='bbox 1529 4229 1783 4304; x_wconf 86' lang='lat' dir='ltr'><strong>suffragii</strong></span> <span class='ocrx_word' id='word_1_269' title='bbox 1820 4227 2139 4286; x_wconf 87' lang='lat' dir='ltr'><strong>exercendo</strong></span> <span class='ocrx_word' id='word_1_270' title='bbox 2178 4227 2397 4296; x_wconf 78' lang='lat' dir='ltr'><strong>dantur,</strong></span> <span class='ocrx_word' id='word_1_271' title='bbox 2440 4226 2589 4300; x_wconf 82' lang='lat' dir='ltr'><strong>quod</strong></span> <span class='ocrx_word' id='word_1_272' title='bbox 2628 4219 2789 4300; x_wconf 86' lang='lat' dir='ltr'><strong>spirit-</strong></span> 
     </span>
     <span class='ocr_line' id='line_1_32' title="bbox 641 4322 2793 4406; baseline -0 -23"><span class='ocrx_word' id='word_1_273' title='bbox 641 4323 768 4383; x_wconf 87' lang='lat' dir='ltr'><strong>uale</strong></span> <span class='ocrx_word' id='word_1_274' title='bbox 795 4333 900 4392; x_wconf 91' lang='lat' dir='ltr'><strong>est,</strong></span> <span class='ocrx_word' id='word_1_275' title='bbox 928 4332 1120 4400; x_wconf 91' lang='lat' dir='ltr'><strong>utpote</strong></span> <span class='ocrx_word' id='word_1_276' title='bbox 1167 4322 1238 4380; x_wconf 91' lang='lat' dir='ltr'><strong>ad</strong></span> <span class='ocrx_word' id='word_1_277' title='bbox 1263 4325 1595 4401; x_wconf 81' lang='lat' dir='ltr'><strong>dignitatem</strong></span> <span class='ocrx_word' id='word_1_278' title='bbox 1640 4327 2076 4385; x_wconf 87' lang='lat' dir='ltr'><strong>ecclesiasticam</strong></span> <span class='ocrx_word' id='word_1_279' title='bbox 2118 4327 2378 4386; x_wconf 89' lang='lat' dir='ltr'><strong>relatum.</strong></span> <span class='ocrx_word' id='word_1_280' title='bbox 2466 4325 2679 4385; x_wconf 87' lang='lat' dir='ltr'><strong>“Idem</strong></span> <span class='ocrx_word' id='word_1_281' title='bbox 2720 4323 2793 4406; x_wconf 84' lang='lat' dir='ltr'><strong>est</strong></span> 
     </span>
    </p>
   </div>
   <div class='ocr_carea' id='block_1_6' title="bbox 1311 4509 2117 4577">
    <p class='ocr_par' dir='ltr' id='par_1_7' title="bbox 1311 4509 2117 4577">
     <span class='ocr_line' id='line_1_33' title="bbox 1311 4509 2117 4577; baseline 0.007 -25"><span class='ocrx_word' id='word_1_282' title='bbox 1311 4509 1394 4574; x_wconf 91' lang='lat'><strong>(1)</strong></span> <span class='ocrx_word' id='word_1_283' title='bbox 1435 4511 1483 4556; x_wconf 82' lang='lat'><strong>2.</strong></span> <span class='ocrx_word' id='word_1_284' title='bbox 1507 4513 1555 4557; x_wconf 78' lang='lat'><strong>2.</strong></span> <span class='ocrx_word' id='word_1_285' title='bbox 1580 4526 1660 4573; x_wconf 91' lang='lat' dir='ltr'><strong>qu.</strong></span> <span class='ocrx_word' id='word_1_286' title='bbox 1688 4527 1729 4560; x_wconf 90' lang='lat' dir='ltr'><strong>c.</strong></span> <span class='ocrx_word' id='word_1_287' title='bbox 1758 4517 1844 4559; x_wconf 84' lang='lat' dir='ltr'><strong>art.</strong></span> <span class='ocrx_word' id='word_1_288' title='bbox 1867 4511 1899 4559; x_wconf 90' lang='lat' dir='ltr'><strong>i.</strong></span> <span class='ocrx_word' id='word_1_289' title='bbox 1968 4513 2117 4577; x_wconf 73' lang='lat' dir='ltr'><strong>Resp.</strong></span> 
     </span>
    </p>
   </div>
  </div>
 </body>
</html>
