3117 5217
505 567 618 624 124
1210 561 1325 622 DE
1368 561 1567 622 AERE
1607 561 1948 622 ALIENO.

504 728 668 788 multi
694 726 751 784 id
776 727 1033 803 probant,
1064 745 1241 800 quum
1271 727 1632 804 vigilantibus
1653 728 1837 786 faveat
1851 729 1982 786 lex:
2013 744 2182 784 secus
2209 727 2260 784 si
2287 745 2404 785 non
2423 725 2678 802 petierit:

506 827 602 886 alii
628 840 817 884 tamen
842 825 901 884 id
939 825 1091 884 haud
1115 827 1287 885 licere
1328 828 1649 903 opinantur,
1678 829 1814 899 quia
1851 827 1914 884 fit
1953 827 2079 886 aliis
2119 826 2344 903 injuria,
2379 844 2555 899 quum
2595 825 2682 881 sic

506 927 790 986 minuatur
803 925 945 983 ratio
971 944 1087 998 qua
1102 925 1197 984 his
1216 926 1453 984 satisfiat
1470 945 1485 992 ;
1514 927 1632 985 imo
1651 935 1850 1002 putant
1863 925 2200 984 creditorem
2220 925 2312 982 cui
2331 923 2680 984 satisfactum

504 1037 593 1084 est
616 1025 797 1082 teneri
824 1023 895 1081 ad
934 1043 1237 1084 excessum
1264 1043 1369 1102 pro
1406 1033 1525 1082 rata
1563 1036 1718 1102 parte
1757 1026 1884 1084 aliis
1921 1023 2306 1082 reddendum:
2343 1022 2498 1096 quod
2523 1022 2684 1080 nobis

506 1143 623 1184 non
649 1123 890 1191 videtur,
918 1141 1093 1194 quum
1120 1124 1363 1183 creditor
1386 1143 1495 1183 suo
1520 1125 1651 1200 jure
1681 1143 1818 1184 usus
1845 1126 1922 1182 sit
1959 1125 2261 1200 pecuniam
2299 1123 2406 1180 sibi
2433 1121 2682 1180 debitam

504 1219 865 1299 recipiendi.²
947 1222 1105 1282 Hinc
1136 1225 1235 1297 qui
1272 1236 1499 1293 norunt,
1538 1225 1632 1282 vel
1671 1227 1872 1283 timent
1911 1242 2138 1282 mensas
2175 1223 2522 1280 nummarias
2553 1238 2682 1278 esse

504 1322 779 1382 solvendo
804 1322 1051 1400 impares
1076 1333 1371 1401 argentum
1398 1343 1505 1400 pro
1530 1325 1739 1382 chartis
1765 1323 2100 1382 nummariis
2127 1321 2312 1382 solent
2335 1331 2548 1398 petere,
2577 1337 2682 1378 nec

504 1422 632 1496 quis
658 1421 731 1480 de
756 1422 1110 1480 restitutione
1138 1424 1403 1492 somniat,
1432 1424 1656 1481 etiamsi
1681 1441 1883 1481 mensa
1907 1423 2095 1480 statim
2123 1420 2406 1480 concidat.
2489 1419 2556 1477 Si
2587 1419 2682 1476 de·

502 1523 651 1580 bitor
676 1520 939 1579 creditori
980 1540 1141 1581 suam
1184 1523 1572 1580 conditionem
1613 1523 1954 1588 manifestet,
1990 1522 2158 1593 eique
2203 1518 2524 1586 satisfaciat,
2553 1537 2682 1576 cum

506 1629 836 1679 caeterorum
878 1621 1105 1697 injuria,
1140 1631 1374 1698 peccat;
1412 1623 1672 1694 quamvis
1711 1630 1985 1686 excusent
2021 1618 2278 1679 nonnulli
2323 1617 2680 1684 creditorem,

504 1730 699 1796 utpote
726 1737 831 1777 suo
850 1719 981 1796 jure
1008 1716 1229 1779 utens.2
1280 1719 1397 1779 Sed
1418 1723 1590 1780 etiam
1617 1740 1765 1780 uxor
1789 1721 1892 1778 filii
1913 1721 2080 1778 aliive
2107 1727 2368 1777 tenentur
2391 1718 2684 1776 restituere

504 1818 876 1877 creditoribus
910 1817 1063 1878 dona
1101 1839 1227 1893 quae
1268 1831 1615 1897 acceperunt
1647 1822 1716 1878 ab
1755 1822 1824 1878 iis
1864 1839 2012 1892 quos
2051 1827 2260 1877 norunt
2283 1817 2528 1894 impares
2557 1835 2684 1874 esse

502 1918 797 1976 solvendo.
882 1917 981 1976 Sic
1008 1921 1107 1992 qui
1146 1921 1295 1976 bona
1334 1918 1485 1996 apud
1522 1939 1588 1977 se
1627 1919 1958 1979 occultanda
1996 1925 2354 1994 acceperunt,
2383 1917 2474 1975 vel
2515 1935 2685 1993 pecu-

503 2020 655 2075 niam
682 2036 749 2074 ea
774 2015 1119 2085 conditione,
1138 2019 1311 2078 etiam
1339 2019 1524 2086 tacita,
1552 2029 1616 2078 ut
1639 2018 1882 2078 debitori
1909 2017 2178 2094 deinceps
2205 2018 2592 2084 subvenirent,
2615 2015 2686 2074 ad

502 2115 913 2176 restituendum
960 2126 1240 2176 tenentur.
1324 2119 1440 2186 Qui
1482 2127 1668 2178 autem
1715 2119 1998 2176 translatis
2038 2118 2208 2175 rebus
2251 2117 2371 2174 suis
2423 2115 2492 2173 ad
2543 2116 2684 2174 alios

500 2218 661 2275 titulo
688 2217 842 2283 fictu,
870 2217 1149 2275 beneficio
1174 2218 1319 2294 legis
1346 2228 1582 2276 utuntur
1607 2228 1672 2276 ut
1708 2221 2034 2276 eximantur
2069 2235 2180 2274 aere
2217 2217 2426 2283 alien0,
2454 2216 2686 2292 perjurii

500 2326 557 2374 et
581 2316 869 2393 injustitiae
896 2318 978 2373 rei
1004 2316 1165 2384 fiunt,
1194 2337 1323 2375 nam
1366 2318 1698 2377 conceditur
1735 2319 1946 2394 praevio
1976 2319 2300 2394 juramento
2341 2334 2457 2388 quo
2493 2316 2682 2372 omnis

500 2414 832 2492 hujusmodi
860 2415 1011 2473 fraus
1040 2427 1296 2492 negatur.

578 2519 717 2573 207.
778 2514 1143 2574 Remissione
1196 2517 1535 2575 creditorum
1591 2517 1848 2595 extingui
1897 2525 2086 2592 potest
2125 2515 2398 2584 debitum,
2439 2516 2681 2573 liberum

501 2615 655 2672 enim
697 2627 787 2671 est
828 2615 1133 2688 unicuique
1176 2635 1281 2675 suo
1318 2618 1435 2695 juri
1478 2619 1821 2675 renuntiare.
1909 2616 2115 2674 Utrum
2155 2626 2341 2673 autem
2383 2614 2685 2683 creditores

496 2715 779 2773 remittere
806 2717 1077 2774 censendi
1104 2717 1219 2774 sint
1236 2717 1638 2792 obligationem
1665 2736 1776 2789 qua
1803 2717 2158 2774 conscientia
2183 2725 2422 2781 tenetur,
2445 2713 2683 2772 dubitari

496 2815 719 2891 poterit.
775 2815 947 2888 Apud
974 2834 1079 2872 nos
1106 2815 1293 2874 solent
1317 2814 1601 2874 debitores
1629 2834 1732 2872 sua
1758 2815 2058 2872 transferre
2084 2816 2233 2872 bona
2259 2816 2316 2872 in
2351 2814 2596 2887 aliquos,
2625 2825 2686 2870 ut

498 2912 765 2972 omnibus
794 2923 899 2988 pro
918 2925 1035 2970 rata
1060 2923 1218 2989 parte
1236 2913 1492 2981 satisfiat,
1514 2935 1584 2972 ea
1602 2914 1924 2972 conditione
1949 2925 2012 2972 ut
2029 2914 2126 2991 jus
2153 2932 2325 2972 omne
2353 2914 2612 2971 relaxent
2629 2923 2686 2970 et

480 3007 799 3070 remittant.
884 3011 1127 3070 Constat
1152 3013 1371 3071 nullum
1396 3013 1522 3090 lege
1552 3015 1787 3092 praepberi
1831 3014 2146 3071 remedium
2189 3012 2560 3071 creditoribus
2588 3013 2684 3084 qui

422 3135 434 3146 ·
500 3113 875 3170 instrumento
918 3114 1133 3188 scripto
1172 3113 1291 3169 suis
1320 3113 1544 3190 juribus
1587 3114 1692 3170 hac
1730 3116 1944 3172 ratione
1987 3113 2411 3171 renuntiarunt:
2456 3111 2558 3169 sed
2583 3113 2682 3169 vix

495 3208 837 3270 credendum
868 3222 954 3267 est
978 3229 1080 3272 eos
1116 3210 1365 3269 voluisse
1394 3213 1581 3288 ipsum
1611 3214 1974 3275 conscientiae
1999 3213 2248 3288 ligamen
2275 3212 2506 3270 tollere:
2550 3229 2682 3282 qua-

495 3319 731 3388 propter
754 3327 1055 3368 censemus
1083 3309 1418 3378 debitorem,
1448 3314 1497 3369 si
1524 3312 1796 3388 deinceps
1817 3312 2041 3370 divitias
2069 3321 2378 3388 comparet,
2407 3311 2586 3368 teneri
2611 3309 2681 3366 ad

496 3409 778 3468 desectum
832 3392 1247 3486 supplendum,
1290 3412 1547 3482 quamvis
1601 3412 1674 3468 ob
1740 3412 2136 3470 remissionem
2188 3410 2531 3468 creditorum
2581 3409 2681 3466 vix

494 3510 750 3568 videatur
776 3509 917 3566 adeo
945 3521 1093 3568 arcte
1119 3503 1325 3585 ligatus
1351 3519 1414 3567 ut
1440 3520 1638 3578 antea;
1669 3530 1775 3568 nec
1803 3511 1931 3568 ideo
1973 3510 2326 3568 damnandus
2365 3511 2418 3567 si
2457 3507 2682 3566 differat

493 3605 931 3678 restitutionem,
950 3609 1175 3668 familiae
1190 3627 1305 3666 suae
1324 3611 1652 3677 consulens,
1673 3619 1730 3668 et
1743 3610 2018 3668 industria
2033 3628 2096 3666 se
2111 3629 2305 3686 parem
2323 3608 2558 3666 reddere
2573 3608 2682 3666 sol-

498 3709 683 3768 vendo
720 3705 1033 3770 laborans.³
1112 3709 1239 3766 Lex
1274 3708 1580 3786 cujuslibet
1617 3711 1808 3790 Status
1849 3711 2183 3786 plerumque
2223 3710 2459 3767 remittit
2495 3707 2683 3765 debita

498 3809 567 3866 iis
596 3811 695 3880 qui
714 3810 988 3868 bonorum
1008 3811 1268 3868 cessione
1297 3808 1666 3868 creditoribus
1695 3809 2018 3867 satisfacere
2039 3807 2388 3874 studuerunt,
2411 3804 2513 3864 'sed
2532 3808 2681 3864 bona

501 3925 626 3977 quae
666 3907 939 3984 deinceps
974 3911 1342 3982 acquisierint
1379 3919 1610 3968 manent
1645 3910 1894 3967 obnoxia
1914 3905 1962 3976 ;⁴
1998 3907 2152 3980 quod
2191 3909 2297 3966 suit
2327 3910 2445 3986 jus*
2469 3907 2678 3964 Roma-

564 4095 649 4159 (1)
688 4093 815 4142 Vide
836 4094 867 4141 l.
891 4093 1023 4142 xxiv.
1049 4097 1095 4152 ς.
1127 4092 1249 4154 Οιίω
1270 4093 1329 4144 in
1343 4093 1530 4161 fraud.
1554 4095 1722 4146 credit.

572 4181 656 4245 (2)
696 4178 956 4242 Laymann
978 4179 1063 4227 ubi
1086 4195 1243 4243 supra,
1266 4176 1483 4231 Assertio
1505 4181 1588 4229 vii.
1617 4199 1621 4208 ·

563 4265 647 4331 (3)
686 4264 814 4313 Vide
838 4263 1111 4327 Laymann,
1134 4265 1165 4312 l.
1188 4264 1256 4313 iii.
1278 4264 1337 4315 de
1357 4265 1590 4325 Jmtitia,
1611 4273 1744 4315 tract.
1767 4267 1816 4315 ii.
1839 4284 1880 4316 c.
1903 4267 1988 4316 xii.
2011 4284 2060 4316 n.
2086 4270 2132 4316 5.
2201 4265 2454 4318 Alterum.

564 4351 649 4417 (4)
682 4358 712 4381 ‘⁴
730 4349 776 4397 It
794 4365 897 4398 was
919 4349 1071 4399 stated
1092 4350 1157 4412 by
1180 4349 1263 4398 the
1284 4349 1421 4398 chief
1437 4351 1614 4415 justice
1636 4351 1690 4398 in
1714 4350 1880 4412 giving
1901 4351 1986 4400 the
2009 4352 2210 4416 opinion
2243 4352 2301 4400 of
2326 4351 2408 4400 the
2432 4351 2667 4414 Supreme

497 4434 652 4485 Court
673 4434 730 4483 of
754 4433 838 4482 the
861 4433 1045 4482 United
1078 4433 1254 4492 states,
1276 4432 1477 4495 Sturges
1497 4451 1541 4483 v.
1567 4433 1975 4494 Growninshield‚
1996 4437 2032 4482 4
2065 4435 2300 4486 Wheaton
2327 4439 2438 4496 122,
2459 4436 2566 4484 that
2587 4435 2672 4484 the

484 4520 726 4570 insolvent
745 4520 865 4568 laws
886 4518 943 4568 of
966 4524 1095 4568 most
1115 4517 1173 4566 of
1184 4517 1267 4566 the
1288 4517 1450 4566 states
1470 4520 1588 4582 only
1604 4518 1854 4580 discharge
1878 4519 1962 4568 the
1983 4535 2158 4584 person
2182 4521 2238 4570 of
2263 4521 2346 4570 the
2366 4521 2547 4580 debtor‚
2565 4521 2662 4569 and
