3117 5217
510 606 629 661 308
925 600 1039 661 DE
1082 602 1700 664 ELEEMOSYNAE
1741 604 2250 665 PRAEOEPTO..

1384 1114 1669 1175 CAPUT
1709 1115 1815 1175 lv.

1126 1321 1204 1361 DE
1246 1319 1666 1361 ELEEHOSYNAE
1710 1318 2062 1359 chEP‘rO.

582 1478 685 1535 98.
726 1472 1035 1533 charitatis
1062 1480 1405 1549 praeceptum
1430 1488 1539 1529 nos
1581 1470 1792 1546 obligat
1827 1469 1898 1527 ad
1935 1468 2384 1529 subveniendum
2415 1472 2679 1547 proximo

508 1574 803 1653 indigenti.
865 1573 997 1640 Quo
1024 1580 1209 1629 autem
1234 1588 1416 1643 usque
1438 1571 1722 1645 pertingat
1743 1568 1866 1626 haec
1891 1568 2179 1645 obligatio,
2207 1586 2324 1627 non
2345 1569 2485 1629 adeo
2512 1570 2676 1629 facile

506 1674 790 1733 definitur.
873 1670 1259 1737 Extremam,
1298 1686 1573 1746 gravem,
1617 1684 2103 1744 communemque
2141 1668 2538 1727 necessitatem
2565 1669 2678 1727 dis-

508 1774 775 1851 tinguunt
810 1770 1083 1848 theologi.
1164 1767 1530 1828 Extremam
1573 1776 1794 1836 vocant,
1839 1769 2062 1839 quoties
2103 1768 2201 1839 qui
2248 1767 2483 1845 indiget,
2529 1769 2680 1836 vitae,

505 1873 599 1930 vel
638 1872 819 1930 morbi
860 1869 1245 1936 diuturnioris,
1292 1867 1612 1943 periculum
1657 1866 1783 1934 init,
1829 1866 1940 1923 nisi
1983 1867 2038 1925 ei
2081 1867 2266 1925 statim
2295 1868 2676 1925 subveniatur.

514 1968 741 2027 Gravis
770 1976 858 2025 est
880 1966 1213 2032 necessitas,
1236 1963 1463 2037 quando
1488 1965 1616 2037 quis
1643 1965 1734 2021 sui
1758 1973 1936 2021 status
1957 1975 2014 2022 et
2037 1965 2382 2023 conditionis
2400 1968 2679 2044 jacturam

500 2068 749 2127 facturus
789 2075 895 2135 est,
934 2066 1047 2123 nisi
1086 2082 1256 2140 opem
1282 2064 1541 2140 accipiat,
1585 2062 1678 2120 vel
1717 2065 1778 2121 in
1817 2082 2100 2121 carcerem
2141 2063 2542 2132 detrudendus,
2587 2065 2682 2122 vel

505 2168 641 2225 exul
658 2164 1021 2243 ablegandus.
1058 2162 1411 2223 Communis
1430 2172 1520 2220 est
1536 2180 1706 2234 quam
1725 2162 2009 2237 patiuntur
2025 2180 2300 2238 pauperes
2317 2163 2682 2237 quicumque,

506 2267 759 2324 ostiatim
785 2266 1124 2343 plerumque
1151 2262 1556 2321 mendicantes.

584 2368 683 2422 99.
726 2365 891 2421 Bona
917 2381 1043 2434 quae
1072 2361 1199 2433 quis
1225 2358 1496 2436 possidet,
1526 2360 1639 2417 alia
1663 2366 1798 2416 sunt
1821 2358 2142 2416 necessaria
2167 2357 2236 2415 ad
2263 2361 2436 2418 vitam
2463 2368 2692 2418 susten—

506 2461 729 2520 tandam
752 2482 771 2519 τ
826 2461 935 2519 alia
979 2460 1049 2517 ad
1095 2468 1271 2516 status
1317 2457 1584 2517 decorem
1636 2458 2016 2530 requiruntur.
2101 2455 2347 2516 Constat
2390 2461 2679 2517 neminem

504 2562 681 2619 teneri
708 2560 776 2619 ad
804 2561 1233 2635 eleemosynam
1261 2556 1614 2615 tribuendam
1643 2576 1718 2614 ex
1745 2556 1815 2614 iis
1845 2574 1970 2629 quae
1997 2557 2124 2613 vitae
2151 2574 2270 2615 suae
2297 2556 2678 2617 sustentandae

504 2671 637 2719 sunt
661 2661 895 2719 omnino
921 2658 1256 2724 necessaria,
1284 2657 1421 2715 licet
1446 2658 1672 2715 alterius
1695 2656 1808 2713 vita
1834 2657 1908 2712 sit
1931 2655 2254 2730 reipublicae
2280 2656 2501 2714 utilior:
2548 2676 2684 2715 nam

502 2771 700 2817 natura
725 2761 801 2817 ita
826 2776 1025 2816 sumus
1052 2758 1380 2831 comparati,
1408 2766 1471 2813 ut
1497 2758 1667 2813 vitam
1693 2756 2091 2827 unusquisque
2113 2774 2276 2811 suam
2303 2755 2682 2814 conservandi

491 2861 593 2936 jus
620 2860 825 2915 habeat
849 2866 907 2914 et
930 2856 1278 2913 instinctum.
1364 2853 1507 2920 Quae
1534 2856 1662 2911 vitae
1699 2852 2008 2930 superflua,
2047 2854 2224 2911 statui-
2246 2852 2378 2911 vero
2406 2868 2463 2911 et
2487 2853 2678 2913 condi-

500 2958 641 3014 tioni
668 2956 991 3013 necessaria
1016 2962 1168 3022 sunt,
1198 2970 1429 3028 erogare
1458 2972 1574 3011 non
1614 2962 1889 3019 tenemur,
1917 2952 2028 3008 nisi
2067 2953 2127 3009 in
2155 2961 2414 3010 extrema
2437 2954 2676 3011 aliorum

500 3056 835 3112 necessitate
856 3050 903 3111 :¹
940 3054 1345 3125 unusquisque
1379 3054 1529 3110 enim
1573 3061 1777 3109 statum
1805 3068 1972 3108 suum
2001 3059 2192 3109 tenere
2217 3052 2442 3128 poterit,
2472 3051 2678 3110 divinae

498 3152 869 3227 providentiae
895 3152 1080 3210 ordini
1116 3152 1419 3220 inhaerenS.
1488 3149 1773 3208 Caeterum
1802 3149 1937 3207 dum
1965 3158 2221 3207 extrema
2247 3159 2408 3227 urget
2433 3150 2673 3210 aliorum

500 3250 826 3316 necessitas,
856 3250 925 3305 iis
952 3248 1396 3305 succurrendum
1424 3255 1529 3313 est,
1554 3249 1726 3305 etiam
1753 3267 1885 3306 cum
1907 3257 2083 3306 status
2110 3248 2470 3318 detrimento,
2500 3269 2684 3324 quum·

573 3438 659 3503 (1)
698 3434 869 3484 Solent
890 3434 1115 3497 theologi,
1137 3440 1381 3498 pmeunte
1404 3433 1457 3481 S.
1480 3432 1714 3495 Gregorio
1754 3434 1826 3484 M.
1860 3435 1894 3485 1.
1925 3434 2016 3485 xii.
2035 3450 2110 3498 ep.
2131 3450 2253 3485 xxx.
2275 3436 2338 3485 nd
2361 3436 2492 3497 Aug.
2513 3452 2588 3499 ep.
2611 3436 2674 3485 ad

500 3519 639 3570 inter.
671 3520 721 3570 ii.
754 3527 1043 3585 praeceptum
1076 3519 1319 3583 superflua
1348 3518 1611 3579 ehsgiendi
1643 3534 1708 3567 ex
1739 3534 1798 3567 eo
1831 3519 1938 3569 loco
1981 3520 2235 3581 colligere:
2283 3529 2313 3552 ‘⁴
2332 3520 2670 3569 Verumtamen

500 3606 631 3669 quod
654 3604 883 3671 superest,
906 3604 1017 3653 date
1038 3604 1411 3667 eleemosynam,
1433 3610 1482 3651 et
1514 3619 1627 3652 ecco
1649 3604 1814 3653 omnia
1845 3604 2030 3653 munda
2063 3611 2180 3653 sunt
2211 3604 2394 3653 vobis.”
2463 3604 2584 3654 Luc.
2607 3605 2676 3655 xi.

496 3691 579 3737 41.
654 3690 834 3741 Verum
873 3697 1037 3739 textus
1076 3688 1227 3738 alium
1249 3704 1450 3737 sensum
1468 3688 1710 3750 postulare
1732 3688 1946 3737 videtur:
1981 3690 2107 3759 πλὴν
2131 3688 2200 3743 τὰ.
2220 3694 2390 3744 {vav-ta,
2411 3692 2524 3743 δότε
2547 3695 2676 3759 ἐλεη-

495 3774 701 3843 μοσύνην
723 3790 737 3823 t
776 3783 805 3807 ‘⁴
817 3790 923 3838 quae
960 3773 1178 3832 insunt,’'
1213 3788 1319 3836 quae
1359 3771 1518 3820 catino
1560 3772 1882 3831 continentur,
1923 3774 2015 3823 “in
2039 3775 2371 3839 eleemosynas
2392 3774 2676 3837 largimini.'’

494 3854 682 3906 Eadem
705 3858 944 3907 sententia
976 3858 1105 3921 apud
1136 3856 1424 3905 Matthaeum
1444 3854 1632 3903 videtur
1653 3855 1759 3903 aliis
1792 3857 2034 3906 enuntiari
2066 3859 2252 3907 verbis:
2289 3868 2320 3891 “
2333 3860 2518 3909 munda
2537 3859 2671 3922 prius

501 3941 630 4003 quod
650 3942 784 3991 intus
805 3949 878 3990 est
898 3941 1061 3990 calicis
1081 3947 1130 3990 et
1150 3938 1429 4005 paropsidis,
1451 3945 1507 3988 ut
1528 3939 1615 3987 fiat
1635 3939 1686 3987 id
1707 3940 1838 4001 quod
1857 3941 1919 3989 de
1955 3942 2072 3991 foris
2103 3948 2178 3991 est
2197 3943 2486 3993 mundum.”
2555 3943 2675 3993 Mat.

499 4023 635 4071 xxiii.
658 4027 740 4074 26.
776 4025 858 4074 Ad
879 4026 973 4075 alia
993 4025 1269 4074 testimonia
1288 4040 1395 4087 qun
1416 4024 1748 4086 eleemosynas
1769 4026 2126 4086 commendant,
2147 4028 2410 4091 presertim
2423 4029 2486 4077 ad
2498 4028 2678 4093 judicis

496 4108 784 4156 sententiam
806 4108 1185 4169 confugiendum
1204 4114 1291 4157 est.
1360 4114 1432 4162 Ex
1456 4124 1553 4161 των
1575 4115 1772 4161 emim
1796 4109 1925 4172 apud
1946 4110 2231 4175 Epictetum-
2243 4112 2484 4173 significat
2504 4119 2668 4176 quate-

495 4208 593 4243 nus
613 4192 715 4241 fieri
736 4192 900 4256 possit.
922 4192 1122 4243 Enchin
1144 4211 1187 4243 c.
1205 4195 1321 4244 inV.
1343 4214 1439 4249 ww
1461 4199 1660 4249 ἐνωτων
1684 4195 1814 4258 apud
1836 4194 2118 4246 Lucianum·
2134 4196 2385 4247 adhibetur
2401 4198 2455 4247 in
2471 4204 2674 4247 mactatu

493 4278 553 4327 de
571 4279 721 4337 luctu,
742 4277 827 4326 ubi
849 4291 1005 4325 sermo
1025 4283 1099 4324 est
1118 4278 1179 4326 de
1194 4278 1256 4328 iis
1276 4296 1383 4343 qno
1404 4281 1457 4329 in
1478 4280 1682 4329 Tautaro
1705 4287 1850 4329 unt:
1874 4280 2072 4331 miratur
2087 4282 2267 4330 scilicet
2281 4282 2522 4345 quomodo
2536 4299 2677 4334 accu-

495 4371 595 4413 rate
612 4363 771 4413 videre
792 4361 1043 4423 contigerit
1064 4362 1257 4423 sing-ula
1295 4373 1441 4428 “qum
1464 4366 1530 4414 ibi
1548 4365 1712 4424 sunt,”
1736 4382 1890 4429 quum
1911 4366 2046 4416 locus
2060 4367 2123 4416 sit
2143 4368 2481 4417 tenebricosus.
2551 4365 2674 4417 Haec

496 4449 623 4498 dicta
644 4448 755 4509 sint,
777 4448 909 4499 salva
929 4446 1193 4496 reverentia
1213 4454 1379 4497 sancto
1401 4449 1634 4513 pontifici,
1669 4457 1718 4499 et
1751 4450 1980 4501 Ecclesia
2021 4450 2375 4516 Scripturarum
2408 4453 2677 4517 interpretis

496 4535 787 4584 auctoritate.
