3117 5217
456 504 576 558 212
1347 499 1462 557 DE
1503 498 1757 557 LUDO.

463 666 620 739 quod
659 666 822 723 facile
863 668 1072 735 evenit,
1103 669 1416 743 praesertim
1459 669 1518 725 iu
1564 667 1655 725 his
1695 667 2043 743 regionibus,
2072 666 2131 725 in
2170 667 2375 739 quibus
2417 666 2645 725 Protes-

463 776 642 823 tantes
670 767 770 836 qui
796 766 1062 840 pietatem
1089 765 1376 833 affectant,
1405 768 1474 823 ab
1502 767 1661 825 omni
1688 764 1823 823 ludo
1850 765 2179 842 hujusmodi
2206 766 2529 824 abhorrent.

549 868 682 921 150.
731 862 990 941 Sponsio
1017 874 1106 921 est
1131 876 1450 923 contractus
1479 883 1595 935 quo
1620 864 1735 922 duo
1762 864 1855 921 vel
1881 864 2075 940 plures
2102 864 2173 921 de
2198 867 2281 923 rei
2302 866 2533 923 veritate
2554 863 2647 920 vel

459 972 664 1020 eventu
691 963 1119 1029 contendentes,
1147 964 1258 1021 sibi
1301 964 1548 1021 invicem
1592 962 1807 1035 aliquid
1854 962 2159 1039 spondent,
2186 973 2249 1023 ut
2274 964 2348 1020 sit
2386 964 2641 1038 ejusqui

453 1064 622 1121 suerit
645 1063 936 1121 veritatem
977 1073 1290 1119 assecutus.
1375 1062 1540 1120 Licet
1578 1063 1653 1119 ita
1692 1062 2001 1138 spondere,
2044 1061 2357 1120 dummodo
2396 1062 2633 1133 aequitas

455 1180 530 1220 ex
555 1170 790 1233 utraque
819 1170 972 1235 parte
1001 1173 1276 1228 servetur,
1319 1180 1426 1219 nec
1457 1161 1681 1219 occulta
1718 1161 1987 1219 habeatur
2025 1161 2223 1219 notitia
2248 1179 2361 1233 qua
2384 1160 2466 1217 rei
2492 1162 2637 1218 veri-

455 1272 538 1318 tas
559 1261 680 1336 jam
709 1261 783 1317 sit
807 1258 966 1315 alteri
994 1261 1306 1335 explorata.
1391 1260 1503 1326 Qui
1547 1261 1719 1336 igitur
1755 1261 1913 1317 novit
1938 1278 2013 1317 ex
2053 1269 2205 1317 certa
2230 1259 2471 1335 alicujus
2496 1258 2637 1315 rela-

457 1361 612 1417 tione
637 1376 760 1416 rem
787 1359 862 1414 ita
885 1346 950 1415 'se
979 1358 1204 1426 habere,
1234 1378 1348 1416 non
1377 1371 1566 1435 potest
1603 1377 1733 1417 cum
1762 1358 1937 1415 altero
1966 1358 2023 1416 id
2052 1375 2166 1416 non
2194 1358 2537 1435 suspicante,
2566 1356 2637 1413 de

457 1476 526 1515 ea
549 1457 834 1534 spondere
859 1476 874 1513 t
919 1458 1014 1515 hic
1041 1460 1194 1516 enim
1217 1468 1374 1533 putat
1397 1457 1468 1515 de
1495 1476 1556 1515 re
1578 1458 1790 1515 incerta
1808 1456 2045 1515 alterum
2065 1466 2277 1513 tantum
2300 1451 2635 1531 conjicere-¹

458 1556 534 1614 At
559 1560 606 1615 si
636 1557 894 1633 pertinax
921 1556 1062 1613 adeo
1089 1558 1164 1614 sit
1189 1556 1394 1629 aliquis
1434 1567 1497 1615 ut
1537 1576 1657 1614 rem
1701 1555 1963 1624 affirmet,
2006 1556 2180 1612 altero
2222 1558 2279 1613 ei
2320 1555 2635 1612 declarante

455 1656 794 1713 contrarium
847 1656 955 1713 sibi
1001 1666 1278 1722 constare,
1328 1656 1408 1714 nil
1451 1665 1601 1713 vetat
1646 1655 1784 1727 quin
1829 1655 2127 1729 pecuniam
2176 1672 2345 1727 quam
2381 1654 2637 1729 periculo

453 1748 756 1813 committit
779 1754 940 1821 alter,
969 1756 1080 1812 sibi
1119 1766 1430 1828 comparet,
1475 1755 1558 1812 rei
1602 1754 1895 1811 veritatem
1924 1753 2153 1811 tuendo.
2238 1752 2475 1810 Vetatur
2506 1754 2637 1829 jure

453 1856 670 1929 optimo
696 1852 918 1929 legibus
947 1854 1386 1928 Pennsylvaniae
1415 1870 1488 1910 ne
1515 1855 1645 1925 quis
1672 1850 1743 1908 de
1769 1851 2111 1911 electionum
2140 1852 2295 1911 exitu
2323 1850 2630 1927 spondeat:

453 1966 528 2009 ex
556 1952 664 2009 hac
690 1953 846 2008 enim
873 1950 1192 2024 spondendi
1219 1951 1631 2009 consuetudine
1672 1950 1755 2017 fit,
1782 1960 1847 2008 ut
1874 1951 2113 2009 nimium
2154 1950 2487 2008 adhibeatur
2524 1959 2636 2006 stu-

454 2046 634 2116 dium,
665 2067 794 2106 cum
820 2050 1092 2107 libertatis
1119 2050 1520 2126 suffragiorum
1549 2050 1907 2108 detrimento.

539 2152 672 2205 151.
727 2147 1088 2207 Transactio
1115 2150 1320 2207 dicitur
1357 2151 1659 2207 conventio
1700 2166 1943 2207 onerosa
1980 2168 2093 2221 qua
2116 2166 2207 2205 res
2247 2147 2419 2205 dubia
2456 2158 2513 2204 et
2536 2148 2635 2205 lite

453 2248 668 2305 incerta
693 2249 1075 2324 componitur.
1159 2249 1223 2305 Si
1257 2248 1356 2323 jus
1385 2248 1615 2306 alterius
1654 2257 1871 2305 certum
1910 2249 2004 2315 sit,
2034 2248 2174 2305 alter
2198 2247 2395 2318 nequit
2420 2246 2635 2317 absque

453 2347 728 2423 injustitia
757 2366 887 2403 eum
929 2346 999 2403 ad
1027 2346 1454 2423 transigendum
1493 2366 1627 2403 cum
1660 2347 1753 2403 sui
1792 2346 2001 2405 damno
2040 2345 2346 2403 inducere:
2390 2344 2635 2417 ideoque

454 2445 622 2502 debet
665 2447 719 2502 ei
747 2443 1020 2521 deinceps
1047 2446 1392 2503 satisfacere.
1463 2448 1538 2503 At
1565 2446 1645 2503 nil
1674 2456 1823 2503 vetat
1850 2446 2097 2517 aliquem
2118 2446 2251 2521 jure
2272 2463 2377 2502 suo
2406 2442 2627 2509 cedere,

454 2545 763 2620 praesertim
795 2545 842 2601 si
871 2563 944 2601 ex
971 2563 1104 2601 casu
1131 2545 1382 2612 fortuitO,
1413 2564 1481 2602 v:
1513 2565 1585 2621 g:
1628 2544 1783 2612 ludo,
1814 2546 2149 2620 sponsione,
2178 2555 2363 2601 ortum
2392 2543 2577 2600 suerit.

535 2642 680 2700 Haec
721 2642 792 2701 de
819 2644 1197 2701 contractibus
1225 2644 1478 2701 diximus
1521 2663 1627 2720 pro
1667 2643 1899 2701 modulo
1944 2655 2173 2700 nostro:
2216 2642 2287 2699 ad
2316 2642 2633 2717 Religionis

450 2743 712 2799 virtutem
741 2742 1132 2818 explicandam
1154 2744 1278 2819 jam
1306 2740 1542 2818 gradum
1570 2743 1811 2799 facimus
1835 2761 1851 2807 3
1892 2742 2043 2799 sicut
2067 2744 2223 2799 enim
2246 2742 2435 2799 sobrie
2454 2741 2634 2817 juste-

453 2860 564 2913 que
591 2843 782 2898 vivere
811 2850 1053 2916 oportet,
1081 2842 1160 2897 ita
1183 2852 1242 2897 et
1266 2843 1360 2916 pie
1391 2841 1520 2897 Deo
1547 2839 1971 2897 inserviendum
1996 2852 2101 2897 est.

523 3018 604 3081 (1)
644 3024 673 3047 ‘⁶
691 3015 779 3065 1f1
803 3016 880 3079 lay
895 3032 925 3063 a
945 3031 1107 3077 wager
1127 3023 1177 3064 at
1199 3032 1230 3064 a
1249 3017 1388 3065 horse
1405 3032 1527 3075 race,
1545 3016 1759 3065 founded
1779 3032 1913 3079 upon
1933 3016 2016 3065 the
2038 3018 2309 3080 conjecture
2331 3015 2494 3063 Iform
2509 3015 2631 3064 from

455 3102 538 3149 the
560 3115 870 3162 appearance,
894 3100 990 3147 and
1013 3100 1269 3161 character,
1292 3101 1388 3149 and
1410 3101 1552 3149 breed
1576 3101 1632 3149 of
1645 3101 1727 3149 the
1749 3100 1946 3159 horse,I
1970 3116 2050 3149 am
2065 3102 2217 3165 justly
2236 3100 2435 3148 entitled
2456 3107 2506 3149 to
2529 3116 2627 3165 any

454 3185 720 3244 advantage
743 3183 906 3231 which
928 3200 1010 3247 my
1029 3184 1289 3247 judgment
1310 3185 1443 3244 gives
1465 3200 1569 3243 me;
1605 3187 1692 3233 but
1730 3184 1775 3233 if
1799 3184 1823 3233 1
1864 3200 1999 3247 carry
2022 3200 2088 3233 on
2128 3201 2159 3232 a
2196 3182 2492 3233 clandestine
2530 3201 2629 3233 cor-

453 3266 775 3329 respondence
799 3266 918 3314 with
940 3266 1021 3314 the
1054 3268 1255 3331 jockieS,
1280 3268 1374 3315 and
1408 3267 1511 3316 find
1533 3275 1619 3315 out
1640 3268 1763 3317 from
1785 3269 1918 3317 them
1940 3269 2045 3316 that
2066 3284 2096 3316 a
2116 3268 2222 3315 trial
2243 3268 2332 3316 has
2353 3268 2477 3316 been
2499 3276 2629 3318 actu-

453 3351 550 3414 ally
573 3350 726 3409 made,
751 3366 803 3398 or
824 3350 929 3399 that
950 3351 989 3399 it
1014 3351 1057 3399 is
1090 3352 1260 3399 settled
1298 3338 1591 3400 beforehand
1629 3353 1792 3401 which
1824 3353 1967 3401 horse
2000 3352 2123 3401 shall
2156 3352 2256 3399 win
2292 3352 2375 3400 the
2396 3368 2528 3411 race3
2564 3352 2628 3401 all

452 3436 574 3485 such
593 3434 902 3484 information
923 3436 966 3483 is
987 3450 1042 3483 so
1065 3437 1214 3485 much
1235 3436 1388 3495 fraud,
1410 3438 1613 3485 because
1636 3436 1828 3486 derived
1848 3437 1971 3485 from
1994 3452 2199 3494 sources,
2217 3436 2380 3484 which
2397 3436 2477 3485 the
2495 3437 2633 3485 other

449 3520 532 3576 did
553 3526 640 3569 not
661 3526 868 3585 suspect,
889 3520 1036 3571 when
1070 3521 1133 3571 he
1155 3521 1403 3585 proposed,
1427 3537 1480 3570 or
1502 3522 1729 3588 accepted
1751 3522 1832 3573 the
1864 3519 2072 3583 wager.'’
2144 3520 2311 3583 Paley,
2336 3520 2461 3570 Mor.
2488 3519 2625 3573 Phil.

449 3606 480 3653 l.
503 3605 538 3656 ii
575 3622 616 3655 c.
641 3609 687 3656 8.
