3117 5217
677 584 790 643 DE
835 583 1514 652 SUSURRATIONE,
1557 584 1677 642 ET
1717 540 2171 644 I'RRISIONE.
2400 590 2517 644 333

331 750 484 825 pius,
571 749 899 822 Aliquando
937 759 1092 807 caret
1129 750 1316 825 eulpa,
1345 749 1574 822 quando
1614 751 1831 808 seilicet
1865 751 1929 809 fit
1962 751 2272 818 moderate,
2300 759 2361 808 ut
2396 751 2535 808 alter

334 866 398 904 se
427 849 730 906 emendet:
762 869 829 906 v:
860 868 929 925 g:
957 858 1020 906 ut
1046 851 1177 921 quis
1199 848 1595 908 concionando
1622 868 1792 907 voees
1813 850 2134 926 protrahere
2163 850 2413 917 desinat;
2442 849 2534 906 vel

335 958 399 1004 ut
425 948 605 1005 animi
629 958 971 1015 recreentur,
1001 947 1235 1023 speciali
1263 948 1468 1024 agendi
1493 948 1839 1020 loquendive
1864 951 2100 1017 ratione,
2125 967 2251 1020 quae
2272 950 2413 1006 vitio
2440 967 2532 1006 va-

335 1055 444 1111 cat,
473 1046 670 1104 relata.
756 1046 922 1123 Saepe
951 1047 1138 1104 irrisio
1167 1047 1368 1105 vitiosa
1392 1056 1498 1114 est,
1527 1057 1587 1104 et
1611 1058 1907 1124 peecatum
1936 1067 2011 1106 ex
2044 1067 2251 1125 genere
2278 1067 2385 1105 suo
2413 1066 2533 1123 gra-

333 1145 463 1201 vius
519 1145 884 1212 contumelia,
931 1164 1062 1204 nam
1117 1145 1358 1218 quisque
1405 1146 1698 1222 aegerrime
1745 1146 1851 1203 fert
1896 1165 1959 1203 se
2009 1146 2253 1205 ludibrio
2304 1147 2532 1204 haberi:

337 1250 378 1278 ‘⁶
401 1245 536 1315 quia
563 1245 1010 1303 contumeliosus
1037 1243 1262 1301 videtur
1297 1247 1550 1320 accipere
1580 1245 1793 1303 malum
1819 1245 2045 1303 alterius
2072 1247 2307 1312 seriose,
2336 1247 2536 1304 illusor

337 1351 529 1400 autem
553 1345 612 1400 in
632 1343 828 1401 ludum
851 1363 867 1410 3
896 1351 952 1400 et
977 1344 1054 1400 ita
1073 1343 1296 1402 videtur
1318 1362 1446 1401 esse
1475 1345 1656 1421 major
1680 1353 2039 1420 contemptus
2068 1356 2127 1402 et
2146 1343 2532 1402 dehonoratio.

333 1441 417 1499 Et
441 1442 762 1500 seeundum
790 1444 902 1501 hoc
929 1441 1120 1499 illusio
1145 1454 1233 1500 est
1255 1461 1426 1519 grave
1453 1452 1771 1518 peecatum,
1794 1451 1849 1498 et
1875 1453 2025 1501 tanto
2052 1445 2296 1519 gravina,
2321 1453 2533 1515 quanto

334 1544 523 1620 major
540 1543 860 1599 reverentia
888 1541 1124 1598 debetur
1139 1558 1398 1616 personae
1427 1561 1552 1614 quae
1584 1540 1854 1599 illuditur.
1939 1541 2111 1600 Unde
2137 1543 2536 1618 gravissimum

334 1650 425 1698 est
452 1641 690 1698 irridere
718 1641 930 1708 Deum,
958 1649 1016 1696 et
1039 1658 1108 1696 ea
1133 1659 1260 1712 quae
1283 1641 1396 1699 Dei
1423 1650 1587 1708 sunt;
1618 1639 1928 1698 secundum
1952 1639 2091 1698 illud
2118 1641 2281 1698 Isaioe
2308 1640 2529 1698 xxxvii.

339 1748 354 1774 ‘
379 1739 499 1798 Cui
538 1741 912 1816 exprobrasti,
953 1749 1010 1797 et
1055 1757 1228 1811 quem
1266 1739 1695 1815 blasphemasti,
1744 1746 1801 1796 et
1840 1757 2014 1816 super
2052 1757 2223 1815 quem
2272 1738 2533 1796 exaltasti

337 1858 541 1897 vocem
594 1849 742 1896 tuam
766 1839 809 1895 ³⁹
853 1849 910 1896 et
953 1848 1152 1915 postea
1183 1839 1455 1897 subditur.
1543 1837 1669 1894 ‘Ad
1712 1847 1969 1896 sanetum
2006 1836 2225 1896 Israel.’
2309 1833 2533 1894 Deinde

334 1938 660 1996 secundum
687 1939 878 1996 locum
905 1947 1058 1996 tenet
1083 1938 1268 1996 irrisio
1307 1948 1638 2013 parentum3
1678 1935 1832 2000 unde
1864 1935 2071 1996 dieitur
2105 1937 2362 1996 Proverb
2388 1953 2531 1992 xxx.

337 2046 351 2072 ‘
374 2038 633 2098 Oculum
664 2039 762 2108 qui
789 2040 1099 2095 subsannat
1125 2046 1364 2113 patrem,
1395 2049 1452 2094 et
1475 2038 1576 2109 qui
1616 2035 1859 2112 despicit
1897 2046 2120 2112 partum
2160 2036 2353 2092 matris
2395 2051 2537 2104 suae,

335 2135 620 2195 effodiant
663 2155 794 2194 eum
838 2137 993 2194 corvi
1038 2129 1514 2202 de·torrentib'uS‚
1550 2145 1613 2192 et
1654 2134 1958 2194 comedant
2002 2153 2132 2192 eum
2168 2134 2270 2191 filii
2312 2132 2532 2205 aquilae.

335 2236 570 2295 Deinde
591 2237 876 2312 justorum
901 2235 1113 2292 derisio
1133 2235 1320 2310 gravis
1341 2243 1450 2301 est,
1476 2235 1612 2306 quia
1636 2231 1821 2290 honor
1847 2241 1936 2289 est
1954 2233 2173 2290 virtutis
2200 2232 2535 2306 praemium3

338 2345 395 2393 et
432 2345 635 2394 eontra
667 2335 778 2392 hoe
820 2335 1023 2392 dieitur
1064 2333 1178 2391 Job
1225 2333 1326 2390 xii.
1414 2331 1753 2391 ‘Deridetur
1786 2332 1929 2409 justi
1970 2330 2305 2407 simplicitas
2324 2329 2362 2386 ε’
2410 2345 2535 2400 quae

336 2434 576 2506 quidem
606 2433 816 2491 derisio
843 2433 1006 2491 valde
1034 2433 1237 2490 nociva
1255 2442 1360 2498 est,
1384 2434 1515 2504 quia
1541 2450 1645 2506 per
1670 2431 1781 2488 hoe
1808 2431 2071 2489 homines
2100 2449 2133 2487 a
2149 2431 2294 2487 bene
2315 2425 2535 2504 agendo

335 2527 795 2609 impediuntur:l
838 2531 1156 2590 secundum
1192 2529 1674 2614 illudssregoriiz
1760 2539 1776 2564 ⁶
1800 2530 1916 2596 Qui
1955 2530 2015 2587 in
2052 2529 2289 2586 aliorum
2319 2525 2535 2584 actibus

335 2633 556 2690 exoriri
583 2633 734 2690 bona
759 2632 1096 2708 respiciunt,
1121 2648 1259 2688 mox
1285 2648 1353 2687 ea
1379 2648 1547 2688 manu
1576 2627 1857 2704 pestiferae
1898 2627 2345 2704 exprobrationis
2388 2623 2513 2682 evel

337 2731 508 2790 lunt.’
527 2725 599 2759 ”¹

1022 2897 1106 2961 (1)
1147 2897 1194 2940 2.
1217 2881 1264 2938 2.
1291 2903 1372 2952 qu.
1396 2889 1533 2939 lxxv·
1551 2899 1637 2940 art.
1654 2890 1705 2938 ii.
1774 2889 1923 2956 Κεφ.
