3117 5217
1166 574 1279 634 DE
1324 576 1521 636 AERE
1566 576 1902 636 ALIENO.
2521 580 2628 634 121

1322 1131 1607 1190 CAPUT
1647 1131 1756 1190 IV.

1280 1347 1357 1386 DE
1400 1347 1535 1386 AERE
1577 1346 1823 1386 ALIENO.

526 1527 668 1580 201.
713 1521 957 1580 Constat
980 1541 1079 1581 eos
1099 1523 1379 1600 justitiam
1408 1525 1618 1583 violare
1641 1526 1737 1597 qui
1765 1543 1842 1582 aes
1869 1524 2116 1582 alienum
2143 1525 2482 1616 contrahunt
2506 1529 2622 1585 ani-

446 1640 544 1679 mo
592 1621 730 1680 illud
772 1641 1083 1694 numquam
1130 1623 1407 1692 solvendi,
1455 1635 1624 1700 prout
1659 1624 1950 1698 ‚contingit
1999 1623 2306 1695 aliquando
2352 1627 2630 1684 mercium

444 1721 815 1796 emptoribuS,
859 1723 959 1793 qui
986 1724 1231 1797 pecunia
1254 1742 1328 1781 ex
1354 1741 1547 1782 earum
1575 1723 1900 1781 venditione
1927 1732 2270 1798 comparata,
2313 1722 2629 1800 aufugiunt.

447 1821 699 1878 Peccant
723 1821 893 1878 etiam
922 1822 1019 1892 qui
1047 1829 1257 1880 temere
1284 1809 1423 1879 ill'ud
1449 1823 1808 1890 contrahunt,
1843 1822 2000 1879 nulla
2038 1821 2344 1898 affulgente
2372 1840 2476 1897 spe
2504 1841 2631 1898 pro·

446 1919 616 1977 babili
637 1937 737 1976 eos
766 1937 929 1995 pares
957 1919 1173 1978 futuros
1200 1921 1496 1989 solvend0,
1526 1942 1658 1980 nam
1688 1941 1804 1980 non
1829 1920 1962 1978 licet
1987 1940 2118 1979 cum
2147 1921 2389 1979 aliorum
2416 1920 2626 1980 damno

448 2037 635 2076 rerum
660 2017 845 2076 facere
874 2019 1212 2095 periculum,
1241 2021 1332 2076 vel
1355 2021 1580 2080 lucrum
1607 2039 1881 2095 quaerere.
1967 2020 2218 2078 Peccant
2235 2020 2333 2092 qui
2355 2019 2494 2078 illud
2521 2021 2631 2079 sol-

360 2178 371 2188 ,
447 2137 577 2176 vere
618 2118 914 2193 negligunt
937 2137 1069 2176 cum
1097 2119 1439 2178 creditorum
1465 2120 1821 2187 detrimento,
1860 2119 2014 2192 quod
2057 2137 2315 2195 reparare
2345 2129 2628 2188 tenentur,

445 2217 666 2289 quoties
693 2218 763 2274 iis
794 2226 1048 2293 tempore
1075 2219 1377 2294 praefinitO,
1400 2219 1572 2296 culpa
1597 2239 1723 2287 sua,
1744 2228 2009 2276 recusant
2033 2219 2383 2285 satisfacere,
2409 2219 2632 2277 etiamsi

444 2316 587 2392 legis
612 2316 892 2374 beneficio
916 2325 1175 2375 utantur:
1218 2319 1268 2374 si
1307 2319 1459 2376 enim
1501 2317 1634 2376 inde
1677 2319 1902 2376 eveniat
1929 2328 1992 2376 ut
2029 2318 2310 2376 bonorum
2345 2318 2628 2393 jacturam

447 2415 726 2490 patiantur
748 2415 1077 2484 creditores,
1105 2417 1312 2493 injuria
1336 2417 1718 2475 satisfactione
1759 2416 2010 2477 tollenda
2051 2426 2169 2474 est:
2214 2435 2380 2475 secus
2409 2418 2460 2474 si
2487 2416 2631 2473 absit

336 2523 347 2532 ‘
448 2513 637 2588 culpa,
679 2523 809 2572 tunc
850 2517 1003 2574 enim
1046 2533 1178 2574 casu
1209 2515 1481 2572 damnum
1522 2516 1752 2576 evenire
1793 2515 2142 2574 censendum
2187 2525 2292 2572 est.
2379 2516 2631 2574 Peccant

448 2613 550 2686 qui
574 2612 743 2670 variis
770 2615 861 2672 usi
888 2616 1095 2672 artibus
1136 2613 1442 2672 creditores
1483 2613 1758 2670 inducunt
1795 2612 1867 2670 ad
1899 2621 2112 2688 partem
2143 2612 2318 2670 debiti
2344 2615 2631 2671 remitten-

448 2711 598 2779 dam,
629 2731 701 2769 ne
729 2721 909 2771 totum
936 2715 1209 2779 amittant,
1238 2713 1329 2770 vel
1355 2731 1427 2770 ne
1466 2711 1677 2770 diutius
1705 2710 1994 2768 differatur
2020 2710 2248 2777 solutio,
2291 2711 2384 2768 vel
2409 2728 2482 2769 ne
2521 2710 2632 2768 liti-

446 2811 551 2867 bus
578 2811 977 2887 implicentur3
1021 2812 1119 2884 qui
1144 2821 1331 2869 autem
1359 2812 1433 2869 ob
1472 2811 1816 2870 solutionem
1845 2811 2207 2888 anticipatam
2235 2809 2408 2885 partis
2435 2810 2634 2866 remis·

446 2909 670 2967 sionem
698 2910 1003 2986 impetrant
1028 2930 1059 2968 a
1086 2909 1455 2968 creditoribus
1496 2911 1653 2970 nulla
1691 2910 2026 2971 necessitate
2053 2908 2286 2976 adactis,
2315 2907 2417 2966 sed
2456 2907 2633 2966 libere

446 3009 953 3076 consentientibus,
1002 3024 1243 3084 possunt
1286 3011 1570 3078 excusari,
1617 3029 1798 3083 quum
1843 3011 1922 3068 ita
1969 3010 2113 3067 ferat
2155 3009 2530 3077 consuetudo,
2577 3017 2636 3066 et

448 3107 813 3166 commodum
861 3107 1155 3166 communi
1199 3109 1569 3168 aestimatione
1621 3108 1854 3185 plurimi
1900 3107 2098 3165 valeat.
2183 3108 2416 3167 Peccati
2461 3108 2632 3166 alieni

451 3207 735 3282 particeps
762 3216 851 3264 est
872 3225 1021 3265 uxor
1060 3225 1185 3279 quae
1228 3191 1415 3266 mariti
1456 3207 1808 3286 indulgentia
1847 3217 2110 3283 sumptus
2151 3207 2360 3266 nimios
2402 3206 2538 3264 facit
2573 3209 2634 3266 in

454 3306 703 3362 vestibus
731 3305 1010 3374 emendiS,
1040 3307 1219 3364 aliave
1248 3308 1482 3366 ratione.
1550 3308 1653 3366 Sic
1679 3309 1848 3370 etiam
1877 3315 2118 3383 peccant
2141 3317 2338 3365 contra
2354 3307 2636 3383 justitiam

454 3403 580 3470 filii,
610 3406 709 3476 qui
736 3407 911 3480 probe
937 3406 1156 3464 conscii
1195 3417 1413 3482 patrem
1452 3426 1570 3464 non
1609 3426 1738 3464 esse
1766 3425 1959 3483 parem
1999 3405 2295 3472 solvendO,
2335 3407 2640 3481 pecuniam

458 3503 569 3560 sibi
598 3502 783 3561 datam
813 3505 1134 3582 prodigunt.

533 3607 673 3660 202.
719 3603 1209 3676 Quandocumque
1238 3605 1457 3677 quisse
1490 3606 1650 3663 novit
1685 3606 1964 3680 imparem
1993 3601 2289 3667 solvendo,
2320 3619 2426 3656 nec
2453 3609 2642 3674 sperat

454 3720 517 3758 se
546 3719 720 3776 posse
744 3703 1089 3779 negotiando
1114 3717 1235 3760 rem
1262 3721 1489 3780 augere,
1521 3713 1741 3762 tenetur
1769 3700 1840 3758 ad
1859 3700 2088 3774 negotia
2114 3695 2448 3765 deserenda,
2477 3699 2642 3755 bonis

452 3801 571 3858 suis
598 3801 657 3858 in
678 3803 804 3860 aeris
832 3802 999 3860 alieni
1026 3802 1369 3860 solu-tionem
1398 3801 1615 3860 traditis
1640 3821 1654 3857 ε
1698 3818 1832 3856 nam
1859 3797 2074 3855 nemini
2101 3798 2240 3856 licet
2263 3815 2396 3854 cum
2425 3796 2634 3856 damno

452 3899 637 3958 alieno
664 3901 959 3978 negotiari.
1004 3902 1174 3978 Saepe
1202 3911 1389 3960 autem
1416 3907 1762 3958 excusantur
1785 3906 2130 3955 mercatores
2159 3897 2362 3968 quibus
2390 3896 2638 3972 plerum-

453 4017 565 4071 que
591 4018 725 4075 spes
764 4000 955 4072 aliqua
978 4001 1234 4077 affulget.
1318 3999 1433 4066 Qui
1462 3997 1615 4074 apud
1654 4015 1716 4054 se
1756 3997 1966 4055 habent
2002 4015 2094 4055 res
2137 3996 2371 4063 alienas,
2411 4014 2514 4053 seu
2541 3995 2636 4054 de-

453 4100 689 4173 positas,
718 4115 818 4157 seu
846 4098 1254 4164 commodatas,
1284 4116 1385 4154 seu
1424 4106 1488 4156 ut
1513 4083 1825 4155 vendantur
1865 4095 2116 4164 traditas,
2159 4094 2367 4153 debent
2407 4113 2505 4153 eas
2533 4097 2639 4153 im-

451 4199 650 4272 primis
677 4198 913 4257 reddere
955 4197 1234 4264 dominis3
1278 4215 1382 4254 nec
1424 4198 1578 4254 enim
1619 4194 1990 4254 creditoribus
2034 4194 2166 4252 dare
2207 4194 2341 4252 licet
2381 4213 2506 4268 quae
2534 4213 2638 4250 sua

449 4315 563 4354 non
589 4307 741 4354 sunt.
828 4297 943 4362 Qui
970 4315 1059 4354 res
1086 4308 1309 4372 emptas
1335 4315 1576 4368 quarum
1603 4295 1848 4372 pretium
1875 4313 1990 4352 non
2011 4295 2182 4352 solvit
2207 4293 2396 4361 habet,
2428 4301 2634 4368 potest,

444 4396 609 4470 juxta
636 4395 961 4472 plerosque,
984 4413 1079 4452 eas
1106 4395 1385 4454 venditori
1406 4394 1642 4463 tradere,
1667 4413 1895 4466 aequum
1917 4395 2134 4451 scilicet
2155 4391 2376 4450 videtur
2394 4398 2642 4446 contrac-

456 4503 575 4552 tum
602 4495 663 4552 in
690 4495 816 4571 ejus
844 4493 1092 4552 savorem
1133 4493 1487 4552 rescindere:
1532 4494 1684 4566 quod
1725 4503 1913 4551 tamen
1952 4493 2108 4569 leges
2155 4510 2273 4548 non
2319 4485 2647 4564 permittunt

628 4593 785 4652 Vox..
826 4591 1071 4651 11.-12
