3117 5217
864 568 978 627 DE
1021 568 1474 627 EMPTIONE
1522 567 1640 625 ET
1680 566 2245 625 VENDITIONE.
2528 570 2639 625 161

460 747 498 775 ‘⁶
521 741 868 798 exactiorem
909 750 1174 816 praestare
1215 739 1383 798 debet
1423 740 1797 817 diligentiam,
1840 757 2009 811 quam
2036 739 2097 795 in
2122 738 2290 796 rebus
2332 740 2452 797 suis
2492 740 2641 797 face·-

455 832 636 899 ret.'’¹
701 838 1036 897 Venditoris
1063 841 1232 896 etiam
1259 837 1579 915 periculum
1604 839 1688 907 fit,
1716 839 1767 895 si
1794 838 1919 914 ipse
1946 838 2117 912 culpa
2140 856 2245 895 sua
2270 856 2392 896 rem
2422 837 2639 897 tradere

453 935 752 1004 distulerit,
782 940 916 1009 quia
959 946 998 973 ‘⁶
1021 956 1183 995 mora
1207 956 1310 995 sua
1337 940 1571 998 cuilibet
1594 946 1683 994 est
1706 930 2013 995 nociva.”²
2052 936 2299 1002 Quando
2326 955 2419 995 res
2448 936 2641 1010 aliqua

451 1034 533 1092 ad
557 1052 792 1111 corpus,
821 1046 886 1093 ut
910 1038 1088 1105 aiunt,
1116 1037 1342 1104 emitur,
1377 1039 1595 1095 scilicet
1634 1037 1936 1095 acervatim
1965 1037 2177 1107 absque
2205 1055 2493 1105 mensura,
2537 1054 2637 1111 pe-

449 1134 687 1192 riculum
717 1136 842 1213 ejus
869 1134 940 1192 ad
968 1146 1286 1212 emptorem
1315 1138 1532 1202 transit,
1577 1135 1775 1192 saltem
1817 1136 1868 1191 si
1894 1135 2083 1206 aliqua
2108 1138 2325 1193 ratione
2353 1134 2635 1193 tradatur:

449 1241 487 1268 ‘⁴
512 1230 666 1290 Cum
691 1235 1025 1291 universum
1053 1234 1208 1307 quod
1245 1235 1305 1291 in
1332 1235 1550 1292 horreis
1590 1244 1711 1291 erat
1738 1233 2012 1309 positum,
2043 1236 2293 1291 veniisse
2328 1235 2451 1291 sine
2480 1252 2639 1292 men-

447 1348 596 1398 sura,
625 1341 682 1388 et
709 1333 900 1390 claves
927 1335 1280 1408 emptoribus
1311 1332 1532 1390 traditas
1564 1333 1807 1408 alleges:
1852 1345 1987 1407 post
2013 1333 2323 1408 perfectam
2354 1332 2639 1391 venditio-

445 1448 600 1496 nem,
629 1430 786 1503 quod
811 1432 946 1488 vino
967 1439 1177 1489 mutato
1218 1430 1441 1499 accidit,
1472 1431 1542 1487 ad
1571 1440 1887 1507 emptorem
1917 1425 2264 1506 pertinet.”³
2344 1432 2410 1489 Si
2438 1451 2529 1489 res
2556 1432 2641 1490 ad

445 1546 798 1587 mensuram
825 1538 1064 1597 ematur,
1091 1548 1198 1588 nec
1226 1531 1410 1588 adhuc
1435 1548 1706 1588 mensura
1744 1538 1867 1586 acta
1892 1529 1985 1596 sit,
2023 1530 2339 1604 periculum
2367 1532 2491 1607 ejus
2520 1550 2637 1589 ma-

445 1636 542 1683 net
566 1646 746 1703 penes
765 1627 1148 1687 venditorem.
1231 1630 1331 1687 Sic
1371 1630 1423 1687 si
1461 1629 1679 1687 dolium
1706 1629 1827 1687 vini
1865 1628 2095 1695 emeris,
2126 1637 2209 1687 tot
2246 1630 2499 1687 nummis
2529 1649 2635 1707 pro

445 1725 693 1796 qualibet
717 1744 986 1783 mensura
1011 1727 1324 1797 solvendis,
1366 1728 1686 1803 periculum
1726 1727 1851 1804 ejus
1878 1744 1995 1785 non
2034 1728 2213 1796 subiS,
2231 1709 2431 1785 *donec
2458 1740 2511 1786 te
2540 1748 2633 1788 co·

445 1842 562 1881 ram
593 1843 860 1882 mensura
885 1834 1099 1902 agatur.
1185 1825 1472 1887 Oaeterum
1512 1827 1807 1903 praemissa
1846 1825 2160 1885 monitione
2189 1825 2453 1886 venditor
2476 1837 2635 1903 pote-

442 1923 514 1980 rit
538 1922 753 1980 dolium
785 1924 982 1981 metari
1009 1926 1241 1983 absente
1263 1921 1575 2002 emptore.⁴
1639 1924 1707 1982 In
1736 1924 1827 1981 his
1853 1926 2167 1999 provinciis
2194 1926 2517 2002 periculum
2548 1928 2634 1983 rei

443 2040 558 2079 non
586 2021 806 2079 videtur
831 2041 1083 2095 unquam
1111 2026 1344 2082 transire
1373 2024 1444 2083 ad
1469 2032 1809 2100 emptorem,
1840 2023 1950 2080 nisi
1990 2034 2059 2080 ea
2098 2024 2285 2097 aliqua
2310 2027 2535 2084 ratione
2578 2026 2633 2083 ei

443 2120 657 2179 tradita.
741 2122 840 2179 Ex
870 2132 1242 2181 mercatorum
1271 2123 1685 2182 consuetudine
1714 2123 1911 2181 omnia
1938 2120 2244 2198 pendent.⁵

518 2223 618 2276 48.
657 2220 694 2277 J
699 2230 888 2278 ustum
915 2220 1120 2279 dicitur
1147 2224 1422 2281 mercium
1450 2222 1693 2299 pretium
1721 2220 1874 2294 quod
1903 2222 2171 2279 omnibus
2196 2224 2301 2281 rite
2328 2224 2633 2299 perpensis

443 2335 632 2376 earum
663 2320 840 2377 valoti
867 2320 1194 2395 respondet.
1279 2322 1436 2398 Lege
1463 2338 1913 2393 nonnumquam,
1936 2320 2029 2377 vel
2048 2322 2273 2396 publica
2300 2322 2635 2379 auctoritato

439 2418 680 2490 pretium
719 2417 1140 2485 determinatur,
1171 2420 1325 2491 quod
1363 2419 1556 2496 legale
1583 2419 1797 2477 idcirco
1837 2417 2020 2475 audit:
2065 2419 2319 2497 vulgare
2358 2430 2448 2478 est
2476 2422 2630 2493 quod

443 2517 732 2573 communi
757 2517 1057 2575 hominum
1099 2519 1470 2575 aestimatione
1509 2517 1889 2583 constituitur,
1920 2520 2185 2591 spectatis
2226 2519 2491 2577 omnibus
2532 2520 2629 2577 ad-

433 2612 642 2686 junctis
669 2634 858 2673 rerum
885 2622 942 2673 et
965 2615 1245 2682 locorum,
1275 2635 1482 2692 nempe
1501 2616 1667 2691 copia
1693 2615 1786 2673 vel
1811 2615 2005 2690 inopia
2042 2618 2340 2686 mercium,
2369 2618 2629 2677 vendito-

440 2729 564 2769 rum
593 2713 890 2789 impensis,
918 2716 1132 2781 labore‚
1161 2714 1384 2772 damnis
1413 2716 1472 2771 in
1499 2712 1897 2789 comparandis
1920 2722 1976 2769 et
1994 2717 2401 2775 conservandis
2428 2718 2629 2773 merci-

439 2802 596 2866 bus.⁶
675 2813 892 2889 Legale
927 2814 1168 2888 pretium
1213 2823 1469 2871 accurate
1509 2812 1851 2870 servandum
1892 2822 2013 2879 est3
2056 2813 2303 2886 ideoque
2342 2833 2458 2873 non
2498 2815 2631 2873 licet

439 2907 672 2978 aliquid,
701 2914 1064 2991 quantumvis
1091 2912 1414 2979 minimum,
1443 2913 1589 2969 ultra
1628 2912 1880 2987 exigere,
1910 2928 2087 2982 quum
2115 2913 2431 2972 auctoritati
2453 2915 2627 2989 justae

438 3005 948 3082 obtemperandum
973 3010 1065 3066 sit.
1119 3009 1370 3085 Vulgare
1391 3012 1640 3086 pretium
1665 3008 2021 3067 latitudinem
2040 3012 2343 3082 quamdam
2364 3012 2625 3081 admittit,

439 3122 616 3175 quum
645 3106 944 3165 hominum
971 3108 1258 3165 varientur
1280 3109 1350 3167 de
1391 3109 1650 3187 ejusdem
1690 3108 1771 3177 rei
1810 3108 2003 3166 valore
2036 3110 2290 3186 judicia:
2342 3110 2627 3169 “Justum

439 3205 681 3278 pretium
707 3206 959 3274 rerum,”
989 3207 1172 3279 inquit
1197 3207 1260 3264 S.
1292 3208 1575 3275 Thomas,
1622 3217 1795 3265 “non
1820 3216 1908 3264 est
1948 3211 2325 3282 punctualiter
2362 3212 2627 3269 determi-

440 3312 654 3371 natum,
683 3305 786 3363 sed
807 3307 990 3382 magis
1017 3306 1075 3363 in
1103 3305 1344 3377 quadam
1373 3308 1743 3365 aestimatione
1770 3307 2060 3365 consistit:
2104 3309 2181 3365 ita
2220 3310 2373 3381 quod
2400 3310 2627 3369 modica

440 3399 648 3460 additio
667 3405 759 3463 vel
784 3406 1026 3463 minutio
1053 3424 1170 3463 non
1199 3406 1418 3465 videtur
1445 3407 1639 3464 tollere
1660 3407 2039 3478 aequalitatem
2058 3405 2391 3481 justitiae.”⁷
2447 3408 2625 3467 Sum·

436 3516 606 3557 mum
632 3503 820 3579 igitur,
847 3504 1138 3569 medium,
1167 3515 1226 3561 et
1247 3506 1534 3583 infimum
1560 3505 1741 3580 pretia
1762 3504 2205 3580 distinguuntur.
2272 3506 2390 3563 Pro
2424 3508 2507 3562 rei
2534 3526 2627 3564 va-

437 3596 554 3655 lore
570 3601 784 3678 majore
811 3606 996 3681 major
1019 3614 1106 3660 est
1132 3606 1296 3677 pretii
1321 3603 1593 3663 latitudo:
1623 3623 1693 3659 v:
1724 3622 1794 3679 g:
1844 3620 1935 3659 res
1964 3621 2091 3674 quae
2118 3612 2343 3659 centum
2372 3605 2623 3661 nummis

437 3697 626 3756 medio
653 3703 836 3776 pretio
865 3702 1030 3769 valet,
1060 3712 1250 3778 potest
1285 3722 1576 3761 summum
1605 3703 1813 3760 habere
1842 3701 2086 3777 pretium
2116 3710 2340 3759 centum
2371 3702 2625 3773 quinque

511 3884 594 3947 (1)
633 3882 692 3931 L.
713 3884 782 3932 iii.
805 3883 856 3932 ff.
879 3886 1064 3936 eodem.
1610 3887 1695 3949 (2)
1736 3884 1795 3932 L.
1813 3884 1930 3933 xvii.
1952 3882 2003 3933 ff.
2028 3884 2215 3933 eodem.

509 3968 590 4035 (3)
633 3966 692 4015 L.
713 3968 763 4017 ii.
786 3970 892 4017 cod.
915 3969 1144 4037 deperio.
1621 3969 1705 4034 (4)
1745 3967 1804 4016 L.
1826 3969 1890 4017 iv.
1912 3968 1961 4017 ff.
1986 3970 2093 4017 eod.

509 4052 592 4116 (5)
633 4062 661 4085 ‘⁴
679 4053 738 4101 In
753 4056 945 4118 justice,
968 4072 1022 4104 as
1043 4058 1152 4105 well
1171 4074 1223 4105 as
1245 4056 1298 4104 in
1333 4057 1442 4113 lxm,
1464 4053 1599 4101 what
1632 4052 1674 4100 is
1713 4053 1863 4103 called
1902 4054 1983 4103 the
2019 4059 2208 4104 custom
2248 4053 2311 4122 os
2336 4056 2619 4108 merchants

435 4134 670 4194 regulates
691 4137 774 4185 the
794 4140 1121 4189 construction
1144 4140 1199 4188 of
1224 4139 1501 4187 mercantile
1541 4135 1819 4185 concems.''
1890 4137 2043 4200 Paley
2068 4137 2192 4186 Mor.
2216 4138 2342 4187 Phil.
2378 4141 2410 4187 l.
2431 4140 2479 4188 ii.
2503 4157 2545 4189 c.
2570 4145 2616 4189 7.

506 4220 590 4284 (6)
631 4230 660 4253 “
679 4220 851 4274 When
886 4225 1017 4273 there
1050 4225 1200 4274 exists
1237 4241 1304 4273 no
1343 4224 1607 4286 monopoly
1629 4238 1684 4271 or
1722 4222 2065 4283 combination‚
2101 4224 2184 4272 the
2206 4225 2390 4273 mai-ket
2409 4224 2539 4287 price
2574 4226 2617 4273 is

437 4304 618 4369 always
639 4324 670 4355 a
689 4307 779 4355 fair
795 4309 938 4371 price,
954 4311 1158 4359 because
1180 4313 1219 4359 it
1238 4310 1341 4359 will
1363 4310 1546 4373 always
1578 4310 1639 4357 be
1670 4308 2055 4372 proportionable
2078 4315 2129 4358 to
2152 4309 2235 4359 the
2258 4325 2347 4357 use
2371 4309 2469 4357 and
2492 4325 2617 4357 scar-

439 4390 538 4451 city
561 4391 619 4439 of
643 4392 726 4439 the
749 4392 958 4441 article-’⁹
1029 4394 1227 4443 Ibidem.

510 4474 595 4540 (7)
636 4479 684 4523 2.
709 4480 755 4523 2.
779 4492 860 4540 qu.
884 4478 1051 4527 lxxvii.
1074 4485 1159 4527 art.
1183 4479 1214 4527 i.
1285 4478 1368 4531 Ad
1378 4477 1634 4545 primum.

1545 4576 1655 4631 15*
