3117 5217
489 554 610 611 234
1138 549 1249 608 DE
1295 548 2005 609 SUPERSTITIONE.

485 719 842 777 observaret:
888 726 927 754 “
945 716 1082 774 Non
1111 717 1428 775 inveniatur
1465 718 1526 775 in
1568 728 1623 773 te
1651 758 1666 773 .
1701 758 1715 774 .
1748 758 1763 773 .
1794 717 1892 789 qui
1922 756 1937 773 .
1969 756 1985 773 .
2018 758 2033 774 .
2064 718 2331 774 observet
2354 711 2715 775 somnia.”¹-

488 816 698 873 Verbis
727 815 804 873 D.
835 816 1080 873 Thomae
1101 816 1264 891 juvat
1288 816 1579 890 explicare
1605 815 1914 873 discrimen
1952 816 2099 873 inter
2138 816 2365 873 somnia
2402 815 2677 873 divinitus

489 916 771 982 immissa,
792 915 978 986 qualia
993 914 1264 972 nonnulla
1284 916 1341 971 in
1363 915 1655 989 Scriptura
1675 915 2011 981 referuntur,
2030 924 2086 971 et
2104 932 2171 971 ea
2198 933 2325 986 quae
2342 914 2680 990 plerumque

490 1015 847 1090 contingunt.
932 1012 1284 1071 “Divinatio
1325 1032 1450 1085 quae
1493 1014 1747 1071 innititur
1790 1012 1947 1070 falsae
1992 1013 2270 1087 opinioni,
2298 1021 2387 1069 est
2412 1014 2681 1089 supersti-

489 1116 636 1171 tiosa
661 1122 720 1169 et
747 1112 956 1170 illicita.
1039 1110 1178 1169 Ideo
1201 1110 1556 1169 considerare
1586 1120 1811 1189 oportet
1835 1110 1975 1183 quid
2012 1111 2087 1167 sit
2124 1128 2325 1169 verum
2364 1112 2514 1168 circa
2538 1130 2679 1186 prae·

491 1212 872 1288 cognitionem
903 1211 1216 1268 futurorum
1244 1210 1316 1268 de
1342 1211 1601 1268 somniis.
1668 1201 1833 1267 'Sunt
1870 1218 2059 1267 autem
2098 1212 2321 1268 somnia
2362 1209 2679 1268 futurorum

491 1320 796 1369 eventuum
827 1309 1168 1382 quandoque
1195 1308 1424 1381 quidem
1453 1327 1655 1366 causa:
1686 1319 1822 1385 puta
1847 1326 1978 1366 cum
2006 1326 2169 1367 mens
2192 1309 2429 1384 alicujus
2456 1308 2679 1365 solicita

492 1428 567 1467 ex
611 1410 703 1466 his
751 1426 878 1480 quae
924 1408 1076 1465 videt
1119 1408 1176 1465 in
1217 1408 1476 1475 somniis,
1507 1408 1795 1465 inducitur
1838 1407 1906 1465 ad
1944 1407 2159 1479 aliquid
2202 1406 2546 1474 faciendum,
2590 1406 2683 1464 vel

406 1554 412 1561 .
493 1508 818 1567 vitandum:
862 1506 1205 1579 quandoque
1250 1504 1380 1563 vero
1409 1508 1633 1563 somnia
1658 1515 1791 1563 sunt
1814 1508 1979 1582 signa
2005 1506 2322 1579 aliquorum
2362 1506 2678 1563 futui-orum

495 1617 822 1674 eventuum,
865 1607 924 1664 in
969 1615 1239 1679 quantum
1285 1604 1629 1662 reducuntur
1672 1605 1742 1662 ad
1776 1606 2025 1677 aliquam
2052 1624 2284 1662 causam
2310 1622 2675 1663 communem

495 1706 734 1764 somniis
762 1713 818 1761 et
843 1704 1042 1762 futuris
1070 1705 1392 1762 eventibus.
1476 1701 1577 1763 Et'
1597 1704 1910 1762 secundum
1954 1702 2067 1761 hoc
2092 1704 2401 1779 plurimum
2432 1722 2684 1779 praecog-

496 1805 742 1863 nitiones
771 1804 1088 1861 futurorum
1115 1822 1189 1861 ex
1215 1802 1458 1860 somniis
1485 1802 1649 1860 fiunt.
1734 1803 1847 1860 Est
1886 1820 2023 1878 ergo
2049 1802 2527 1860 considerandum
2556 1820 2678 1874 quae

497 1905 572 1959 sit
605 1921 776 1961 causa
803 1903 1178 1967 somniorum,
1207 1910 1266 1957 et
1308 1900 1402 1957 an¹
1426 1904 1611 1975 possit
1648 1920 1777 1959 esse
1804 1920 1975 1959 causa
2000 1900 2317 1959 futurorum
2344 1910 2675 1967 eventuum,

497 2001 589 2057 vel
629 2019 696 2057 ea
737 2000 920 2076 possit
963 2018 1330 2075 cognoscere.
1413 1998 1727 2057 Sciendum
1780 2010 1871 2058 est
1920 2016 2076 2075 ergo,
2120 2000 2275 2072 quod
2326 2000 2677 2058 somniorum

459 2146 468 2155 .
501 2118 672 2157 causa
712 2098 1056 2171 quandoque
1101 2098 1332 2170 quidem
1377 2107 1467 2155 est
1507 2098 1775 2167 interium«
1806 2097 2146 2172 quandoque
2186 2106 2372 2156 autem
2414 2098 2681 2156 exterius.

501 2198 744 2257 Interior
769 2206 954 2256 autem
982 2200 1339 2257 somniorum
1367 2215 1537 2254 causa
1561 2207 1649 2254 est
1686 2198 1937 2274 duplex:
1980 2216 2093 2254 una
2134 2177 2367 2269 quide-m
2396 2196 2674 2263 animalis,
2758 2246 2772 2254 ,

501 2300 562 2355 in
589 2308 862 2369 quantum
893 2298 1112 2354 scilicet
1143 2315 1211 2354 ea
1253 2306 1557 2354 occurrunt
1578 2297 1848 2357 -hominis
1889 2296 2199 2372 phantasiae
2242 2297 2301 2354 in
2332 2287 2684 2361 dormiend‘O,

503 2397 654 2453 circa
679 2415 806 2468 quae
833 2396 957 2472 ejus
985 2396 1250 2471 cogitatio
1276 2402 1332 2451 et
1371 2394 1601 2452 affectio
1640 2395 1745 2453 fuit
1782 2398 2076 2453 immorata
2114 2394 2175 2451 in
2213 2394 2523 2471 vigilando.
2608 2394 2691 2450 Et

504 2494 630 2551 talis
655 2512 826 2552 causa
851 2494 1204 2551 somniorum
1233 2512 1350 2552 non
1375 2503 1465 2551 est
1489 2513 1661 2551 causa
1688 2494 2001 2552 futurorum
2024 2501 2328 2551 eventuum
2355 2514 2370 2551 ε
2402 2492 2552 2551 unde
2580 2492 2684 2550 hu·

499 2592 760 2671 jusmodi
786 2594 1007 2651 somnia
1034 2611 1139 2669 per
1177 2593 1440 2651 accidens
1481 2612 1543 2649 se
1591 2593 1801 2651 habent
1844 2593 1931 2650 ad-
1960 2592 2177 2649 futuros
2221 2602 2503 2660 eventus;
2546 2601 2603 2649 et
2640 2591 2691 2647 si

506 2692 844 2766 quandoque
871 2693 1044 2751 simul
1091 2702 1447 2757 concurrant,
1477 2694 1585 2749 erit
1624 2692 1869 2749 casuale.
1954 2689 2316 2764 Quandoque
2357 2690 2491 2749 vero
2518 2708 2689 2748 causa

508 2792 814 2849 intrinseca
840 2793 1194 2849 somniorum
1221 2806 1310 2847 est
1349 2790 1695 2865 corporalis:
1738 2808 1869 2847 nam
1908 2808 1985 2847 ex
2024 2790 2278 2847 interiori
2318 2785 2693 2866 dispositione

509 2891 764 2964 corporis
793 2889 1064 2946 formatur
1089 2890 1292 2960 aliquis
1319 2897 1508 2945 motus
1548 2890 1607 2945 in
1649 2887 1966 2964 phantasia,
2001 2890 2350 2947 conveniens
2378 2889 2473 2945 tali
2500 2888 2693 2963 dispo-

511 2988 739 3044 sition-i:
783 2986 928 3043 sicut
953 2985 1174 3045 homini
1200 2988 1258 3044 in
1287 3006 1400 3059 quo
1429 2986 1715 3045 abundant
1752 2987 1944 3064 frigidi
1986 2988 2277 3054 humores,
2307 2996 2608 3045 occurrunt
2632 2987 2691 3043 in

515 3086 775 3153 somniis,
805 3083 959 3157 quod
979 3087 1060 3143 sit
1085 3086 1175 3142 vel
1201 3082 1260 3142 iri
1288 3105 1452 3158 aqua,
1482 3087 1571 3143 vel
1618 3088 1675 3143 in
1720 3087 1871 3144 nive.
1955 3085 2037 3141 Et
2079 3096 2311 3162 propter
2349 3086 2459 3143 hoc
2488 3086 2697 3143 medici

519 3182 1164 3248 dicunt·intendendum
1203 3184 1464 3250 somniis,
1493 3185 1561 3241 ad
1606 3184 2070 3259 cognoscendum
2118 3186 2413 3243 interiores
2454 3185 2698 3261 disposi-

512 3281 718 3338 tiones.
761 3280 956 3337 Causa
983 3290 1168 3337 autem
1195 3282 1548 3339 somniorum
1580 3284 1846 3351 exterior,
1876 3283 2138 3340 similiter
2164 3285 2336 3341 etiam
2358 3293 2445 3341 est
2458 3284 2691 3360 duplex,

513 3379 732 3441 scilicet
764 3379 1095 3457 corporalis,
1139 3390 1196 3436 et
1235 3381 1563 3455 spiritualis.
1650 3381 1981 3458 Corporalis
2027 3382 2279 3453 quidem,
2324 3383 2383 3439 in
2424 3391 2693 3455 quantum

511 3478 840 3555 imaginatio
865 3479 1198 3537 dormientis
1225 3480 1572 3547 immutatur,
1604 3482 1696 3539 vel
1738 3482 1806 3538 ab
1834 3500 1962 3538 aere
2002 3481 2337 3548 continenti,
2368 3480 2459 3538 vel
2486 3496 2559 3538 ex
2588 3481 2695 3537 im-

511 3578 810 3654 pressione
839 3577 1084 3635 coelestis
1111 3579 1388 3654 corporis,
1418 3590 1480 3637 ut
1505 3582 1589 3637 sic
1616 3580 1919 3637 dormienti
1948 3580 2151 3651 aliquae
2178 3580 2494 3656 phantasiae
2522 3597 2689 3655 appa-

512 3687 673 3734 reant
697 3676 1019 3736 conformes
1047 3678 1361 3751 coelestium
1391 3677 1771 3753 dispositioni.
1857 3678 2183 3755 Spiritualis
2202 3687 2389 3736 autem
2416 3698 2585 3735 causa
2606 3686 2693 3733 est

515 3774 855 3847 quandoque
883 3775 1114 3848 quidem
1143 3795 1174 3832 a
1201 3776 1352 3843 Dec,
1381 3777 1478 3847 qui
1530 3776 1847 3834 ministerio
1876 3777 2205 3853 angelorum
2236 3778 2425 3849 aliqua
2448 3775 2692 3837 homini-

513 3874 620 3929 bus
648 3872 859 3931 revelat
882 3874 939 3931 in
967 3874 1227 3941 somniis,
1255 3874 1572 3931 secundum
1599 3874 1737 3932 illud
1786 3876 1845 3932 N
1848 3892 2171 3933 umerorum
2199 3876 2339 3933 XII.
2425 3884 2441 3911 ⁴
2462 3876 2528 3932 Si
2562 3874 2691 3947 quis

513 3970 686 4029 suerit
729 3972 874 4028 inter
916 3990 1016 4029 vos
1056 3972 1332 4048 propheta
1377 3973 1639 4041 Domini,
1681 3974 1738 4030 in
1782 3975 2003 4031 visione
2046 3974 2328 4050 apparebo
2370 3974 2444 4041 ei,
2472 3973 2563 4031 vel
2590 3990 2694 4048 per

515 4070 802 4127 somnium
832 4070 1029 4141 loquar
1053 4069 1122 4126 ad
1149 4070 1350 4127 illum.’
1436 4070 1796 4144 Quandoque
1836 4071 1969 4129 vero
2012 4073 2341 4148 operatione
2368 4070 2715 4154 daemonumx

517 4168 720 4239 aliquae
741 4168 1050 4249 phantasiae
1074 4167 1478 4227 dormientibus
1499 4180 1790 4246 apparent,
1810 4190 1885 4228 ex
1910 4170 2117 4243 quibus
2140 4171 2481 4243 quandoque
2506 4169 2693 4241 aliqua

517 4268 699 4326 futura
726 4265 980 4322 revelant
1005 4266 1094 4322 his
1123 4268 1218 4338 qui
1247 4286 1378 4327 cum
1406 4269 1488 4325 eis
1515 4268 1726 4327 habent
1745 4278 1909 4345 pacta
1928 4270 2142 4327 illicita.
2228 4269 2328 4327 Sic
2348 4287 2484 4345 ergo
2506 4266 2692 4325 dicen-

518 4366 672 4433 dum,
705 4352 860 4438 quod
887 4365 936 4421 si
966 4364 1091 4436 quis
1120 4374 1304 4423 utatur
1329 4368 1571 4424 somniis
1599 4367 1670 4424 ad
1708 4367 2227 4459 praecognoscenda
2266 4368 2469 4447 sutura,
2499 4383 2696 4423 secun·

1319 4512 1404 4578 (1)
1445 4510 1593 4565 Deut-
1615 4513 1750 4563 xviii.
1780 4516 1858 4563 10.
