3117 5217
495 571 574 627 44
1327 569 1440 629 DE
1483 568 1866 629 DOMINIS.

499 756 779 817 pauperes
821 737 1120 814 erogare.”
1207 739 1290 797 Ita
1329 738 1498 797 docet
1535 740 1601 797 S.
1632 732 2023 815 Alphonsus.²
2102 736 2469 797 Restituendi
2495 746 2687 798 tamen

497 856 642 897 onus
671 838 719 895 si
746 849 958 895 temere
985 855 1084 896 eos
1113 836 1518 913 impenderint,
1559 838 1819 913 plerique
1847 837 2100 915 theologi
2130 856 2245 895 non
2272 833 2639 915 injungunt.²

576 940 674 994 33.
719 936 924 995 Utrum
955 946 1141 993 autem
1181 936 1590 995 beneficiorum
1616 937 1796 994 instar
1836 935 2093 995 habenda
2128 937 2245 994 sint
2268 955 2395 1009 quae
2424 938 2485 994 in
2513 936 2686 1012 pluri-

495 1036 598 1093 bus
627 1035 878 1092 Statibus
905 1034 1132 1093 clericis
1173 1036 1603 1093 committuntur
1643 1053 1880 1093 munera
1920 1035 2223 1111 pastoralia
2260 1053 2394 1093 cum
2424 1052 2687 1111 agrorum

495 1133 768 1193 fructibus
795 1134 892 1207 qui
919 1134 1292 1211 presbyteriis
1321 1133 1715 1201 adnectuntur,
1734 1136 1911 1206 quaeri
1939 1143 2145 1211 potest.
2210 1134 2403 1192 Nobis
2431 1133 2693 1191 videntur

495 1252 564 1291 ea
588 1234 870 1291 bonorum
910 1233 1422 1291 ecclesiasticorum
1465 1234 1721 1309 speciem
1762 1233 2115 1309 praeseferre,
2160 1250 2339 1305 quum
2378 1232 2497 1290 sint
2535 1232 2689 1290 bona

495 1331 810 1389 immobilia
836 1350 909 1390 ex
937 1330 1294 1389 fundatorum
1331 1341 1521 1389 mente
1564 1331 1647 1391 illi
1687 1332 1817 1389 usui
1854 1331 2157 1398 destinata,
2198 1340 2257 1389 et
2296 1332 2554 1407 episcopi
2596 1332 2687 1388 vel

495 1430 722 1489 alterius
765 1430 898 1489 fidei
947 1432 1274 1489 commissa.
1360 1431 1639 1497 Quamvis
1684 1438 1873 1489 autem
1920 1432 1979 1490 in
2019 1431 2391 1489 tribunalibus
2420 1430 2683 1489 civilibus

495 1529 880 1587 ecelesiastica
905 1529 1054 1588 bona
1077 1548 1194 1587 non
1221 1529 1550 1595 habeantur,
1594 1530 1651 1586 in
1690 1528 1815 1588 foro
1856 1540 2045 1587 tamen
2087 1530 2369 1587 Ecclesiae
2408 1530 2487 1588 ita
2524 1548 2689 1605 spec·

497 1628 664 1685 tanda
691 1627 970 1687 videntur.
1057 1628 1216 1685 Hinc
1240 1630 1288 1685 si
1319 1630 1448 1701 quis
1489 1627 1560 1683 iis
1588 1627 1781 1685 fruens
1810 1645 2017 1687 munus
2046 1646 2217 1686 suum
2245 1646 2482 1704 prorsus
2512 1628 2690 1704 negli-

495 1736 609 1805 gat,
639 1726 710 1784 ad
755 1726 1166 1784 restituendum
1215 1726 1497 1803 obligatus
1540 1726 1865 1785 censendus
1906 1737 2033 1785 est:
2078 1726 2233 1800 quod
2278 1728 2329 1784 si
2376 1738 2685 1803 proventus

494 1826 772 1903 superflui
801 1827 856 1883 ei
883 1826 1016 1892 sint,
1047 1843 1282 1883 munera
1319 1825 1456 1883 licet
1492 1825 1822 1895 exequenti‚
1853 1822 2023 1884 debet
2060 1828 2119 1885 in
2162 1826 2293 1901 pios
2320 1844 2480 1893 usus,
2510 1826 2601 1881 vel
2629 1826 2686 1881 in

495 1942 810 2001 pauperum
837 1923 1100 1981 levamen
1131 1941 1230 1979 eos
1259 1922 1615 1999 impendere.

573 2027 671 2079 34.
717 2021 872 2086 Quid
901 2020 1032 2079 vero
1059 2020 1367 2079 dicendum
1394 2020 1464 2079 de
1506 2023 1711 2079 annuis
1752 2022 2050 2098 stipendiis
2078 1998 2205 2095 quae
2232 2022 2418 2080 salarii
2446 2023 2681 2081 nomine

398 2130 406 2135 ’
495 2119 1014 2197 ἰωρθηᾶυηῐητοὸ
1057 2118 1279 2177 aedituis
1324 2140 1399 2178 ex
1465 2121 1731 2179 sedilium
1778 2121 1837 2178 in
1900 2122 2161 2181 ecclesiis
2220 2120 2555 2189 redditibus,
2598 2120 2689 2177 vel

495 2221 634 2279 alias
681 2238 754 2277 ex
803 2219 1072 2277 thesauro
1118 2220 1419 2279 Ecclesiae.
1504 2219 1795 2291 Equidem
1838 2220 1903 2278 S.
1945 2220 2396 2287 Poenitentiaria,
2438 2219 2509 2277 de
2550 2237 2689 2295 pen-

494 2319 752 2377 sionibus
775 2336 916 2389 quas
933 2319 1270 2395 gubernium
1297 2318 1589 2378 Gallicum
1606 2318 1780 2376 solvit
1806 2320 2177 2395 presbyteriS‚
2205 2320 2335 2377 loco
2359 2318 2685 2376 reddituum

496 2436 643 2489 quos
697 2427 863 2473 antea
927 2436 1001 2474 ex
1055 2417 1350 2475 benefieiis
1395 2418 1806 2492 percipiebant,
1845 2417 2206 2494 interrogata,
2252 2417 2549 2493 respondit
2586 2434 2687 2474 eos

495 2516 718 2573 censeri
761 2514 1014 2574 redditus
1066 2510 1540 2574 ecclesiasticoS.³
1623 2516 1900 2582 Quamvis
1954 2518 2154 2592 pensio
2208 2517 2559 2592 presbyteris
2616 2517 2685 2572 ab

497 2615 726 2673 aedituis
783 2616 1018 2673 nomine
1069 2614 1326 2673 fidelium
1393 2616 1598 2681 soluta,
1651 2616 1843 2673 locum
1894 2614 2213 2673 reddituum
2269 2617 2477 2686 quibus
2529 2626 2691 2673 antea

501 2714 828 2790 gaudebant
867 2734 982 2772 non
1027 2724 1228 2781 teneat,
1257 2725 1448 2771 tamen
1488 2715 1564 2771 ob
1600 2714 1853 2771 officium
1888 2712 2165 2787 pastorale
2194 2730 2369 2783 quum
2416 2715 2685 2780 solvatur,

492 2815 662 2885 eique
691 2815 1041 2878 adnectatur,
1063 2810 1133 2868 ad
1156 2812 1418 2869 beneficii
1439 2812 1714 2867 rationem
1742 2808 2160 2881 quodammodo
2182 2810 2432 2869 accedit:
2466 2812 2677 2870 idcirco

493 2930 797 2968 censemus
833 2908 904 2965 de
933 2930 1000 2965 ea
1026 2910 1234 2982 pariter
1251 2907 1579 2967 dicendum.
1663 2907 1875 2979 Liquet
1891 2907 2057 2983 plane
2084 2908 2421 2985 injustitiam
2444 2910 2683 2978 admitti,

491 3010 540 3065 si
581 3008 774 3066 officio
823 3008 1084 3083 neglecto
1127 3008 1256 3078 quis
1299 3007 1639 3082 pensionem
1682 3008 1792 3064 sibi
1832 3005 2101 3065 vindicet.
2186 3006 2477 3066 Caeterum
2505 3029 2681 3082 quum

491 3107 776 3182 praecipue
817 3105 981 3163 detur
1019 3105 1091 3162 ob
1135 3124 1372 3163 munera
1419 3124 1544 3177 quae
1592 3124 1787 3163 curam
1830 3107 2149 3164 animarum
2190 3108 2523 3195 respiciunt,
2566 3127 2682 3166 non

491 3206 794 3262 censemus
821 3203 1236 3262 restitutionem
1265 3203 1460 3261 deberi
1487 3204 1556 3261 ab
1590 3222 1661 3261 eo
1690 3204 1809 3277 qui,
1838 3206 1933 3263 his
1962 3205 2233 3281 impletis,
2264 3206 2518 3265 officium
2546 3208 2685 3265 reci-

491 3314 612 3359 tare
641 3303 895 3379 negligit.
981 3302 1118 3359 Non
1146 3302 1310 3359 facile
1335 3302 1559 3360 definiri
1602 3312 1788 3378 potest
1821 3314 2093 3376 quantum
2139 3304 2546 3363 restituendum
2588 3307 2681 3373 sit,

491 3402 696 3473 siquis
725 3402 914 3474 aliqua
951 3402 1272 3477 neglexerit
1295 3419 1551 3468 munera,
1595 3420 1665 3459 v:
1710 3420 1780 3478 g:
1823 3403 2221 3461 consessiones
2262 3405 2548 3479 excipere,
2591 3405 2685 3463 vel

493 3502 724 3559 verbum
757 3500 868 3558 Dei
897 3500 1239 3576 praedicare:
1284 3499 1385 3557 sed
1429 3502 1765 3576 plerumque
1792 3502 2054 3561 socordia
2080 3500 2357 3569 discussa,
2400 3502 2537 3561 satis
2578 3503 2684 3560 erit

491 3601 701 3659 hortari
729 3612 792 3659 ut
816 3620 950 3676 erga
986 3618 1267 3676 pauperes
1307 3599 1599 3656 liberalem
1640 3618 1702 3655 se
1742 3611 1993 3675 praestet.
2075 3601 2237 3659 Idem
2266 3600 2573 3659 dicendum
2602 3603 2683 3658 vi-

491 3699 654 3757 detur
677 3700 747 3759 de
774 3700 1018 3776 pecunia
1045 3718 1170 3773 quae
1197 3708 1458 3775 superest
1481 3716 1555 3755 ex
1582 3699 1883 3773 pensione,
1914 3718 2038 3773 quoe
2080 3698 2417 3775 plerumque
2456 3699 2682 3757 modica
2759 3684 2765 3688 ”

495 3807 601 3853 est.

571 3898 670 3951 35.
757 3894 846 3951 De
893 3913 1002 3951 aere
1045 3897 1335 3964 collatitio,
1381 3897 1554 3970 quod,
1605 3897 1953 3955 oblationum
1998 3906 2251 3954 veterum
2291 3896 2489 3964 instar,
2532 3898 2679 3954 inter

491 3992 803 4049 Missarum
833 3992 1118 4049 solemnia
1143 3995 1288 4051 solet
1327 3997 1538 4071 colligi,
1574 3996 1739 4055 decet
1778 3997 2015 4054 omnino
2044 4005 2105 4053 ut
2143 3996 2402 4072 parocho
2430 3995 2678 4054 tradatur

492 4091 552 4147 in
592 4090 680 4147 sui
721 4091 1212 4158 sustentationem,
1249 4092 1415 4167 juxta
1455 4112 1671 4152 morem
1699 4096 2203 4161 vetustissimum(
2254 4092 2549 4166 Quidquid
2584 4113 2679 4151 au-

701 4232 784 4295 (1)
824 4230 996 4279 Theol.
1021 4232 1144 4279 Mor.
1163 4232 1194 4280 l.
1217 4232 1283 4281 iii.
1310 4248 1360 4280 n.
1383 4234 1498 4301 491.
1523 4238 1570 4293 ξ.
1593 4235 1655 4283 iv.

697 4316 782 4379 (2)
824 4316 949 4363 Vide
972 4314 1208 4375 Lessium‚
1229 4315 1289 4366 de
1310 4316 1522 4367 Justitia
1539 4320 1731 4385 etjure,
1752 4322 1797 4377 ς.
1820 4318 1850 4366 i.
1874 4334 1915 4366 c.
1946 4318 2009 4367 iv.
2028 4318 2157 4367 Dub.
2181 4319 2243 4367 vi.
2266 4334 2315 4367 n.
2335 4321 2415 4367 44.

701 4400 785 4464 (3)
827 4401 856 4446 9
881 4400 909 4448 J
914 4415 990 4447 an.
1019 4402 1163 4458 1823,
1185 4416 1309 4464 resp.
1331 4416 1418 4464 pro
1439 4400 1633 4450 dioecesi
1650 4402 2011 4465 Monspeliensi.
