<?xml version="1.0" encoding="UTF-8"?>
<!DOCTYPE html PUBLIC "-//W3C//DTD XHTML 1.0 Transitional//EN"
    "http://www.w3.org/TR/xhtml1/DTD/xhtml1-transitional.dtd">
<html xmlns="http://www.w3.org/1999/xhtml" xml:lang="en" lang="en">
 <head>
  <title>
</title>
<meta http-equiv="Content-Type" content="text/html;charset=utf-8" />
  <meta name='ocr-system' content='tesseract 3.04.00' />
  <meta name='ocr-capabilities' content='ocr_page ocr_carea ocr_par ocr_line ocrx_word'/>
</head>
<body>
  <div class='ocr_page' id='page_1' title='image "./theologiaemoral00unkngoog_0158.png"; bbox 0 0 3117 5217; ppageno 0'>
   <div class='ocr_carea' id='block_1_1' title="bbox 498 559 2156 622">
    <p class='ocr_par' dir='ltr' id='par_1_1' title="bbox 498 559 2156 622">
     <span class='ocr_line' id='line_1_1' title="bbox 498 559 2156 622; baseline -0.001 0"><span class='ocrx_word' id='word_1_1' title='bbox 498 566 609 622; x_wconf 83' lang='lat'>144</span> <span class='ocrx_word' id='word_1_2' title='bbox 1007 560 1121 620; x_wconf 91' lang='lat' dir='ltr'>DE</span> <span class='ocrx_word' id='word_1_3' title='bbox 1165 559 1743 620; x_wconf 83' lang='lat' dir='ltr'><strong>CON&#39;I&#39;RAOTUS</strong></span> <span class='ocrx_word' id='word_1_4' title='bbox 1785 561 2156 622; x_wconf 88' lang='lat' dir='ltr'><strong>NATURA.</strong></span> 
     </span>
    </p>
   </div>
   <div class='ocr_carea' id='block_1_2' title="bbox 442 727 2675 3750">
    <p class='ocr_par' dir='ltr' id='par_1_2' title="bbox 476 727 2674 1494">
     <span class='ocr_line' id='line_1_2' title="bbox 476 727 2674 810; baseline -0.001 -21"><span class='ocrx_word' id='word_1_5' title='bbox 476 732 601 810; x_wconf 89' lang='lat' dir='ltr'>jam</span> <span class='ocrx_word' id='word_1_6' title='bbox 628 738 940 806; x_wconf 78' lang='lat' dir='ltr'>contractu,</span> <span class='ocrx_word' id='word_1_7' title='bbox 970 747 1147 802; x_wconf 89' lang='lat' dir='ltr'>quum</span> <span class='ocrx_word' id='word_1_8' title='bbox 1176 729 1263 787; x_wconf 86' lang='lat' dir='ltr'>sol</span> <span class='ocrx_word' id='word_1_9' title='bbox 1290 727 1442 787; x_wconf 68' lang='lat' dir='ltr'>certo</span> <span class='ocrx_word' id='word_1_10' title='bbox 1480 729 1728 786; x_wconf 86' lang='lat' dir='ltr'>oriturus</span> <span class='ocrx_word' id='word_1_11' title='bbox 1755 729 1848 786; x_wconf 89' lang='lat' dir='ltr'>sit.</span> <span class='ocrx_word' id='word_1_12' title='bbox 1918 728 2194 787; x_wconf 86' lang='lat' dir='ltr'>Conditio</span> <span class='ocrx_word' id='word_1_13' title='bbox 2221 727 2290 786; x_wconf 93' lang='lat' dir='ltr'>de</span> <span class='ocrx_word' id='word_1_14' title='bbox 2321 728 2511 786; x_wconf 85' lang='lat' dir='ltr'>futuro</span> <span class='ocrx_word' id='word_1_15' title='bbox 2539 747 2674 786; x_wconf 89' lang='lat' dir='ltr'>con-</span> 
     </span>
     <span class='ocr_line' id='line_1_3' title="bbox 486 826 2666 906; baseline -0.002 -18"><span class='ocrx_word' id='word_1_16' title='bbox 486 830 763 906; x_wconf 81' lang='lat' dir='ltr'>tingenti:</span> <span class='ocrx_word' id='word_1_17' title='bbox 793 848 867 887; x_wconf 85' lang='lat' dir='ltr'>v:</span> <span class='ocrx_word' id='word_1_18' title='bbox 899 847 973 905; x_wconf 84' lang='lat' dir='ltr'>g:</span> <span class='ocrx_word' id='word_1_19' title='bbox 1006 827 1077 886; x_wconf 91' lang='lat' dir='ltr'>de</span> <span class='ocrx_word' id='word_1_20' title='bbox 1104 829 1265 886; x_wconf 87' lang='lat' dir='ltr'>navis</span> <span class='ocrx_word' id='word_1_21' title='bbox 1294 827 1534 903; x_wconf 88' lang='lat' dir='ltr'>appulsu</span> <span class='ocrx_word' id='word_1_22' title='bbox 1556 827 1627 886; x_wconf 93' lang='lat' dir='ltr'>ad</span> <span class='ocrx_word' id='word_1_23' title='bbox 1654 828 1829 895; x_wconf 86' lang='lat' dir='ltr'>littus,</span> <span class='ocrx_word' id='word_1_24' title='bbox 1859 828 1976 886; x_wconf 87' lang='lat' dir='ltr'>vim</span> <span class='ocrx_word' id='word_1_25' title='bbox 2003 835 2322 885; x_wconf 89' lang='lat' dir='ltr'>contractus</span> <span class='ocrx_word' id='word_1_26' title='bbox 2351 826 2666 902; x_wconf 82' lang='lat' dir='ltr'>suspendit,</span> 
     </span>
     <span class='ocr_line' id='line_1_4' title="bbox 488 925 2668 1003; baseline -0.001 -17"><span class='ocrx_word' id='word_1_27' title='bbox 488 928 671 986; x_wconf 87' lang='lat' dir='ltr'>donec</span> <span class='ocrx_word' id='word_1_28' title='bbox 698 945 787 985; x_wconf 92' lang='lat' dir='ltr'>res</span> <span class='ocrx_word' id='word_1_29' title='bbox 830 927 1116 986; x_wconf 81' lang='lat' dir='ltr'><strong>evenerit:</strong></span> <span class='ocrx_word' id='word_1_30' title='bbox 1160 945 1277 984; x_wconf 90' lang='lat' dir='ltr'>non</span> <span class='ocrx_word' id='word_1_31' title='bbox 1319 928 1457 984; x_wconf 91' lang='lat' dir='ltr'>licet</span> <span class='ocrx_word' id='word_1_32' title='bbox 1502 935 1692 984; x_wconf 89' lang='lat' dir='ltr'>tamen</span> <span class='ocrx_word' id='word_1_33' title='bbox 1735 935 1864 984; x_wconf 89' lang='lat' dir='ltr'>ante</span> <span class='ocrx_word' id='word_1_34' title='bbox 1905 937 2132 1003; x_wconf 88' lang='lat' dir='ltr'>tempus</span> <span class='ocrx_word' id='word_1_35' title='bbox 2178 925 2522 984; x_wconf 88' lang='lat' dir='ltr'>conditionis</span> <span class='ocrx_word' id='word_1_36' title='bbox 2561 925 2668 984; x_wconf 80' lang='lat' dir='ltr'>im·-</span> 
     </span>
     <span class='ocr_line' id='line_1_5' title="bbox 488 1023 2664 1103; baseline -0.001 -19"><span class='ocrx_word' id='word_1_37' title='bbox 488 1024 709 1103; x_wconf 87' lang='lat' dir='ltr'>plendae</span> <span class='ocrx_word' id='word_1_38' title='bbox 738 1045 771 1082; x_wconf 91' lang='lat' dir='ltr'>a</span> <span class='ocrx_word' id='word_1_39' title='bbox 796 1034 1083 1084; x_wconf 89' lang='lat' dir='ltr'>contractu</span> <span class='ocrx_word' id='word_1_40' title='bbox 1128 1025 1367 1090; x_wconf 84' lang='lat' dir='ltr'>resilire,</span> <span class='ocrx_word' id='word_1_41' title='bbox 1412 1025 1524 1083; x_wconf 88' lang='lat' dir='ltr'>nisi</span> <span class='ocrx_word' id='word_1_42' title='bbox 1567 1027 1628 1082; x_wconf 89' lang='lat' dir='ltr'>in</span> <span class='ocrx_word' id='word_1_43' title='bbox 1670 1023 2009 1100; x_wconf 80' lang='lat' dir='ltr'>specialibus</span> <span class='ocrx_word' id='word_1_44' title='bbox 2037 1023 2376 1097; x_wconf 87' lang='lat' dir='ltr'>quibusdam</span> <span class='ocrx_word' id='word_1_45' title='bbox 2419 1025 2664 1082; x_wconf 89' lang='lat' dir='ltr'>casibus.</span> 
     </span>
     <span class='ocr_line' id='line_1_6' title="bbox 489 1124 2671 1200; baseline -0.001 -18"><span class='ocrx_word' id='word_1_46' title='bbox 489 1126 589 1183; x_wconf 89' lang='lat' dir='ltr'>Sic</span> <span class='ocrx_word' id='word_1_47' title='bbox 630 1125 727 1196; x_wconf 90' lang='lat' dir='ltr'>qui</span> <span class='ocrx_word' id='word_1_48' title='bbox 768 1143 899 1182; x_wconf 89' lang='lat' dir='ltr'>cum</span> <span class='ocrx_word' id='word_1_49' title='bbox 940 1133 1250 1182; x_wconf 84' lang='lat' dir='ltr'><strong>mercatore</strong></span> <span class='ocrx_word' id='word_1_50' title='bbox 1294 1124 1401 1180; x_wconf 79' lang='lat' dir='ltr'>init</span> <span class='ocrx_word' id='word_1_51' title='bbox 1438 1132 1810 1191; x_wconf 89' lang='lat' dir='ltr'>contractum,</span> <span class='ocrx_word' id='word_1_52' title='bbox 1856 1133 1920 1180; x_wconf 92' lang='lat' dir='ltr'>ut</span> <span class='ocrx_word' id='word_1_53' title='bbox 1959 1132 2112 1180; x_wconf 86' lang='lat' dir='ltr'>certo</span> <span class='ocrx_word' id='word_1_54' title='bbox 2158 1124 2340 1200; x_wconf 88' lang='lat' dir='ltr'>pretio</span> <span class='ocrx_word' id='word_1_55' title='bbox 2380 1133 2671 1198; x_wconf 88' lang='lat' dir='ltr'>comparet</span> 
     </span>
     <span class='ocr_line' id='line_1_7' title="bbox 484 1203 2664 1298; baseline -0.001 -17"><span class='ocrx_word' id='word_1_56' title='bbox 484 1224 751 1282; x_wconf 87' lang='lat' dir='ltr'>frumenti</span> <span class='ocrx_word' id='word_1_57' title='bbox 779 1223 1005 1298; x_wconf 89' lang='lat' dir='ltr'>copiam</span> <span class='ocrx_word' id='word_1_58' title='bbox 1034 1203 1205 1294; x_wconf 71' lang='lat' dir='ltr'>quam</span> <span class='ocrx_word' id='word_1_59' title='bbox 1246 1223 1379 1290; x_wconf 84' lang='lat' dir='ltr'>navi</span> <span class='ocrx_word' id='word_1_60' title='bbox 1412 1221 1778 1280; x_wconf 81' lang='lat' dir='ltr'>deferendam</span> <span class='ocrx_word' id='word_1_61' title='bbox 1818 1230 2099 1298; x_wconf 82' lang='lat' dir='ltr'>expectat,</span> <span class='ocrx_word' id='word_1_62' title='bbox 2130 1230 2354 1280; x_wconf 87' lang='lat' dir='ltr'>tenetur</span> <span class='ocrx_word' id='word_1_63' title='bbox 2392 1221 2462 1278; x_wconf 91' lang='lat' dir='ltr'>ad</span> <span class='ocrx_word' id='word_1_64' title='bbox 2487 1221 2664 1289; x_wconf 91' lang='lat' dir='ltr'>illam,</span> 
     </span>
     <span class='ocr_line' id='line_1_8' title="bbox 485 1320 2666 1398; baseline -0.001 -18"><span class='ocrx_word' id='word_1_65' title='bbox 485 1322 615 1380; x_wconf 87' lang='lat' dir='ltr'>navi</span> <span class='ocrx_word' id='word_1_66' title='bbox 636 1322 994 1388; x_wconf 81' lang='lat' dir='ltr'>adveniente,</span> <span class='ocrx_word' id='word_1_67' title='bbox 1018 1339 1088 1379; x_wconf 92' lang='lat' dir='ltr'>eo</span> <span class='ocrx_word' id='word_1_68' title='bbox 1109 1322 1293 1398; x_wconf 88' lang='lat' dir='ltr'>pretio</span> <span class='ocrx_word' id='word_1_69' title='bbox 1314 1320 1689 1378; x_wconf 85' lang='lat' dir='ltr'>sumendam:</span> <span class='ocrx_word' id='word_1_70' title='bbox 1720 1337 1827 1378; x_wconf 92' lang='lat' dir='ltr'>nec</span> <span class='ocrx_word' id='word_1_71' title='bbox 1847 1321 2054 1396; x_wconf 88' lang='lat' dir='ltr'>poterit</span> <span class='ocrx_word' id='word_1_72' title='bbox 2078 1329 2427 1379; x_wconf 75' lang='lat' dir='ltr'>contractum</span> <span class='ocrx_word' id='word_1_73' title='bbox 2453 1321 2666 1378; x_wconf 88' lang='lat' dir='ltr'>rescin-</span> 
     </span>
     <span class='ocr_line' id='line_1_9' title="bbox 486 1419 1374 1494; baseline -0.002 -17"><span class='ocrx_word' id='word_1_74' title='bbox 486 1420 619 1478; x_wconf 82' lang='lat' dir='ltr'>dere</span> <span class='ocrx_word' id='word_1_75' title='bbox 648 1429 773 1478; x_wconf 90' lang='lat' dir='ltr'>ante</span> <span class='ocrx_word' id='word_1_76' title='bbox 803 1428 1027 1494; x_wconf 87' lang='lat' dir='ltr'>tempus</span> <span class='ocrx_word' id='word_1_77' title='bbox 1054 1419 1374 1478; x_wconf 87' lang='lat' dir='ltr'>definitum.</span> 
     </span>
    </p>

    <p class='ocr_par' dir='ltr' id='par_1_3' title="bbox 474 1517 2675 3272">
     <span class='ocr_line' id='line_1_10' title="bbox 578 1517 2672 1594; baseline -0 -20"><span class='ocrx_word' id='word_1_78' title='bbox 578 1523 671 1576; x_wconf 84' lang='lat'>17.</span> <span class='ocrx_word' id='word_1_79' title='bbox 716 1517 987 1575; x_wconf 87' lang='lat' dir='ltr'>Conditio</span> <span class='ocrx_word' id='word_1_80' title='bbox 1014 1518 1387 1593; x_wconf 85' lang='lat' dir='ltr'>impossibilis</span> <span class='ocrx_word' id='word_1_81' title='bbox 1430 1517 1499 1575; x_wconf 91' lang='lat' dir='ltr'>de</span> <span class='ocrx_word' id='word_1_82' title='bbox 1540 1517 1825 1594; x_wconf 85' lang='lat' dir='ltr'>praesenti,</span> <span class='ocrx_word' id='word_1_83' title='bbox 1867 1518 2168 1594; x_wconf 71' lang='lat' dir='ltr'>praeterito,</span> <span class='ocrx_word' id='word_1_84' title='bbox 2199 1517 2289 1575; x_wconf 86' lang='lat' dir='ltr'>vel</span> <span class='ocrx_word' id='word_1_85' title='bbox 2316 1517 2672 1584; x_wconf 78' lang='lat' dir='ltr'>futu10,·irri·</span> 
     </span>
     <span class='ocr_line' id='line_1_11' title="bbox 486 1615 2667 1688; baseline -0.001 -14"><span class='ocrx_word' id='word_1_86' title='bbox 486 1627 565 1674; x_wconf 87' lang='lat' dir='ltr'>tat</span> <span class='ocrx_word' id='word_1_87' title='bbox 590 1625 981 1683; x_wconf 90' lang='lat' dir='ltr'>contractum;</span> <span class='ocrx_word' id='word_1_88' title='bbox 1026 1616 1299 1674; x_wconf 90' lang='lat' dir='ltr'>indicium</span> <span class='ocrx_word' id='word_1_89' title='bbox 1326 1617 1483 1674; x_wconf 90' lang='lat' dir='ltr'>enim</span> <span class='ocrx_word' id='word_1_90' title='bbox 1510 1625 1600 1674; x_wconf 88' lang='lat' dir='ltr'>est</span> <span class='ocrx_word' id='word_1_91' title='bbox 1637 1615 1840 1673; x_wconf 86' lang='lat' dir='ltr'>deesse</span> <span class='ocrx_word' id='word_1_92' title='bbox 1880 1634 2247 1675; x_wconf 85' lang='lat' dir='ltr'>consensum.</span> <span class='ocrx_word' id='word_1_93' title='bbox 2333 1616 2432 1673; x_wconf 86' lang='lat' dir='ltr'>Sic</span> <span class='ocrx_word' id='word_1_94' title='bbox 2459 1617 2510 1674; x_wconf 88' lang='lat' dir='ltr'>si</span> <span class='ocrx_word' id='word_1_95' title='bbox 2539 1617 2667 1688; x_wconf 93' lang='lat' dir='ltr'>quis</span> 
     </span>
     <span class='ocr_line' id='line_1_12' title="bbox 488 1713 2668 1792; baseline -0.001 -18"><span class='ocrx_word' id='word_1_96' title='bbox 488 1716 648 1774; x_wconf 85' lang='lat' dir='ltr'>alteri</span> <span class='ocrx_word' id='word_1_97' title='bbox 673 1716 1009 1792; x_wconf 80' lang='lat' dir='ltr'>polliceatur</span> <span class='ocrx_word' id='word_1_98' title='bbox 1034 1715 1353 1790; x_wconf 88' lang='lat' dir='ltr'>pecuniam,</span> <span class='ocrx_word' id='word_1_99' title='bbox 1384 1713 1694 1772; x_wconf 91' lang='lat' dir='ltr'>dummodo</span> <span class='ocrx_word' id='word_1_100' title='bbox 1722 1733 1826 1791; x_wconf 88' lang='lat' dir='ltr'>per</span> <span class='ocrx_word' id='word_1_101' title='bbox 1856 1733 2044 1773; x_wconf 87' lang='lat' dir='ltr'>aerem</span> <span class='ocrx_word' id='word_1_102' title='bbox 2070 1715 2245 1781; x_wconf 85' lang='lat' dir='ltr'>volet,</span> <span class='ocrx_word' id='word_1_103' title='bbox 2273 1713 2489 1781; x_wconf 88' lang='lat' dir='ltr'>ludere,</span> <span class='ocrx_word' id='word_1_104' title='bbox 2517 1713 2668 1772; x_wconf 91' lang='lat' dir='ltr'>haud</span> 
     </span>
     <span class='ocr_line' id='line_1_13' title="bbox 482 1811 2670 1890; baseline -0.001 -18"><span class='ocrx_word' id='word_1_105' title='bbox 482 1815 836 1881; x_wconf 82' lang='lat' dir='ltr'>contrahere,</span> <span class='ocrx_word' id='word_1_106' title='bbox 883 1813 1086 1871; x_wconf 90' lang='lat' dir='ltr'>merito</span> <span class='ocrx_word' id='word_1_107' title='bbox 1126 1822 1407 1870; x_wconf 85' lang='lat' dir='ltr'>censetur.</span> <span class='ocrx_word' id='word_1_108' title='bbox 1494 1811 1768 1871; x_wconf 87' lang='lat' dir='ltr'>Conditio</span> <span class='ocrx_word' id='word_1_109' title='bbox 1809 1815 1988 1890; x_wconf 88' lang='lat' dir='ltr'>turpis</span> <span class='ocrx_word' id='word_1_110' title='bbox 2029 1812 2099 1870; x_wconf 92' lang='lat' dir='ltr'>de</span> <span class='ocrx_word' id='word_1_111' title='bbox 2145 1813 2334 1871; x_wconf 80' lang='lat' dir='ltr'>futuro</span> <span class='ocrx_word' id='word_1_112' title='bbox 2371 1814 2558 1871; x_wconf 86' lang='lat' dir='ltr'>obstat</span> <span class='ocrx_word' id='word_1_113' title='bbox 2598 1831 2670 1871; x_wconf 91' lang='lat' dir='ltr'>ne</span> 
     </span>
     <span class='ocr_line' id='line_1_14' title="bbox 487 1887 2664 1990; baseline -0 -21"><span class='ocrx_word' id='word_1_114' title='bbox 487 1914 673 1971; x_wconf 82' lang='lat' dir='ltr'>valeat</span> <span class='ocrx_word' id='word_1_115' title='bbox 697 1921 1037 1980; x_wconf 88' lang='lat' dir='ltr'>contractus,</span> <span class='ocrx_word' id='word_1_116' title='bbox 1068 1930 1239 1970; x_wconf 92' lang='lat' dir='ltr'>nemo</span> <span class='ocrx_word' id='word_1_117' title='bbox 1267 1913 1421 1970; x_wconf 89' lang='lat' dir='ltr'>enim</span> <span class='ocrx_word' id='word_1_118' title='bbox 1450 1911 1521 1968; x_wconf 90' lang='lat' dir='ltr'>ad</span> <span class='ocrx_word' id='word_1_119' title='bbox 1549 1913 1808 1983; x_wconf 90' lang='lat' dir='ltr'>iniquum</span> <span class='ocrx_word' id='word_1_120' title='bbox 1835 1911 2049 1984; x_wconf 87' lang='lat' dir='ltr'>aliquid</span> <span class='ocrx_word' id='word_1_121' title='bbox 2075 1921 2264 1989; x_wconf 88' lang='lat' dir='ltr'>potest</span> <span class='ocrx_word' id='word_1_122' title='bbox 2287 1930 2350 1968; x_wconf 87' lang='lat' dir='ltr'>se</span> <span class='ocrx_word' id='word_1_123' title='bbox 2378 1887 2664 1990; x_wconf 53' lang='lat' dir='ltr'>oblig‘are:</span> 
     </span>
     <span class='ocr_line' id='line_1_15' title="bbox 490 2009 2672 2087; baseline -0 -18"><span class='ocrx_word' id='word_1_124' title='bbox 490 2022 833 2087; x_wconf 89' lang='lat' dir='ltr'>quapropter</span> <span class='ocrx_word' id='word_1_125' title='bbox 859 2009 958 2082; x_wconf 93' lang='lat' dir='ltr'>qui</span> <span class='ocrx_word' id='word_1_126' title='bbox 985 2010 1269 2086; x_wconf 82' lang='lat' dir='ltr'>pollicitus</span> <span class='ocrx_word' id='word_1_127' title='bbox 1297 2020 1387 2068; x_wconf 90' lang='lat' dir='ltr'>est</span> <span class='ocrx_word' id='word_1_128' title='bbox 1411 2010 1571 2067; x_wconf 87' lang='lat' dir='ltr'>alteri</span> <span class='ocrx_word' id='word_1_129' title='bbox 1597 2019 1821 2068; x_wconf 87' lang='lat' dir='ltr'>centum</span> <span class='ocrx_word' id='word_1_130' title='bbox 1865 2028 2153 2080; x_wconf 87' lang='lat' dir='ltr'>nummos,</span> <span class='ocrx_word' id='word_1_131' title='bbox 2183 2011 2232 2068; x_wconf 87' lang='lat' dir='ltr'>si</span> <span class='ocrx_word' id='word_1_132' title='bbox 2258 2011 2552 2070; x_wconf 87' lang='lat' dir='ltr'>hominem</span> <span class='ocrx_word' id='word_1_133' title='bbox 2579 2029 2672 2068; x_wconf 90' lang='lat' dir='ltr'>oc·</span> 
     </span>
     <span class='ocr_line' id='line_1_16' title="bbox 486 2109 2669 2186; baseline 0 -20"><span class='ocrx_word' id='word_1_134' title='bbox 486 2109 703 2176; x_wconf 88' lang='lat' dir='ltr'>ciderit,</span> <span class='ocrx_word' id='word_1_135' title='bbox 733 2109 901 2167; x_wconf 92' lang='lat' dir='ltr'>debet</span> <span class='ocrx_word' id='word_1_136' title='bbox 928 2118 1289 2186; x_wconf 81' lang='lat' dir='ltr'>quantocyus</span> <span class='ocrx_word' id='word_1_137' title='bbox 1323 2127 1589 2167; x_wconf 88' lang='lat' dir='ltr'>revocare</span> <span class='ocrx_word' id='word_1_138' title='bbox 1630 2109 2108 2184; x_wconf 82' lang='lat' dir='ltr'>promissionem3</span> <span class='ocrx_word' id='word_1_139' title='bbox 2149 2128 2258 2168; x_wconf 90' lang='lat' dir='ltr'>nec</span> <span class='ocrx_word' id='word_1_140' title='bbox 2291 2111 2571 2168; x_wconf 79' lang='lat' dir='ltr'>tenebitur</span> <span class='ocrx_word' id='word_1_141' title='bbox 2598 2109 2669 2167; x_wconf 88' lang='lat' dir='ltr'>ad</span> 
     </span>
     <span class='ocr_line' id='line_1_17' title="bbox 486 2206 2669 2286; baseline 0 -22"><span class='ocrx_word' id='word_1_142' title='bbox 486 2208 823 2266; x_wconf 89' lang='lat' dir='ltr'>solvendum</span> <span class='ocrx_word' id='word_1_143' title='bbox 852 2226 1141 2276; x_wconf 77' lang='lat' dir='ltr'>nummos,</span> <span class='ocrx_word' id='word_1_144' title='bbox 1170 2209 1240 2276; x_wconf 84' lang='lat' dir='ltr'>si,</span> <span class='ocrx_word' id='word_1_145' title='bbox 1268 2217 1399 2285; x_wconf 91' lang='lat' dir='ltr'>post</span> <span class='ocrx_word' id='word_1_146' title='bbox 1422 2209 1868 2274; x_wconf 79' lang='lat' dir='ltr'>revocationem,</span> <span class='ocrx_word' id='word_1_147' title='bbox 1897 2208 2036 2266; x_wconf 83' lang='lat' dir='ltr'>alter</span> <span class='ocrx_word' id='word_1_148' title='bbox 2075 2206 2449 2267; x_wconf 89' lang='lat' dir='ltr'>homicidium</span> <span class='ocrx_word' id='word_1_149' title='bbox 2490 2217 2669 2286; x_wconf 89' lang='lat' dir='ltr'>patra·</span> 
     </span>
     <span class='ocr_line' id='line_1_18' title="bbox 488 2306 2668 2384; baseline 0 -20"><span class='ocrx_word' id='word_1_150' title='bbox 488 2308 651 2364; x_wconf 82' lang='lat' dir='ltr'>verit.</span> <span class='ocrx_word' id='word_1_151' title='bbox 738 2307 907 2374; x_wconf 85' lang='lat' dir='ltr'>Quod</span> <span class='ocrx_word' id='word_1_152' title='bbox 934 2306 985 2362; x_wconf 89' lang='lat' dir='ltr'>si</span> <span class='ocrx_word' id='word_1_153' title='bbox 1014 2308 1139 2378; x_wconf 90' lang='lat' dir='ltr'>quis</span> <span class='ocrx_word' id='word_1_154' title='bbox 1169 2326 1287 2364; x_wconf 90' lang='lat' dir='ltr'>rem</span> <span class='ocrx_word' id='word_1_155' title='bbox 1326 2307 1524 2364; x_wconf 87' lang='lat' dir='ltr'>fecerit</span> <span class='ocrx_word' id='word_1_156' title='bbox 1561 2316 1784 2384; x_wconf 86' lang='lat' dir='ltr'>turpem</span> <span class='ocrx_word' id='word_1_157' title='bbox 1824 2307 1897 2364; x_wconf 93' lang='lat' dir='ltr'>ob</span> <span class='ocrx_word' id='word_1_158' title='bbox 1939 2308 2259 2366; x_wconf 86' lang='lat' dir='ltr'>mercedem</span> <span class='ocrx_word' id='word_1_159' title='bbox 2303 2309 2668 2383; x_wconf 86' lang='lat' dir='ltr'>promissam,</span> 
     </span>
     <span class='ocr_line' id='line_1_19' title="bbox 490 2404 2669 2484; baseline 0 -21"><span class='ocrx_word' id='word_1_160' title='bbox 490 2407 749 2483; x_wconf 89' lang='lat' dir='ltr'>plerique</span> <span class='ocrx_word' id='word_1_161' title='bbox 776 2404 1285 2482; x_wconf 58' lang='lat' dir='ltr'>censenfltheologi</span> <span class='ocrx_word' id='word_1_162' title='bbox 1312 2405 1633 2464; x_wconf 87' lang='lat' dir='ltr'>mercedem</span> <span class='ocrx_word' id='word_1_163' title='bbox 1663 2404 2030 2474; x_wconf 87' lang='lat' dir='ltr'>reddendam,</span> <span class='ocrx_word' id='word_1_164' title='bbox 2053 2408 2187 2479; x_wconf 88' lang='lat' dir='ltr'>quia</span> <span class='ocrx_word' id='word_1_165' title='bbox 2212 2425 2383 2464; x_wconf 90' lang='lat' dir='ltr'>onere</span> <span class='ocrx_word' id='word_1_166' title='bbox 2409 2407 2669 2484; x_wconf 89' lang='lat' dir='ltr'>impleto,</span> 
     </span>
     <span class='ocr_line' id='line_1_20' title="bbox 483 2503 2674 2583; baseline 0 -21"><span class='ocrx_word' id='word_1_167' title='bbox 483 2505 621 2563; x_wconf 90' lang='lat' dir='ltr'>licet</span> <span class='ocrx_word' id='word_1_168' title='bbox 648 2523 749 2580; x_wconf 90' lang='lat' dir='ltr'>per</span> <span class='ocrx_word' id='word_1_169' title='bbox 775 2504 1072 2580; x_wconf 86' lang='lat' dir='ltr'>flagitium,</span> <span class='ocrx_word' id='word_1_170' title='bbox 1102 2523 1323 2563; x_wconf 86' lang='lat' dir='ltr'>merces</span> <span class='ocrx_word' id='word_1_171' title='bbox 1352 2525 1425 2562; x_wconf 91' lang='lat' dir='ltr'>ex</span> <span class='ocrx_word' id='word_1_172' title='bbox 1460 2505 1686 2582; x_wconf 88' lang='lat' dir='ltr'>justitia</span> <span class='ocrx_word' id='word_1_173' title='bbox 1723 2503 1979 2562; x_wconf 88' lang='lat' dir='ltr'>debetur.</span> <span class='ocrx_word' id='word_1_174' title='bbox 2065 2506 2164 2563; x_wconf 87' lang='lat' dir='ltr'>Sic</span> <span class='ocrx_word' id='word_1_175' title='bbox 2191 2506 2474 2564; x_wconf 88' lang='lat' dir='ltr'>meretrici</span> <span class='ocrx_word' id='word_1_176' title='bbox 2502 2525 2674 2583; x_wconf 90' lang='lat' dir='ltr'>pecu-</span> 
     </span>
     <span class='ocr_line' id='line_1_21' title="bbox 490 2600 2672 2687; baseline 0.001 -26"><span class='ocrx_word' id='word_1_177' title='bbox 490 2605 583 2662; x_wconf 90' lang='lat' dir='ltr'>nia</span> <span class='ocrx_word' id='word_1_178' title='bbox 611 2605 892 2680; x_wconf 86' lang='lat' dir='ltr'>promissa</span> <span class='ocrx_word' id='word_1_179' title='bbox 917 2603 1111 2660; x_wconf 89' lang='lat' dir='ltr'>stricto</span> <span class='ocrx_word' id='word_1_180' title='bbox 1128 2604 1260 2680; x_wconf 87' lang='lat' dir='ltr'>jure</span> <span class='ocrx_word' id='word_1_181' title='bbox 1289 2603 1478 2687; x_wconf 87' lang='lat' dir='ltr'>debita</span> <span class='ocrx_word' id='word_1_182' title='bbox 1516 2600 1830 2661; x_wconf 83' lang='lat' dir='ltr'>censetur.1</span> <span class='ocrx_word' id='word_1_183' title='bbox 1911 2604 2200 2663; x_wconf 75' lang='lat' dir='ltr'>Caeterum</span> <span class='ocrx_word' id='word_1_184' title='bbox 2219 2607 2348 2683; x_wconf 87' lang='lat' dir='ltr'>jure</span> <span class='ocrx_word' id='word_1_185' title='bbox 2377 2607 2672 2664; x_wconf 89' lang='lat' dir='ltr'>communi</span> 
     </span>
     <span class='ocr_line' id='line_1_22' title="bbox 492 2693 2674 2782; baseline 0.001 -22"><span class='ocrx_word' id='word_1_186' title='bbox 492 2712 625 2760; x_wconf 83' lang='lat' dir='ltr'>“ex</span> <span class='ocrx_word' id='word_1_187' title='bbox 653 2704 803 2779; x_wconf 87' lang='lat' dir='ltr'>turpi</span> <span class='ocrx_word' id='word_1_188' title='bbox 830 2711 1119 2760; x_wconf 86' lang='lat' dir='ltr'>contractu</span> <span class='ocrx_word' id='word_1_189' title='bbox 1151 2705 1295 2760; x_wconf 88' lang='lat' dir='ltr'>actio</span> <span class='ocrx_word' id='word_1_190' title='bbox 1324 2723 1439 2761; x_wconf 90' lang='lat' dir='ltr'>non</span> <span class='ocrx_word' id='word_1_191' title='bbox 1484 2693 1760 2760; x_wconf 70' lang='lat' dir='ltr'>oritur.”’²</span> <span class='ocrx_word' id='word_1_192' title='bbox 1837 2702 1926 2760; x_wconf 89' lang='lat' dir='ltr'>Ita</span> <span class='ocrx_word' id='word_1_193' title='bbox 1967 2711 2022 2759; x_wconf 92' lang='lat' dir='ltr'>et</span> <span class='ocrx_word' id='word_1_194' title='bbox 2051 2704 2150 2779; x_wconf 89' lang='lat' dir='ltr'>jus</span> <span class='ocrx_word' id='word_1_195' title='bbox 2195 2705 2396 2762; x_wconf 86' lang='lat' dir='ltr'>civile:</span> <span class='ocrx_word' id='word_1_196' title='bbox 2442 2714 2674 2782; x_wconf 84' lang='lat' dir='ltr'>“gene-</span> 
     </span>
     <span class='ocr_line' id='line_1_23' title="bbox 474 2797 2672 2876; baseline 0.002 -17"><span class='ocrx_word' id='word_1_197' title='bbox 474 2802 677 2860; x_wconf 87' lang='lat' dir='ltr'>·raliter</span> <span class='ocrx_word' id='word_1_198' title='bbox 701 2803 965 2858; x_wconf 88' lang='lat' dir='ltr'>novimus</span> <span class='ocrx_word' id='word_1_199' title='bbox 994 2810 1184 2876; x_wconf 89' lang='lat' dir='ltr'>turpes</span> <span class='ocrx_word' id='word_1_200' title='bbox 1212 2801 1602 2876; x_wconf 88' lang='lat' dir='ltr'>stipulationes</span> <span class='ocrx_word' id='word_1_201' title='bbox 1644 2800 1856 2858; x_wconf 92' lang='lat' dir='ltr'>nullius</span> <span class='ocrx_word' id='word_1_202' title='bbox 1897 2819 2024 2858; x_wconf 88' lang='lat' dir='ltr'>esse</span> <span class='ocrx_word' id='word_1_203' title='bbox 2061 2797 2437 2862; x_wconf 81' lang='lat' dir='ltr'>momenti.”³</span> <span class='ocrx_word' id='word_1_204' title='bbox 2519 2813 2558 2839; x_wconf 80' lang='lat'>‘⁴</span> <span class='ocrx_word' id='word_1_205' title='bbox 2579 2803 2672 2863; x_wconf 91' lang='lat' dir='ltr'>Ob</span> 
     </span>
     <span class='ocr_line' id='line_1_24' title="bbox 489 2900 2673 2979; baseline 0.002 -22"><span class='ocrx_word' id='word_1_206' title='bbox 489 2913 711 2976; x_wconf 87' lang='lat' dir='ltr'>turpem</span> <span class='ocrx_word' id='word_1_207' title='bbox 739 2913 969 2956; x_wconf 86' lang='lat' dir='ltr'>causam</span> <span class='ocrx_word' id='word_1_208' title='bbox 998 2916 1071 2955; x_wconf 88' lang='lat' dir='ltr'>ex</span> <span class='ocrx_word' id='word_1_209' title='bbox 1098 2900 1462 2973; x_wconf 88' lang='lat' dir='ltr'>stipulatione</span> <span class='ocrx_word' id='word_1_210' title='bbox 1491 2910 1684 2957; x_wconf 91' lang='lat' dir='ltr'>contra</span> <span class='ocrx_word' id='word_1_211' title='bbox 1711 2900 1894 2957; x_wconf 85' lang='lat' dir='ltr'>bonos</span> <span class='ocrx_word' id='word_1_212' title='bbox 1921 2918 2110 2958; x_wconf 86' lang='lat' dir='ltr'>mores</span> <span class='ocrx_word' id='word_1_213' title='bbox 2137 2904 2474 2979; x_wconf 88' lang='lat' dir='ltr'>interposita</span> <span class='ocrx_word' id='word_1_214' title='bbox 2501 2903 2673 2962; x_wconf 92' lang='lat' dir='ltr'>dene·</span> 
     </span>
     <span class='ocr_line' id='line_1_25' title="bbox 489 2991 2675 3075; baseline 0.003 -21"><span class='ocrx_word' id='word_1_215' title='bbox 489 2997 703 3074; x_wconf 79' lang='lat' dir='ltr'>gandae</span> <span class='ocrx_word' id='word_1_216' title='bbox 744 3015 873 3054; x_wconf 91' lang='lat' dir='ltr'>esse</span> <span class='ocrx_word' id='word_1_217' title='bbox 902 2991 1251 3054; x_wconf 72' lang='lat' dir='ltr'>actione8.”⁴</span> <span class='ocrx_word' id='word_1_218' title='bbox 1330 2999 1560 3056; x_wconf 88' lang='lat' dir='ltr'>Tamen</span> <span class='ocrx_word' id='word_1_219' title='bbox 1599 2997 1843 3074; x_wconf 83' lang='lat' dir='ltr'>legimus</span> <span class='ocrx_word' id='word_1_220' title='bbox 1870 2998 2039 3057; x_wconf 82' lang='lat' dir='ltr'>alibi:</span> <span class='ocrx_word' id='word_1_221' title='bbox 2086 3008 2124 3036; x_wconf 80' lang='lat'>‘⁴</span> <span class='ocrx_word' id='word_1_222' title='bbox 2147 3001 2248 3059; x_wconf 87' lang='lat' dir='ltr'>sed</span> <span class='ocrx_word' id='word_1_223' title='bbox 2274 3013 2332 3059; x_wconf 90' lang='lat' dir='ltr'>et</span> <span class='ocrx_word' id='word_1_224' title='bbox 2375 3003 2530 3075; x_wconf 91' lang='lat' dir='ltr'>quod</span> <span class='ocrx_word' id='word_1_225' title='bbox 2557 3021 2675 3060; x_wconf 90' lang='lat' dir='ltr'>me·</span> 
     </span>
     <span class='ocr_line' id='line_1_26' title="bbox 488 3095 2674 3174; baseline 0.002 -21"><span class='ocrx_word' id='word_1_226' title='bbox 488 3095 679 3154; x_wconf 81' lang='lat' dir='ltr'>tetrici</span> <span class='ocrx_word' id='word_1_227' title='bbox 718 3095 896 3162; x_wconf 88' lang='lat' dir='ltr'>datur,</span> <span class='ocrx_word' id='word_1_228' title='bbox 938 3097 1119 3172; x_wconf 85' lang='lat' dir='ltr'>repeti</span> <span class='ocrx_word' id='word_1_229' title='bbox 1161 3114 1277 3152; x_wconf 91' lang='lat' dir='ltr'>non</span> <span class='ocrx_word' id='word_1_230' title='bbox 1314 3106 1537 3172; x_wconf 69' lang='lat' dir='ltr'>potest:</span> <span class='ocrx_word' id='word_1_231' title='bbox 1579 3097 1714 3170; x_wconf 91' lang='lat' dir='ltr'>quia</span> <span class='ocrx_word' id='word_1_232' title='bbox 1751 3097 1886 3155; x_wconf 88' lang='lat' dir='ltr'>licet</span> <span class='ocrx_word' id='word_1_233' title='bbox 1931 3099 2169 3174; x_wconf 89' lang='lat' dir='ltr'>turpiter</span> <span class='ocrx_word' id='word_1_234' title='bbox 2211 3100 2378 3158; x_wconf 87' lang='lat' dir='ltr'>faciat</span> <span class='ocrx_word' id='word_1_235' title='bbox 2404 3101 2558 3173; x_wconf 93' lang='lat' dir='ltr'>quod</span> <span class='ocrx_word' id='word_1_236' title='bbox 2599 3104 2674 3160; x_wconf 89' lang='lat' dir='ltr'>sit</span> 
     </span>
     <span class='ocr_line' id='line_1_27' title="bbox 490 3193 2673 3272; baseline 0.003 -19"><span class='ocrx_word' id='word_1_237' title='bbox 490 3195 781 3260; x_wconf 87' lang='lat' dir='ltr'>meretrix,</span> <span class='ocrx_word' id='word_1_238' title='bbox 812 3213 927 3252; x_wconf 91' lang='lat' dir='ltr'>non</span> <span class='ocrx_word' id='word_1_239' title='bbox 955 3203 1143 3251; x_wconf 90' lang='lat' dir='ltr'>tamen</span> <span class='ocrx_word' id='word_1_240' title='bbox 1172 3195 1407 3269; x_wconf 88' lang='lat' dir='ltr'>turpiter</span> <span class='ocrx_word' id='word_1_241' title='bbox 1446 3197 1655 3272; x_wconf 86' lang='lat' dir='ltr'>accipit</span> <span class='ocrx_word' id='word_1_242' title='bbox 1685 3214 1814 3254; x_wconf 88' lang='lat' dir='ltr'>cum</span> <span class='ocrx_word' id='word_1_243' title='bbox 1855 3197 1932 3253; x_wconf 89' lang='lat' dir='ltr'>sit</span> <span class='ocrx_word' id='word_1_244' title='bbox 1970 3193 2340 3256; x_wconf 80' lang='lat' dir='ltr'>meretrix.”⁵</span> <span class='ocrx_word' id='word_1_245' title='bbox 2415 3202 2478 3259; x_wconf 83' lang='lat' dir='ltr'>S.</span> <span class='ocrx_word' id='word_1_246' title='bbox 2511 3201 2673 3259; x_wconf 90' lang='lat' dir='ltr'>Tho-</span> 
     </span>
    </p>

    <p class='ocr_par' dir='ltr' id='par_1_4' title="bbox 442 3291 2675 3750">
     <span class='ocr_line' id='line_1_28' title="bbox 478 3291 2675 3370; baseline 0.004 -20"><span class='ocrx_word' id='word_1_247' title='bbox 478 3310 611 3369; x_wconf 73' lang='lat' dir='ltr'>Jnas</span> <span class='ocrx_word' id='word_1_248' title='bbox 638 3293 752 3350; x_wconf 87' lang='lat' dir='ltr'>ait:</span> <span class='ocrx_word' id='word_1_249' title='bbox 800 3301 837 3328; x_wconf 82' lang='lat'>‘⁶</span> <span class='ocrx_word' id='word_1_250' title='bbox 862 3292 1087 3364; x_wconf 89' lang='lat' dir='ltr'>Aliquis</span> <span class='ocrx_word' id='word_1_251' title='bbox 1114 3292 1313 3350; x_wconf 88' lang='lat' dir='ltr'>illicite</span> <span class='ocrx_word' id='word_1_252' title='bbox 1340 3291 1469 3350; x_wconf 84' lang='lat' dir='ltr'>dat:</span> <span class='ocrx_word' id='word_1_253' title='bbox 1514 3295 1649 3367; x_wconf 89' lang='lat' dir='ltr'>quia</span> <span class='ocrx_word' id='word_1_254' title='bbox 1685 3307 1918 3370; x_wconf 88' lang='lat' dir='ltr'>propter</span> <span class='ocrx_word' id='word_1_255' title='bbox 1953 3315 2074 3354; x_wconf 88' lang='lat' dir='ltr'>rem</span> <span class='ocrx_word' id='word_1_256' title='bbox 2119 3298 2371 3356; x_wconf 89' lang='lat' dir='ltr'>illicitam</span> <span class='ocrx_word' id='word_1_257' title='bbox 2398 3299 2509 3366; x_wconf 90' lang='lat' dir='ltr'>dat,</span> <span class='ocrx_word' id='word_1_258' title='bbox 2538 3301 2675 3358; x_wconf 88' lang='lat' dir='ltr'>licet</span> 
     </span>
     <span class='ocr_line' id='line_1_29' title="bbox 442 3375 2673 3474; baseline 0.003 -24"><span class='ocrx_word' id='word_1_259' title='bbox 442 3375 463 3380; x_wconf 35' lang='lat'>⁹</span> <span class='ocrx_word' id='word_1_260' title='bbox 489 3393 614 3468; x_wconf 87' lang='lat' dir='ltr'>ipsa</span> <span class='ocrx_word' id='word_1_261' title='bbox 640 3391 791 3448; x_wconf 88' lang='lat' dir='ltr'>datio</span> <span class='ocrx_word' id='word_1_262' title='bbox 818 3409 933 3449; x_wconf 92' lang='lat' dir='ltr'>non</span> <span class='ocrx_word' id='word_1_263' title='bbox 958 3392 1034 3448; x_wconf 90' lang='lat' dir='ltr'>sit</span> <span class='ocrx_word' id='word_1_264' title='bbox 1057 3390 1287 3450; x_wconf 84' lang='lat' dir='ltr'>illicita:</span> <span class='ocrx_word' id='word_1_265' title='bbox 1330 3392 1477 3449; x_wconf 89' lang='lat' dir='ltr'>sicut</span> <span class='ocrx_word' id='word_1_266' title='bbox 1495 3411 1628 3450; x_wconf 88' lang='lat' dir='ltr'>cum</span> <span class='ocrx_word' id='word_1_267' title='bbox 1656 3393 1786 3464; x_wconf 90' lang='lat' dir='ltr'>quis</span> <span class='ocrx_word' id='word_1_268' title='bbox 1814 3394 1910 3451; x_wconf 87' lang='lat' dir='ltr'>dat</span> <span class='ocrx_word' id='word_1_269' title='bbox 1938 3398 2216 3454; x_wconf 89' lang='lat' dir='ltr'>meretrici</span> <span class='ocrx_word' id='word_1_270' title='bbox 2242 3379 2474 3474; x_wconf 81' lang='lat' dir='ltr'>propter</span> <span class='ocrx_word' id='word_1_271' title='bbox 2501 3399 2673 3457; x_wconf 88' lang='lat' dir='ltr'>forni-</span> 
     </span>
     <span class='ocr_line' id='line_1_30' title="bbox 491 3489 2671 3568; baseline 0.004 -20"><span class='ocrx_word' id='word_1_272' title='bbox 491 3491 794 3548; x_wconf 87' lang='lat' dir='ltr'>cationem.</span> <span class='ocrx_word' id='word_1_273' title='bbox 880 3489 1051 3549; x_wconf 90' lang='lat' dir='ltr'>Unde</span> <span class='ocrx_word' id='word_1_274' title='bbox 1090 3502 1149 3549; x_wconf 92' lang='lat' dir='ltr'>et</span> <span class='ocrx_word' id='word_1_275' title='bbox 1186 3491 1393 3548; x_wconf 84' lang='lat' dir='ltr'>mulier</span> <span class='ocrx_word' id='word_1_276' title='bbox 1430 3500 1618 3568; x_wconf 86' lang='lat' dir='ltr'>potest</span> <span class='ocrx_word' id='word_1_277' title='bbox 1655 3492 1766 3549; x_wconf 85' lang='lat' dir='ltr'>sibi</span> <span class='ocrx_word' id='word_1_278' title='bbox 1804 3495 2044 3552; x_wconf 85' lang='lat' dir='ltr'>retinere</span> <span class='ocrx_word' id='word_1_279' title='bbox 2073 3495 2226 3568; x_wconf 91' lang='lat' dir='ltr'>quod</span> <span class='ocrx_word' id='word_1_280' title='bbox 2253 3497 2306 3555; x_wconf 92' lang='lat' dir='ltr'>ei</span> <span class='ocrx_word' id='word_1_281' title='bbox 2347 3497 2536 3556; x_wconf 88' lang='lat' dir='ltr'>datum</span> <span class='ocrx_word' id='word_1_282' title='bbox 2565 3508 2671 3556; x_wconf 87' lang='lat' dir='ltr'>est.</span> 
     </span>
     <span class='ocr_line' id='line_1_31' title="bbox 488 3588 2674 3667; baseline 0.004 -20"><span class='ocrx_word' id='word_1_283' title='bbox 488 3589 606 3648; x_wconf 87' lang='lat' dir='ltr'>Sed</span> <span class='ocrx_word' id='word_1_284' title='bbox 634 3591 683 3647; x_wconf 90' lang='lat' dir='ltr'>si</span> <span class='ocrx_word' id='word_1_285' title='bbox 712 3590 1000 3666; x_wconf 86' lang='lat' dir='ltr'>superflue</span> <span class='ocrx_word' id='word_1_286' title='bbox 1029 3589 1246 3664; x_wconf 88' lang='lat' dir='ltr'>aliquid</span> <span class='ocrx_word' id='word_1_287' title='bbox 1273 3607 1375 3667; x_wconf 89' lang='lat' dir='ltr'>per</span> <span class='ocrx_word' id='word_1_288' title='bbox 1402 3590 1658 3648; x_wconf 88' lang='lat' dir='ltr'>fraudem</span> <span class='ocrx_word' id='word_1_289' title='bbox 1698 3591 1785 3648; x_wconf 87' lang='lat' dir='ltr'>vel</span> <span class='ocrx_word' id='word_1_290' title='bbox 1831 3588 2026 3651; x_wconf 90' lang='lat' dir='ltr'>dolum</span> <span class='ocrx_word' id='word_1_291' title='bbox 2065 3597 2422 3664; x_wconf 85' lang='lat' dir='ltr'>extorsisset,</span> <span class='ocrx_word' id='word_1_292' title='bbox 2453 3608 2674 3655; x_wconf 89' lang='lat' dir='ltr'>tenetur</span> 
     </span>
     <span class='ocr_line' id='line_1_32' title="bbox 492 3683 2045 3750; baseline 0.002 -4"><span class='ocrx_word' id='word_1_293' title='bbox 492 3689 679 3748; x_wconf 91' lang='lat' dir='ltr'>eidem</span> <span class='ocrx_word' id='word_1_294' title='bbox 706 3683 1097 3748; x_wconf 79' lang='lat' dir='ltr'>restituere.”⁶</span> <span class='ocrx_word' id='word_1_295' title='bbox 1177 3688 1531 3747; x_wconf 73' lang='lat' dir='ltr'>contradicit</span> <span class='ocrx_word' id='word_1_296' title='bbox 1573 3699 1760 3748; x_wconf 88' lang='lat' dir='ltr'>tamen</span> <span class='ocrx_word' id='word_1_297' title='bbox 1790 3684 2045 3750; x_wconf 83' lang='lat' dir='ltr'>Gerdil.⁷</span> 
     </span>
    </p>
   </div>
   <div class='ocr_carea' id='block_1_3' title="bbox 483 3888 2671 4299">
    <p class='ocr_par' dir='ltr' id='par_1_5' title="bbox 483 3888 2671 4299">
     <span class='ocr_line' id='line_1_33' title="bbox 483 3888 2547 3958; baseline 0.006 -21"><span class='ocrx_word' id='word_1_298' title='bbox 483 3929 489 3932; x_wconf 93' lang='lat'>.</span> <span class='ocrx_word' id='word_1_299' title='bbox 560 3894 640 3958; x_wconf 93' lang='lat'>(1)</span> <span class='ocrx_word' id='word_1_300' title='bbox 681 3890 939 3941; x_wconf 84' lang='lat' dir='ltr'>Consentit</span> <span class='ocrx_word' id='word_1_301' title='bbox 958 3892 1191 3942; x_wconf 86' lang='lat' dir='ltr'>Jeremias</span> <span class='ocrx_word' id='word_1_302' title='bbox 1212 3888 1409 3957; x_wconf 81' lang='lat' dir='ltr'>Taylor,</span> <span class='ocrx_word' id='word_1_303' title='bbox 1431 3895 1624 3946; x_wconf 76' lang='lat' dir='ltr'>Ductor</span> <span class='ocrx_word' id='word_1_304' title='bbox 1641 3894 2022 3956; x_wconf 73' lang='lat' dir='ltr'>Dubitantium‚</span> <span class='ocrx_word' id='word_1_305' title='bbox 2043 3898 2075 3946; x_wconf 88' lang='lat' dir='ltr'>l.</span> <span class='ocrx_word' id='word_1_306' title='bbox 2097 3897 2148 3946; x_wconf 89' lang='lat' dir='ltr'>ii.</span> <span class='ocrx_word' id='word_1_307' title='bbox 2170 3915 2212 3947; x_wconf 87' lang='lat' dir='ltr'>c.</span> <span class='ocrx_word' id='word_1_308' title='bbox 2235 3898 2267 3948; x_wconf 88' lang='lat' dir='ltr'>i.</span> <span class='ocrx_word' id='word_1_309' title='bbox 2303 3899 2428 3949; x_wconf 89' lang='lat' dir='ltr'>Rule</span> <span class='ocrx_word' id='word_1_310' title='bbox 2449 3901 2547 3950; x_wconf 88' lang='lat' dir='ltr'>viii.</span> 
     </span>
     <span class='ocr_line' id='line_1_34' title="bbox 578 3975 2671 4046; baseline 0.006 -25"><span class='ocrx_word' id='word_1_311' title='bbox 578 3975 663 4038; x_wconf 77' lang='lat'>(2)</span> <span class='ocrx_word' id='word_1_312' title='bbox 702 3983 731 4007; x_wconf 80' lang='lat'>‘⁶</span> <span class='ocrx_word' id='word_1_313' title='bbox 750 3975 836 4022; x_wconf 90' lang='lat' dir='ltr'>No</span> <span class='ocrx_word' id='word_1_314' title='bbox 855 3991 1044 4038; x_wconf 83' lang='lat' dir='ltr'>person,</span> <span class='ocrx_word' id='word_1_315' title='bbox 1066 3993 1189 4024; x_wconf 75' lang='lat' dir='ltr'>even</span> <span class='ocrx_word' id='word_1_316' title='bbox 1210 3993 1265 4025; x_wconf 87' lang='lat' dir='ltr'>so</span> <span class='ocrx_word' id='word_1_317' title='bbox 1286 3977 1361 4025; x_wconf 85' lang='lat' dir='ltr'>far</span> <span class='ocrx_word' id='word_1_318' title='bbox 1372 3979 1495 4033; x_wconf 74' lang='lat' dir='ltr'>back</span> <span class='ocrx_word' id='word_1_319' title='bbox 1516 3995 1570 4028; x_wconf 87' lang='lat' dir='ltr'>as</span> <span class='ocrx_word' id='word_1_320' title='bbox 1591 3979 1674 4028; x_wconf 88' lang='lat' dir='ltr'>the</span> <span class='ocrx_word' id='word_1_321' title='bbox 1695 3979 1856 4029; x_wconf 78' lang='lat' dir='ltr'>feuda!</span> <span class='ocrx_word' id='word_1_322' title='bbox 1879 3995 2006 4042; x_wconf 80' lang='lat' dir='ltr'>agee,</span> <span class='ocrx_word' id='word_1_323' title='bbox 2027 3997 2130 4030; x_wconf 85' lang='lat' dir='ltr'>was</span> <span class='ocrx_word' id='word_1_324' title='bbox 2151 3983 2402 4045; x_wconf 83' lang='lat' dir='ltr'>permitted</span> <span class='ocrx_word' id='word_1_325' title='bbox 2422 3986 2487 4046; x_wconf 84' lang='lat' dir='ltr'>by</span> <span class='ocrx_word' id='word_1_326' title='bbox 2505 3985 2600 4033; x_wconf 85' lang='lat' dir='ltr'>law</span> <span class='ocrx_word' id='word_1_327' title='bbox 2619 3991 2671 4033; x_wconf 88' lang='lat' dir='ltr'>to</span> 
     </span>
     <span class='ocr_line' id='line_1_35' title="bbox 502 4059 2490 4134; baseline 0.006 -27"><span class='ocrx_word' id='word_1_328' title='bbox 502 4059 730 4122; x_wconf 76' lang='lat' dir='ltr'>stipulate</span> <span class='ocrx_word' id='word_1_329' title='bbox 750 4060 824 4108; x_wconf 86' lang='lat' dir='ltr'>for</span> <span class='ocrx_word' id='word_1_330' title='bbox 842 4061 1097 4124; x_wconf 85' lang='lat' dir='ltr'>iniquity.&#39;’</span> <span class='ocrx_word' id='word_1_331' title='bbox 1169 4062 1348 4113; x_wconf 77' lang='lat' dir='ltr'>Kent&#39;s</span> <span class='ocrx_word' id='word_1_332' title='bbox 1376 4064 1572 4114; x_wconf 82' lang='lat' dir='ltr'>Comm.</span> <span class='ocrx_word' id='word_1_333' title='bbox 1593 4065 1690 4114; x_wconf 85' lang='lat' dir='ltr'>vol.</span> <span class='ocrx_word' id='word_1_334' title='bbox 1710 4066 1760 4115; x_wconf 84' lang='lat' dir='ltr'>ii.</span> <span class='ocrx_word' id='word_1_335' title='bbox 1793 4073 1899 4130; x_wconf 87' lang='lat' dir='ltr'>part</span> <span class='ocrx_word' id='word_1_336' title='bbox 1918 4083 1965 4116; x_wconf 84' lang='lat' dir='ltr'>v.</span> <span class='ocrx_word' id='word_1_337' title='bbox 1999 4069 2087 4134; x_wconf 84' lang='lat' dir='ltr'>lec.</span> <span class='ocrx_word' id='word_1_338' title='bbox 2109 4069 2282 4118; x_wconf 84' lang='lat' dir='ltr'>xxxix.</span> <span class='ocrx_word' id='word_1_339' title='bbox 2305 4085 2354 4118; x_wconf 89' lang='lat' dir='ltr'>n.</span> <span class='ocrx_word' id='word_1_340' title='bbox 2372 4065 2490 4121; x_wconf 83' lang='lat'><strong>46&#39;6.</strong></span> 
     </span>
     <span class='ocr_line' id='line_1_36' title="bbox 574 4137 2606 4217; baseline 0.005 -25"><span class='ocrx_word' id='word_1_341' title='bbox 574 4147 658 4210; x_wconf 87' lang='lat'>(3)</span> <span class='ocrx_word' id='word_1_342' title='bbox 698 4142 757 4193; x_wconf 89' lang='lat' dir='ltr'>L.</span> <span class='ocrx_word' id='word_1_343' title='bbox 773 4143 996 4209; x_wconf 70' lang='lat' dir='ltr'>generat.</span> <span class='ocrx_word' id='word_1_344' title='bbox 1017 4144 1068 4193; x_wconf 76' lang='lat' dir='ltr'>fr</span> <span class='ocrx_word' id='word_1_345' title='bbox 1090 4145 1149 4196; x_wconf 59' lang='lat' dir='ltr'>de</span> <span class='ocrx_word' id='word_1_346' title='bbox 1168 4145 1296 4196; x_wconf 70' lang='lat' dir='ltr'>verb.</span> <span class='ocrx_word' id='word_1_347' title='bbox 1317 4146 1497 4215; x_wconf 65' lang='lat' dir='ltr'>signifi</span> <span class='ocrx_word' id='word_1_348' title='bbox 1826 4153 1910 4217; x_wconf 86' lang='lat'>(4)</span> <span class='ocrx_word' id='word_1_349' title='bbox 1951 4151 2010 4200; x_wconf 90' lang='lat' dir='ltr'>L.</span> <span class='ocrx_word' id='word_1_350' title='bbox 2033 4137 2304 4204; x_wconf 57' lang='lat' dir='ltr'>Marma-0.</span> <span class='ocrx_word' id='word_1_351' title='bbox 2321 4153 2380 4204; x_wconf 70' lang='lat' dir='ltr'>de</span> <span class='ocrx_word' id='word_1_352' title='bbox 2401 4155 2606 4206; x_wconf 63' lang='lat' dir='ltr'>condect.</span> 
     </span>
     <span class='ocr_line' id='line_1_37' title="bbox 580 4225 1654 4299; baseline 0.008 -25"><span class='ocrx_word' id='word_1_353' title='bbox 580 4230 665 4292; x_wconf 91' lang='lat'>(5)</span> <span class='ocrx_word' id='word_1_354' title='bbox 706 4226 766 4275; x_wconf 88' lang='lat' dir='ltr'>L.</span> <span class='ocrx_word' id='word_1_355' title='bbox 788 4227 906 4297; x_wconf 48' lang='lat' dir='ltr'>xliv:</span> <span class='ocrx_word' id='word_1_356' title='bbox 925 4225 976 4275; x_wconf 84' lang='lat' dir='ltr'>ff.</span> <span class='ocrx_word' id='word_1_357' title='bbox 996 4228 1055 4278; x_wconf 84' lang='lat' dir='ltr'>de</span> <span class='ocrx_word' id='word_1_358' title='bbox 1078 4229 1257 4280; x_wconf 69' lang='lat' dir='ltr'>condit.</span> <span class='ocrx_word' id='word_1_359' title='bbox 1274 4229 1332 4280; x_wconf 81' lang='lat' dir='ltr'>ob</span> <span class='ocrx_word' id='word_1_360' title='bbox 1354 4235 1493 4299; x_wconf 75' lang='lat' dir='ltr'>turp.</span> <span class='ocrx_word' id='word_1_361' title='bbox 1517 4248 1654 4283; x_wconf 73' lang='lat' dir='ltr'>caus.</span> 
     </span>
    </p>
   </div>
   <div class='ocr_carea' id='block_1_4' title="bbox 497 4311 2679 4462">
    <p class='ocr_par' dir='ltr' id='par_1_6' title="bbox 497 4311 2679 4462">
     <span class='ocr_line' id='line_1_38' title="bbox 572 4311 2679 4386; baseline 0.007 -28"><span class='ocrx_word' id='word_1_362' title='bbox 572 4314 657 4377; x_wconf 88' lang='lat'>(6)</span> <span class='ocrx_word' id='word_1_363' title='bbox 697 4311 749 4358; x_wconf 82' lang='lat' dir='ltr'>S.</span> <span class='ocrx_word' id='word_1_364' title='bbox 774 4311 1005 4372; x_wconf 61' lang='lat' dir='ltr'>Thomw,</span> <span class='ocrx_word' id='word_1_365' title='bbox 1028 4316 1075 4360; x_wconf 82' lang='lat'>2.</span> <span class='ocrx_word' id='word_1_366' title='bbox 1094 4317 1141 4361; x_wconf 81' lang='lat'>2.</span> <span class='ocrx_word' id='word_1_367' title='bbox 1176 4330 1257 4377; x_wconf 88' lang='lat' dir='ltr'>qu.</span> <span class='ocrx_word' id='word_1_368' title='bbox 1280 4316 1382 4364; x_wconf 78' lang='lat' dir='ltr'>lxii.</span> <span class='ocrx_word' id='word_1_369' title='bbox 1404 4323 1490 4366; x_wconf 83' lang='lat' dir='ltr'>art.</span> <span class='ocrx_word' id='word_1_370' title='bbox 1511 4334 1558 4366; x_wconf 82' lang='lat' dir='ltr'>v.</span> <span class='ocrx_word' id='word_1_371' title='bbox 1612 4319 1696 4370; x_wconf 78' lang='lat' dir='ltr'>Ad</span> <span class='ocrx_word' id='word_1_372' title='bbox 1716 4320 2006 4371; x_wconf 73' lang='lat' dir='ltr'>secundum.</span> <span class='ocrx_word' id='word_1_373' title='bbox 2075 4321 2202 4370; x_wconf 90' lang='lat' dir='ltr'>Vide</span> <span class='ocrx_word' id='word_1_374' title='bbox 2237 4329 2287 4370; x_wconf 92' lang='lat' dir='ltr'>et</span> <span class='ocrx_word' id='word_1_375' title='bbox 2322 4322 2487 4386; x_wconf 82' lang='lat' dir='ltr'>Paley,</span> <span class='ocrx_word' id='word_1_376' title='bbox 2512 4321 2679 4372; x_wconf 71' lang='lat' dir='ltr'>Mora!</span> 
     </span>
     <span class='ocr_line' id='line_1_39' title="bbox 497 4391 2676 4462; baseline -0.003 -18"><span class='ocrx_word' id='word_1_377' title='bbox 497 4391 818 4462; x_wconf 72' lang='lat' dir='ltr'>Philosophy,</span> <span class='ocrx_word' id='word_1_378' title='bbox 842 4395 873 4442; x_wconf 87' lang='lat' dir='ltr'>l.</span> <span class='ocrx_word' id='word_1_379' title='bbox 898 4397 945 4442; x_wconf 76' lang='lat'>2.</span> <span class='ocrx_word' id='word_1_380' title='bbox 966 4411 1009 4443; x_wconf 88' lang='lat' dir='ltr'>c.</span> <span class='ocrx_word' id='word_1_381' title='bbox 1031 4411 1078 4443; x_wconf 78' lang='lat' dir='ltr'>v·</span> <span class='ocrx_word' id='word_1_382' title='bbox 2665 4393 2676 4404; x_wconf 89' lang='lat'><strong><em>‘</em></strong></span> 
     </span>
    </p>
   </div>
   <div class='ocr_carea' id='block_1_5' title="bbox 565 4475 2293 4553">
    <p class='ocr_par' dir='ltr' id='par_1_7' title="bbox 565 4475 2293 4553">
     <span class='ocr_line' id='line_1_40' title="bbox 565 4475 2293 4553; baseline 0.005 -28"><span class='ocrx_word' id='word_1_383' title='bbox 565 4480 648 4545; x_wconf 62' lang='grc'>(7)</span> <span class='ocrx_word' id='word_1_384' title='bbox 690 4475 1048 4541; x_wconf 86' lang='lat' dir='ltr'>Compendium</span> <span class='ocrx_word' id='word_1_385' title='bbox 1069 4477 1225 4527; x_wconf 83' lang='lat' dir='ltr'>Instit.</span> <span class='ocrx_word' id='word_1_386' title='bbox 1243 4479 1333 4528; x_wconf 71' lang='grc' dir='ltr'>σίν.</span> <span class='ocrx_word' id='word_1_387' title='bbox 1355 4479 1416 4529; x_wconf 90' lang='lat' dir='ltr'>L.</span> <span class='ocrx_word' id='word_1_388' title='bbox 1437 4482 1505 4531; x_wconf 83' lang='lat' dir='ltr'>iii.</span> <span class='ocrx_word' id='word_1_389' title='bbox 1527 4481 1587 4532; x_wconf 83' lang='lat' dir='ltr'>de</span> <span class='ocrx_word' id='word_1_390' title='bbox 1608 4483 1864 4537; x_wconf 78' lang='lat' dir='ltr'>verborum</span> <span class='ocrx_word' id='word_1_391' title='bbox 1887 4483 2293 4553; x_wconf 67' lang='lat' dir='ltr'>obligationibus.</span> 
     </span>
    </p>
   </div>
  </div>
 </body>
</html>
