3117 5217
498 561 576 614 80
1056 557 1169 616 DE
1212 553 1586 617 DOMINIO
1627 555 2141 616 SEMIPLENO.

490 731 739 810 passive
765 747 900 787 vero
928 737 1017 786 est
1055 729 1335 806 subjectio
1374 729 1457 786 rei
1496 729 1696 786 alienae
1735 738 1798 787 ut
1835 727 2052 802 aliquid
2095 729 2152 786 in
2195 747 2262 786 ea
2301 729 2416 799 fiat,
2447 733 2538 791 vel
2569 753 2684 792 non

500 831 616 898 fiat,
658 830 715 888 in
758 827 1121 886 commodum
1166 827 1413 895 alterius,
1442 827 1598 885 salva
1635 829 1719 884 rei
1760 827 2091 885 substantia.
2173 826 2382 886 Realt‘s
2423 832 2683 890 servitus

500 938 589 986 est
612 947 679 986 ea
710 947 809 1004 per
836 945 1005 998 quam
1030 945 1121 984 res
1149 928 1233 985 rei
1260 927 1453 993 servit,
1494 936 1559 984 ut
1583 927 1634 986 si
1660 944 1794 1002 ager
1819 935 1948 984 tuus
1975 927 2182 984 serviat
2219 945 2372 995 meo,
2404 942 2680 1000 quatenus

506 1045 639 1104 ager
664 1045 825 1084 meus
854 1025 949 1082 dat
974 1025 1111 1082 mihi
1147 1027 1247 1102 jus
1288 1024 1616 1084 transeundi
1655 1044 1760 1102 per
1786 1018 1996 1083 tuum.¹
2048 1023 2406 1084 Personalia
2445 1030 2686 1087 servitus

504 1136 592 1184 est
618 1145 685 1184 ea
712 1144 821 1198 qua
849 1142 941 1181 res
968 1143 1229 1200 personae
1258 1125 1549 1200 obligatur,
1579 1125 1671 1180 vel
1696 1141 1939 1200 persona
1963 1124 2078 1181 rei:
2123 1143 2214 1182 res
2255 1125 2506 1197 quidem,
2537 1136 2597 1185 ut
2635 1128 2684 1184 si

502 1223 738 1282 habeam
759 1224 881 1301 jus,
910 1241 1024 1280 non
1050 1223 1281 1299 propter
1307 1241 1525 1298 agrum,
1548 1222 1650 1280 sed
1671 1222 1896 1280 aliunde
1919 1221 2027 1280 hac
2049 1224 2374 1281 transeundi
2395 1242 2412 1290 3
2440 1243 2686 1300 persona

506 1341 659 1391 vero,
702 1333 764 1380 ut
800 1322 849 1378 si
877 1321 1069 1379 Titius
1098 1339 1294 1398 agrum
1334 1339 1527 1378 meum
1556 1321 1817 1379 excolere
1845 1320 2061 1378 debeat.
2146 1321 2402 1381 Servitus
2427 1323 2685 1391 urbana,

500 1423 595 1490 yel
642 1421 872 1480 rustica
913 1420 1115 1478 dicitur
1166 1429 1333 1496 prout
1374 1418 1590 1494 praedio
1633 1420 1850 1478 urbano
1900 1420 1992 1476 vel
2042 1419 2256 1477 rustico
2306 1421 2528 1479 adnexa
2579 1430 2686 1480 est.

504 1519 791 1579 Praedium
816 1519 1121 1578 urbanum
1148 1518 1353 1576 dicitur
1377 1535 1548 1576 omne
1577 1518 1882 1576 aedificium
1908 1517 2198 1576 habitandi
2239 1538 2408 1577 causa
2435 1529 2685 1578 erectum

504 1622 625 1678 sive
652 1621 709 1677 in
750 1619 908 1686 urbe,
936 1620 1058 1676 sive
1100 1620 1159 1675 in
1200 1617 1350 1684 villa,
1386 1626 1444 1674 et
1480 1616 1680 1674 hortus
1713 1618 1766 1675 ei
1805 1613 2120 1674 annexus.²
2197 1617 2422 1676 Praedia
2455 1619 2688 1678 rustica

502 1719 764 1777 dicuntur
790 1736 940 1794 ager,
970 1719 1154 1784 vinea,
1202 1725 1443 1792 pratum,
1472 1733 1742 1791 pecorum
1771 1716 2052 1773 stabulum
2081 1735 2114 1773 a
2141 1713 2312 1774 domo
2340 1719 2683 1793 sejunctum.
2745 1704 2751 1709 ’

504 1819 754 1876 Urbanae
801 1817 1097 1874 servitutes
1138 1826 1273 1872 sunt
1320 1823 1578 1886 quatuor,
1623 1833 1860 1886 quarum
1903 1815 2088 1890 prima
2131 1826 2222 1872 est
2259 1825 2321 1872 ut
2362 1817 2578 1893 lig-num
2624 1818 2685 1874 in

502 1927 660 1974 tuum
681 1917 953 1992 parietem
984 1915 1303 1972 admittatur
1319 1907 1367 1980 3³
1392 1912 1644 1970 secunda
1670 1923 1732 1970 ut
1757 1912 2100 1970 stillicidium
2127 1915 2186 1971 in
2215 1922 2338 1970 tuas
2367 1914 2516 1971 aedes
2542 1917 2685 1972 reci-

499 2006 748 2092 piatur;⁴
786 2013 948 2070 tertia
982 2022 1046 2070 ut
1059 2031 1256 2069 *murus
1292 2011 1456 2069 altius
1495 2030 1610 2069 non
1637 2012 1945 2070 attollatur:
1990 2021 2203 2084 quarta,
2243 2023 2306 2070 ut
2342 2013 2586 2070 fenestra
2623 2016 2684 2072 in

502 2132 667 2171 muro
705 2131 827 2170 non
853 2107 1185 2187 aperiatur-,⁵
1264 2110 1579 2168 Servitutes
1621 2111 1840 2167 rusticae
1881 2110 2004 2167 aliae
2043 2110 2302 2168 dicuntur
2335 2112 2686 2180 nominatae,

504 2231 575 2270 eo
610 2199 762 2285 quod
798 2229 1009 2270 nomen
1048 2213 1109 2269 in
1139 2211 1267 2287 jure
1308 2210 1515 2267 sortitae
1546 2218 1711 2275 sunt;
1755 2209 1876 2266 aliae
1915 2209 2314 2268 innominata:
2343 2230 2467 2282 quae
2495 2221 2689 2268 carent

503 2313 736 2369 nomine
764 2310 999 2385 speciali
1026 2311 1085 2366 in
1104 2309 1253 2384 jure.
1338 2308 1667 2365 Nominatae
1709 2317 1842 2363 sunt
1868 2307 2002 2377 iter,
2031 2315 2222 2376 actm,
2252 2309 2356 2366 via
2375 2309 2688 2386 aquaeduc-

502 2403 657 2466 tu3.⁶
708 2402 863 2466 Iter⁷
888 2420 975 2466 est
991 2409 1089 2484 jus
1118 2426 1234 2480 quo
1262 2405 1436 2481 pedes
1465 2417 1559 2462 aut
1583 2425 1759 2478 eques
1788 2415 1975 2481 potest
1999 2408 2256 2474 transire,
2285 2407 2376 2464 vel
2403 2409 2685 2466 ambulare

505 2527 609 2585 per
646 2508 896 2564 alienum
937 2505 1197 2572 fundum,
1238 2524 1354 2562 non
1385 2514 1574 2562 tamen
1607 2505 1810 2561 ducere
1842 2505 2161 2582 jumentum
2205 2516 2301 2562 aut
2336 2506 2683 2565 vehiculum.

506 2607 699 2666 Actus
727 2616 817 2663 est
850 2608 948 2684 jus
978 2604 1180 2682 agendi
1207 2604 1531 2672 vehiculum
1575 2613 1671 2660 aut
1707 2604 2052 2680 jumentum.
2149 2602 2260 2661 Via
2296 2604 2689 2680 complectitur

504 2708 609 2764 iter
634 2715 690 2762 et
715 2715 920 2762 actum.
1004 2703 1416 2782 Aquoeductus
1444 2711 1529 2758 est
1547 2703 1646 2780 jus
1676 2701 1920 2758 ducendi
1947 2711 2148 2774 aquam
2170 2721 2268 2778 per
2299 2703 2544 2764 alienum
2565 2705 2689 2761 fun-

506 2797 692 2862 dum.8
775 2805 1087 2859 Servitutes
1135 2802 1500 2858 innominatae
1548 2810 1680 2857 sunt
1722 2800 1821 2876 jus
1866 2819 2070 2871 aquam
2123 2801 2441 2870 hauriendi,
2482 2823 2692 2879 pecora

504 2901 841 2973 adaquandi,
870 2899 1162 2974 pascendi,
1193 2917 1375 2955 arenae
1418 2897 1719 2965 fodiendae,
1749 2897 1919 2956 calcis
1947 2899 2280 2972 coquendae,
2315 2893 2460 2958 ἀφ’)
2540 2902 2686 2960 Haec

501 3018 668 3058 suam
704 2999 819 3054 vim
849 2997 1031 3056 adhuc
1057 2991 1370 3054 habent.¹⁰‘
1436 3005 1440 3009 '

578 3101 680 3156 94.
724 3095 817 3160 De
844 3095 1154 3157 stillicidio
1182 3095 1243 3154 id
1269 3094 1574 3153 tenendum
1616 3115 1731 3154 non
1770 3097 1944 3156 licere
1971 3118 2144 3170 aquas
2185 3118 2218 3156 e
2253 3109 2399 3157 tecto
2425 3098 2685 3157 deciden-

574 3287 656 3350 (1)
696 3283 859 3351 Right
879 3284 947 3352 of
966 3301 1099 3352 way.
1438 3284 1521 3354 (2)
1563 3281 1681 3343 Leg.
1705 3283 1846 3332 cxcii.
1869 3283 1919 3332 ff.
1941 3285 2002 3334 de
2025 3286 2150 3333 verb.
2173 3285 2340 3347 signif.

506 3385 514 3390 ·
568 3370 655 3434 (3)
695 3365 858 3432 Rigkt
878 3365 1177 3434 oprport·

569 3453 669 3518 (4)·
696 3450 860 3519 Rigkt
880 3450 947 3519 of
956 3451 1089 3517 ὦνέρ.
1162 3449 1283 3504 Vide
1306 3448 1481 3498 Kent's
1504 3448 1698 3498 Comm-
1717 3452 1810 3500 vol.
1833 3450 1898 3500 iii.
1920 3467 1970 3515 p.
1991 3451 2054 3500 vi.
2077 3453 2182 3500 lect.
2203 3453 2274 3501 lii.
2293 3469 2344 3502 n.
2366 3455 2483 3502 436.

568 3539 653 3604 (5)
692 3535 811 3598 Leg.
833 3537 883 3586 ii.
905 3535 956 3585 ff.
978 3537 1037 3585 de
1059 3535 1216 3587 servit.
1236 3535 1379 3599 praed.
1402 3537 1504 3583 urb.
1741 3538 1824 3601 (6)
1865 3536 1986 3597 Leg.
2007 3536 2039 3585 i.
2062 3535 2112 3585 ff.
2135 3537 2194 3585 de
2215 3554 2335 3586 serv.
2357 3539 2499 3601 praed.
2523 3545 2638 3587 rust.

570 3625 658 3688 (7)
672 3645 687 3654 „
700 3621 861 3690 Rigkt
882 3621 946 3690 ⁰f
956 3638 1090 3688 way.
1596 3665 1600 3672 .
1742 3624 1826 3686 (8)
1870 3619 2030 3687 Rigkt
2051 3620 2116 3689 of
2127 3621 2294 3675 dmin.

571 3709 655 3772 (9)
696 3707 808 3769 Dig.
832 3715 916 3756 tot.
938 3707 1009 3762 tit,
1032 3706 1091 3757 de
1115 3706 1289 3758 Servii.
1357 3716 1387 3740 “
1408 3705 1654 3756 Common
1687 3705 1730 3753 is
1768 3705 1942 3768 chiefly
1965 3705 2022 3754 of
2046 3706 2157 3755 four.
2191 3712 2345 3765 sorts;
2379 3719 2608 3756 common
2631 3708 2688 3756 of

502 3799 708 3854 pastum,
730 3793 787 3839 of
811 3793 1017 3856 piscar-y,
1040 3793 1097 3842 of
1122 3795 1330 3856 turbary,
1354 3792 1451 3842 and
1472 3792 1529 3840 of
1542 3791 1797 3839 estovers.”
1836 3791 2169 3839 Blackstone’s
2191 3790 2384 3840 Comm.
2407 3793 2438 3840 l.
2461 3792 2512 3839 ii.
2532 3793 2678 3839 233.

572 3877 693 3938 (10)
732 3883 761 3906 “
780 3875 891 3923 The
913 3877 1207 3936 regulations
1228 3879 1281 3926 in
1303 3879 1387 3926 the
1406 3876 1519 3926 civil
1543 3877 1639 3926 law
1659 3892 1726 3924 on
1749 3876 1832 3923 the
1857 3877 2042 3938 subject
2063 3876 2120 3923 of
2143 3878 2298 3927 urban
2320 3876 2416 3925 and
2437 3877 2565 3924 rural
2587 3891 2680 3924 ser-

499 3959 687 4007 vitudes
708 3974 833 4006 were
848 3961 951 4023 just
970 3961 1069 4008 and
1088 3963 1340 4022 equitabis,
1364 3962 1461 4011 and
1492 3963 1576 4011 the
1608 3961 1878 4024 provisions
1911 3962 2052 4018 made
2085 3969 2136 4010 to
2169 3961 2326 4010 define
2361 3962 2458 4010 and
2493 3969 2677 4025 protect

497 4041 636 4089 those
660 4039 825 4100 rights,
846 4056 973 4088 were
995 4042 1066 4089 far
1086 4058 1218 4091 more
1239 4043 1425 4092 minute
1448 4046 1545 4096 and
1569 4045 1750 4108 precise
1773 4045 1892 4095 than
1914 4045 2051 4093 those
2073 4045 2236 4094 which
2275 4061 2355 4093 are
2376 4051 2428 4092 to
2448 4047 2508 4094 be
2529 4045 2680 4094 found

500 4140 566 4174 on
588 4123 671 4176 the
692 4139 823 4172 same
844 4125 1052 4187 subjects
1073 4124 1125 4172 in
1146 4125 1229 4172 the
1249 4127 1400 4174 books
1423 4128 1479 4175 of
1492 4128 1576 4175 the
1599 4145 1828 4180 common
1850 4130 1970 4188 law;
2005 4129 2102 4177 and
2123 4129 2162 4178 it
2182 4129 2226 4177 is
2245 4129 2451 4178 difficult
2475 4135 2526 4176 to
2549 4131 2682 4178 solve

498 4224 649 4270 many
672 4206 924 4269 questions
941 4208 1120 4269 arising
1142 4225 1207 4257 on
1228 4210 1364 4259 those
1386 4210 1553 4272 rights,
1577 4213 1786 4262 without
1804 4213 1986 4280 having
2019 4229 2238 4262 recourse
2259 4221 2310 4262 to
2332 4215 2413 4262 the
2437 4213 2560 4262 solid
2581 4214 2681 4262 und

505 4292 751 4342 luminous
772 4291 1027 4354 principles
1050 4293 1106 4342 of
1130 4293 1211 4340 the
1234 4293 1343 4342 civil
1366 4295 1473 4353 levv,
1506 4296 1670 4347 which
1703 4313 1782 4346 are
1815 4297 1871 4345 of
1895 4299 2182 4360 permanent
2213 4298 2310 4346 and
2331 4297 2574 4347 universal
2595 4313 2676 4360 ap-

501 4375 774 4446 plication.”
846 4375 1019 4426 Kent's
1041 4375 1439 4438 Commentaries,
1462 4381 1557 4428 vol.
1580 4381 1648 4430 iii.
1671 4387 1778 4444 part
1800 4381 1861 4429 vi.
1883 4383 1990 4432 lect.
2013 4383 2080 4431 lii.
2101 4399 2150 4432 n.
2174 4385 2290 4432 436.
2571 4365 2576 4368 Ι
