3117 5217
494 589 605 644 122
1205 583 1318 642 DE
1362 583 1561 644 AERE
1605 581 1946 642 ALIENO.

494 763 627 829 post
672 759 1021 809 contractum
1066 769 1255 808 rerum
1296 749 1594 810 traditione
1635 759 1695 808 et
1737 749 2126 827 acceptatione
2171 737 2678 808 consummatum.¹

494 851 621 908 Lex
648 861 835 908 autem
872 849 1197 908 Louisianoe
1218 849 1314 908 dat
1334 848 1613 907 venditori
1631 850 1729 927 jus
1756 849 2002 925 speciale
2023 849 2094 906 ad
2121 847 2362 925 pretium
2383 848 2466 906 rei
2493 845 2678 904 adhuc

492 950 739 1010 extentis
781 948 931 1025 apud
956 959 1276 1026 emptorem
1296 941 1345 1005 :²
1376 947 1529 1020 quod
1552 949 1686 1006 alibi
1707 957 1923 1006 tantum
1951 947 2164 1006 obtinet
2188 946 2416 1020 quando
2435 947 2588 1004 fraus
2606 946 2692 1002 alr

495 1059 752 1125 emptore
792 1047 1041 1105 admissa
1067 1057 1173 1114 est,
1214 1047 1312 1120 qui
1338 1065 1555 1104 merces
1584 1047 1722 1106 emit
1745 1065 1989 1106 noscens
2017 1065 2080 1104 se
2106 1065 2248 1105 mox
2271 1037 2676 1104 defecturum.³

500 1147 793 1204 Caeterum
836 1147 931 1204 ubi
958 1145 1103 1204 nihil
1130 1146 1259 1224 lege
1286 1153 1557 1204 statutum
1583 1155 1691 1214 est,
1719 1145 1942 1204 videtur
1977 1147 2152 1204 licere
2179 1163 2272 1202 res
2309 1153 2529 1221 emptas
2556 1160 2676 1200 cre-

498 1245 772 1304 ditoribus
816 1246 871 1303 in
912 1229 1244 1303 universum
1292 1243 1527 1312 tradere,
1557 1263 1734 1316 quum
1754 1245 1878 1322 jam
1903 1246 2019 1304 sint
2043 1263 2181 1312 suae,
2211 1243 2453 1316 ideoque
2480 1259 2675 1299 eorum

489 1345 714 1422 juribus
742 1344 1023 1402 obnoxiae.
1108 1345 1167 1402 N
1172 1364 1249 1402 on
1274 1343 1409 1401 licet
1432 1361 1622 1402 emere
1651 1344 1720 1401 ab
1746 1361 1816 1401 eo
1842 1363 2013 1417 quem
2056 1343 2184 1416 quis
2209 1344 2371 1401 novit
2399 1339 2675 1400 solvendo

496 1445 770 1520 imparem
816 1444 1009 1501 animo
1056 1462 1187 1502 eum
1215 1441 1521 1520 adjuvandi
1549 1445 1609 1500 in
1638 1441 1832 1500 fraude
1858 1419 2164 1520 pairauda:
2207 1460 2334 1500 nam
2363 1449 2588 1518 emptor
2609 1438 2674 1494 fit

495 1543 713 1621 injurioe
752 1542 1129 1600 creditoribus
1156 1543 1411 1617 irrogatae
1438 1535 1772 1619 particeps.⁴

572 1645 713 1700 203.
758 1641 965 1700 Debita
994 1653 1138 1698 certa
1184 1640 1535 1717 praeferenda
1578 1651 1711 1699 sunt
1735 1641 1986 1708 incertis,
2031 1639 2274 1713 ideoque
2313 1639 2484 1698 debet
2521 1638 2674 1712 quis·

491 1759 604 1814 que
631 1740 1001 1798 creditoribus
1028 1759 1173 1811 quos
1202 1741 1358 1798 novit
1382 1740 1666 1816 imprimis
1707 1740 2031 1800 satisfacere
2055 1759 2070 1808 ;
2112 1757 2238 1812 quae
2277 1739 2335 1796 in
2363 1755 2674 1816 pauperum

498 1839 825 1924 subsidium
854 1839 1223 1896 restitutionis
1262 1842 1497 1898 nomine
1526 1839 1658 1896 dare
1697 1849 1938 1907 tenetur,
1967 1840 2238 1914 deinceps
2279 1840 2329 1896 si
2355 1839 2556 1906 valeat,
2584 1835 2678 1894 da·

494 1949 674 1996 turus.
759 1940 1020 1995 Attamen
1050 1941 1101 1996 si
1128 1957 1219 1994 res
1260 1937 1443 1996 aliena
1468 1939 1634 2014 cujus
1659 1937 1928 1998 dominus
1955 1949 2043 1996 est
2067 1939 2338 2006 incertus,
2368 1936 2519 2014 apud
2545 1953 2676 1993 eum

508 2047 680 2102 extet,
710 2037 1072 2113 pauperibus,
1101 2056 1215 2094 non
1243 2036 1373 2095 vero
1402 2037 1793 2106 creditoribus,
1822 2037 2088 2096 tradenda
2113 2031 2252 2094 est.⁶

570 2139 713 2194 204.
754 2135 899 2202 Quae
924 2155 1001 2194 ex
1028 2137 1189 2193 titulo
1214 2149 1457 2196 oneroso
1482 2135 1758 2196 debentur
1794 2138 2066 2196 solvenda
2090 2147 2224 2195 sunt
2261 2155 2374 2212 prae
2403 2137 2514 2194 illis
2543 2151 2670 2206 quae

495 2236 653 2294 titulo
680 2237 923 2312 gratuito
949 2237 1221 2294 nituntur.
1302 2237 1403 2293 Sic
1422 2255 1550 2307 quae
1579 2237 1654 2293 ob
1677 2255 1899 2294 merces
1920 2246 2158 2314 emptas,
2181 2236 2273 2294 vel
2299 2235 2552 2294 laborem
2573 2232 2671 2290 de·

490 2336 691 2392 bentur
742 2336 923 2410 magis
974 2343 1195 2411 urgent*
1224 2355 1397 2408 quam
1460 2335 1692 2393 donatio
1755 2336 2072 2412 promissa:
2139 2347 2488 2412 quapropter
2541 2335 2672 2410 Jure

498 2451 780 2517 caesareoz
828 2443 867 2468 “
887 2434 986 2506 qui
1024 2417 1309 2493 excausa
1342 2434 1672 2494 donationis
1713 2436 2066 2502 convenitur,
2095 2435 2156 2493 in
2195 2447 2467 2506 quantum
2493 2433 2679 2491 facere

499 2543 705 2609 potest,
735 2531 1164 2601 condemnatur,
1194 2543 1249 2592 et
1274 2535 1506 2608 quidem
1534 2533 1584 2590 is
1611 2534 1769 2593 solus
1795 2533 2037 2593 deducto
2057 2553 2166 2592 oere
2189 2526 2472 2592 alieno-”⁶

576 2636 717 2690 205.
762 2633 879 2699 Qui
921 2632 1311 2710 hypothecam
1354 2634 1585 2700 habent,
1630 2653 1721 2692 res
1765 2635 1874 2691 sibi
1913 2635 1970 2692 in
2007 2632 2394 2710 hypothecam
2432 2630 2677 2696 traditae,

488 2733 637 2808 juris
664 2729 861 2790 ordine
888 2745 1132 2800 servato,
1160 2715 1472 2801 vindicant,
1486 2734 1656 2810 juxta
1681 2743 1906 2809 tempus
1941 2751 2056 2806 quo
2081 2734 2514 2790 instrumentum
2541 2747 2678 2786 con-

496 2830 705 2888 fectum
734 2842 841 2898 est,
868 2845 926 2888 et
952 2833 1300 2892 insinuatum
1326 2832 1529 2890 tabulis
1556 2833 1821 2907 publicis,
1851 2849 1983 2890 nam
2025 2840 2066 2868 “
2087 2832 2184 2904 qui
2219 2832 2378 2907 prior
2415 2840 2502 2890 est
2539 2837 2677 2886 tem-

498 2947 660 3003 pore,
704 2930 897 3002 potior
936 2939 1029 2986 est
1058 2925 1284 3006 jure.”⁷
1362 2930 1479 2996 Qui
1518 2932 1857 2988 sententiam
1893 2930 2108 3008 judicis
2142 2931 2510 3006 impetrarunt
2547 2943 2680 2985 cum

498 3026 858 3084 executionis
904 3027 1191 3098 mandato,
1242 3038 1305 3086 ut
1340 3031 1493 3088 bona
1522 3028 1856 3098 vendantur,
1904 3047 2020 3106 prae
2055 3029 2181 3087 aliis
2214 3030 2312 3106 jus
2351 3028 2562 3086 habent
2601 3025 2678 3083 ob

493 3124 847 3201 diligentiam
888 3121 1251 3186 adhibitam.⁸
1332 3125 1543 3186 caeteri
1583 3128 1844 3204 plerique
1877 3131 2008 3207 jure
2046 3137 2240 3186 nostro
2279 3128 2433 3185 nulla
2471 3125 2680 3183 habent

496 3224 815 3300 privilegia,
844 3225 943 3282 sed
974 3226 1148 3298 aliqui
1174 3225 1231 3284 id
1258 3226 1561 3299 aliquando
1582 3227 1990 3287 nanciscuntur
2005 3247 2081 3287 ex
2102 3227 2370 3286 debitoris
2389 3227 2674 3284 voluntate

569 3412 593 3475 (
602 3412 653 3476 1)
692 3409 827 3460 Kent
848 3410 1045 3460 Comm.
1064 3413 1157 3462 vol.
1180 3412 1229 3462 ii.
1251 3428 1305 3464 n.
1324 3415 1445 3462 514.

560 3496 645 3561 (2)
686 3504 717 3527 “
735 3495 813 3560 By
837 3496 919 3544 the
939 3496 1054 3547 code
1075 3495 1141 3564 os
1164 3496 1463 3557 Louisiana,
1486 3504 1576 3546 art.
1595 3501 1744 3558 3194,
1767 3500 1850 3548 the
1885 3501 2066 3550 vendor
2095 3502 2155 3550 of
2179 3517 2210 3550 a
2239 3501 2418 3552 chattet
2449 3506 2536 3550 not
2555 3497 2671 3564 paid

491 3581 563 3630 for
583 3580 673 3630 has
696 3598 725 3630 a
744 3581 1015 3646 preference
1026 3581 1108 3630 Tor
1128 3582 1211 3632 the
1232 3583 1378 3648 price,
1402 3599 1515 3632 over
1536 3583 1673 3632 other
1694 3585 1920 3634 creditors
1940 3586 1997 3634 of
2021 3587 2102 3636 the
2123 3586 2320 3646 vendee,
2342 3585 2558 3636 whether
2579 3585 2663 3633 the

492 3667 591 3714 sale
614 3683 716 3716 was
738 3665 878 3716 made
900 3683 965 3715 on
987 3667 1147 3726 credit,
1172 3683 1225 3716 or
1247 3667 1467 3726 without,
1490 3668 1535 3716 if
1560 3668 1644 3716 the
1665 3677 1886 3734 property
1910 3671 2118 3720 rems-ins
2141 3671 2196 3719 in
2219 3670 2300 3719 the
2321 3669 2597 3734 possession
2620 3670 2678 3718 of

489 3750 573 3798 the
592 3751 865 3813 purchaser,
889 3749 985 3800 and
1007 3751 1089 3800 the
1112 3751 1340 3816 privilege
1362 3751 1513 3800 existe
1548 3742 1736 3813 though
1778 3753 1859 3802 the
1880 3754 2061 3802 vendor
2081 3754 2172 3802 has
2192 3755 2341 3803 taken
2361 3771 2392 3802 a
2412 3761 2526 3802 note
2547 3754 2670 3802 from

486 3835 571 3882 the
590 3837 757 3897 buyer.
790 3835 917 3884 This
936 3837 1165 3900 privilege
1186 3837 1230 3886 is
1250 3835 1592 3898 extinguished
1611 3838 1676 3900 by
1698 3837 1782 3886 the
1802 3837 2092 3887 destination
2117 3837 2174 3887 of
2187 3837 2271 3887 the
2292 3838 2432 3900 thing
2453 3838 2571 3898 sold,
2585 3839 2678 3888 but

484 3920 527 3967 it
547 3920 589 3967 is
610 3919 723 3968 held
744 3920 851 3968 that
866 3921 911 3969 if
926 3921 1007 3968 the
1024 3921 1207 3970 vendee
1235 3923 1323 3972 scil
1341 3923 1423 3972 the
1445 3923 1598 3984 goods
1617 3923 1778 3972 before
1797 3922 1860 3972 he
1881 3923 1971 3972 has
1991 3923 2104 3986 paid
2127 3924 2200 3972 for
2219 3924 2368 3984 them,
2389 3923 2473 3972 the
2493 3937 2673 3986 money

484 4002 581 4050 due
604 4004 668 4064 by
692 4003 775 4053 the
796 4004 974 4054 second
996 4005 1181 4054 vendee
1200 4006 1301 4054 will
1324 4013 1573 4071 represent
1608 4007 1692 4056 the
1723 4007 1888 4068 goods,
1911 4007 2008 4056 und
2039 4007 2122 4058 the
2153 4008 2258 4058 first
2289 4005 2514 4057 vendor's
2532 4007 2676 4072 privi-

480 4087 613 4146 leges
651 4087 751 4136 will
790 4089 952 4137 attach
993 4089 1205 4138 thereon.
1264 4090 1495 4140 Murrus
1536 4092 1586 4140 J.
1623 4092 1678 4144 in
1707 4089 1906 4160 Utayer
1935 4109 1984 4141 v·
2011 4091 2235 4154 amdan,
2254 4095 2288 4140 4
2311 4090 2522 4143 Mller-’s
2545 4092 2673 4160 Jeep.
2750 4153 2754 4158 ,

484 4168 633 4216 222.”
706 4169 881 4220 Kent's
905 4171 1303 4234 Commenmies,
1330 4175 1426 4222 vol.
1448 4174 1499 4223 ii.
1521 4191 1572 4240 p.
1595 4192 1644 4224 v.
1663 4177 1751 4226 lec.
1772 4176 1948 4226 xxxix.
1967 4193 2018 4227 n.
2039 4179 2158 4244 493,
2189 4179 2288 4244 (4.)
2332 4177 2469 4228 Abte.

553 4255 639 4320 (3)
680 4254 881 4315 Ibidem,
899 4273 950 4305 n.
975 4259 1090 4306 514.
1128 4258 1266 4308 Note.
1705 4264 1790 4330 (4)
1830 4262 2032 4312 Ibidem.
2131 4283 2140 4292 ·

554 4341 639 4406 (5)
679 4337 953 4403 Laymann‚
976 4343 1009 4390 l.
1030 4342 1098 4391 iii.
1120 4342 1179 4392 de
1185 4343 1414 4411 justitia,
1432 4353 1568 4394 tract.
1589 4345 1642 4395 ii.
1663 4363 1705 4396 c.
1725 4347 1796 4396 xi.
1815 4363 1866 4396 n.
1894 4350 1938 4396 1.

559 4427 645 4491 (6)
684 4423 744 4474 L.
768 4426 872 4475 xix.
896 4431 944 4486 ς.
966 4427 1026 4478 de
1048 4443 1100 4476 re
1110 4427 1279 4494 judic
1550 4433 1640 4498 (7)
1680 4429 1809 4499 Reg.
1825 4433 1944 4484 Jur.
1967 4435 2050 4482 liv·
2073 4433 2128 4483 in
2151 4437 2200 4484 ⁶.

552 4514 637 4577 (8)
680 4511 740 4561 L.
766 4511 831 4562 vi.
850 4520 901 4562 et
924 4513 1059 4566 xxiv.
1084 4517 1134 4574 §.
1164 4515 1286 4576 ραι·
1306 4515 1365 4566 in
1377 4514 1555 4582 fraud
1573 4517 1744 4570 credt't.
