3117 5217
487 570 602 625 182
1342 564 1458 625 DE
1501 564 1801 623 USURA.

481 736 845 814 repetendam
871 745 1084 793 sortem
1109 752 1292 808 usque
1319 734 1390 793 ad
1415 744 1633 793 certum
1662 724 1985 811 tempus.”²
2046 732 2333 791 Coeterum
2353 732 2673 809 disputatur

480 847 669 895 utrum
696 833 1026 912 hujusmodi
1053 834 1320 911 obligatio
1349 834 1418 893 ad
1447 833 1779 893 diuturnum
1806 843 2053 911 tempus,
2082 842 2217 909 puta
2243 832 2313 889 ad
2340 832 2668 899 triennium,

482 937 558 993 sit
583 933 776 993 titulus
804 932 874 991 ad
901 932 1232 999 auctarium,
1260 935 1418 992 omni
1453 935 1687 1011 jacturae
1716 931 2043 990 discrimine
2068 932 2285 1006 procul.
2370 931 2673 989 Affirman-

477 1036 625 1092 tibus
652 1032 804 1089 favet
829 1033 894 1089 S.
919 1031 1274 1107 Alphonsus,
1303 1034 1438 1104 quia
1475 1032 1573 1090 illa
1611 1030 1881 1109 obligatio
1920 1031 1993 1089 ad
2032 1030 2210 1089 mutui
2250 1038 2506 1087 naturam
2546 1048 2661 1087 non

485 1134 749 1209 pertinet,
779 1141 836 1189 et
861 1130 1289 1189 incommodum
1318 1130 1606 1205 quoddam
1632 1148 1829 1189 secum
1856 1129 1981 1198 fert,
2010 1146 2189 1202 quum
2228 1139 2489 1187 mutuum
2530 1128 2673 1186 dans

487 1232 712 1290 interim
741 1229 812 1287 de
839 1230 1084 1307 pecunia
1109 1248 1214 1287 sua
1239 1241 1483 1304 nequeat
1508 1228 1831 1305 disponere.
1914 1229 1982 1287 In
2024 1230 2241 1287 mensis
2278 1228 2673 1287 nummulariis

489 1330 730 1407 pecunia
754 1339 952 1387 mutua
977 1329 1311 1405 plerumque
1339 1329 1503 1387 datur
1527 1339 1661 1403 post
1684 1329 1983 1405 sexaginta
2006 1327 2129 1385 dies
2168 1327 2475 1385 solvenda:
2516 1325 2673 1399 quod

375 1466 384 1477 -
489 1430 540 1486 si
568 1430 697 1501 quis
724 1446 830 1485 sex
863 1428 1149 1486 mensium
1191 1438 1344 1505 petat
1369 1427 1715 1495 dilationem,
1759 1426 2091 1485 conceditur
2127 1425 2431 1499 aliquando
2469 1424 2675 1502 majori

491 1537 726 1603 accepto
753 1528 1031 1585 auctario:
1061 1527 1164 1585 sed
1191 1545 1262 1583 ne
1287 1526 1384 1585 lex
1411 1526 1609 1585 violari
1636 1526 1907 1595 videatur,
1936 1527 2186 1583 actiones
2215 1524 2536 1583 venduntur
2552 1542 2675 1600 pre-

491 1628 570 1684 tio
597 1627 820 1703 majori,
859 1624 1013 1699 quod
1053 1644 1251 1685 emens
1292 1635 1424 1701 post
1448 1644 1550 1683 sex
1596 1644 1825 1683 menses
1857 1626 2143 1684 soluturus
2183 1633 2303 1691 est3
2344 1624 2436 1683 vel
2468 1624 2675 1681 chartae

492 1725 842 1792 nummariae‚
873 1743 998 1797 quae
1025 1726 1217 1783 minus
1245 1726 1452 1791 valent,
1480 1726 1819 1783 tribuuntur.
1904 1724 2151 1783 Usuram
2187 1723 2355 1799 plane
2382 1724 2531 1799 sapit
2552 1722 2675 1779 haec

492 1823 697 1903 agendi
738 1825 916 1883 ratio:
963 1835 1147 1881 utrum
1191 1834 1379 1881 autem
1425 1840 1627 1881 mensa
1668 1822 1895 1882 aliunde
1944 1823 2147 1881 habeat
2187 1821 2410 1880 titulum
2444 1821 2679 1899 majoris

494 1923 723 1981 auctarii
766 1922 1104 1997 accipiendi,
1141 1922 1293 1994 quod
1337 1923 1579 1997 pecunia
1623 1920 1937 1982 discrimini
1982 1922 2183 1999 majori
2228 1920 2547 1998 objiciatur,
2588 1919 2683 1977 vel

494 2020 648 2093 quod
674 2021 814 2078 lucri
841 2020 1125 2080 amittatur
1149 2022 1393 2087 occasi0‚
1423 2018 1611 2078 dicere
1639 2040 1757 2079 non
1782 2039 2108 2096 possumus.

575 2124 674 2178 97.
718 2119 949 2176 Titulus
993 2118 1064 2177 ad
1103 2120 1412 2177 auctarium
1452 2121 1639 2197 majus
1680 2119 2073 2195 accipiendum
2114 2121 2337 2179 desumi
2374 2119 2683 2191 aliquando

496 2228 686 2293 potest
734 2237 809 2274 ex
861 2218 1076 2275 incerta
1125 2237 1312 2275 rerum
1367 2218 1715 2278 conditione.
1798 2219 2089 2293 Equidem
2140 2238 2207 2277 ea
2258 2218 2529 2276 hactenus
2580 2236 2683 2293 per

495 2315 688 2393 plures
711 2335 888 2374 annos
911 2316 1016 2373 fuit
1035 2318 1180 2393 apud
1202 2336 1308 2375 nos
1327 2336 1651 2375 mensarum
1682 2318 2031 2394 publicarum
2047 2318 2354 2393 legumque
2382 2315 2453 2373 de
2478 2336 2537 2375 re
2563 2336 2682 2375 mo-

499 2416 671 2473 netali
694 2415 1289 2483 incertitudorutfides
1311 2416 1428 2473 fere
1445 2416 1607 2484 nulli,
1626 2419 1792 2474 etiam
1815 2416 2120 2483 ditissimo,
2142 2426 2447 2481 constaret,
2468 2417 2687 2491 quippe

498 2515 596 2585 qui
625 2497 864 2571 aliorum
892 2534 1024 2576 casu
1055 2522 1252 2591 posset
1277 2516 1552 2576 solvendo
1579 2516 1703 2573 fieri
1730 2518 1933 2591 impar,
1963 2516 2055 2573 vel
2082 2516 2275 2591 legum
2310 2515 2525 2573 auxilio
2554 2534 2682 2573 nec-

501 2625 616 2671 tere
659 2632 868 2680 moras‚
902 2614 996 2671 vel
1036 2614 1255 2671 chartas
1295 2616 1665 2681 nummariam
1704 2633 1830 2686 quae
1871 2615 2059 2674 minus
2098 2614 2371 2681 valerent,
2413 2613 2683 2679 reddere;

499 2711 659 2788 leges
700 2712 855 2769 enim
883 2731 1010 2785 quoe
1051 2732 1249 2770 aurum
1277 2701 1371 2769 vel
1409 2723 1701 2788 argentum
1732 2714 1938 2788 jubent
1974 2712 2334 2779 solvendum,
2377 2714 2689 2783 nequibant

501 2812 830 2868 executioni
857 2809 1204 2868 demandari.
1289 2810 1446 2867 Hinc
1475 2811 1687 2869 factum
1712 2820 1776 2867 ut
1800 2812 1872 2869 ob
1910 2830 2101 2870 rerum
2140 2812 2430 2887 angustias
2464 2814 2688 2869 nummi

502 2909 686 2967 mutui
714 2919 1098 2979 quaererentur
1127 2908 1361 2984 passim,
1381 2909 1571 2967 oblato
1598 2910 1846 2967 auctario
1875 2910 2111 2967 duorum
2132 2911 2375 2986 singulis
2398 2911 2691 2967 mensibus

454 3034 458 3038 ·
507 3025 610 3083 pro
648 3017 896 3074 centum,
941 3006 1093 3079 quod
1134 3025 1320 3065 usurae
1366 3009 1616 3065 enormis
1650 3010 1905 3083 speciem
1946 3008 2176 3081 quidem
2221 3009 2536 3085 proesefert=
2586 3008 2691 3065 sed

507 3123 682 3178 quum
723 3104 778 3161 id
819 3108 1120 3181 contigerit
1158 3124 1275 3164 non
1312 3107 1480 3165 unius
1521 3108 1820 3167 alteriusve
1861 3107 2077 3175 fraude,
2105 3108 2197 3165 vel
2235 3126 2310 3166 ex
2350 3108 2687 3165 necessitate

507 3222 622 3275 qua
646 3204 1046 3277 premebantur
1072 3205 1257 3279 pauci,
1288 3205 1456 3261 totius
1483 3206 1727 3263 civitatis
1754 3206 2079 3265 conditione
2097 3217 2349 3282 urgente,
2372 3224 2487 3265 non
2508 3207 2693 3265 audeo

510 3300 779 3359 damnare
807 3320 907 3359 eos
935 3302 1035 3375 qui
1060 3320 1326 3360 nummos
1355 3302 1563 3363 dabant
1599 3314 1846 3373 mutuom
1878 3307 2123 3365 auctario
2163 3306 2317 3377 quod
2356 3306 2694 3383 plerumque⁴

509 3398 742 3457 dabatur
769 3410 1032 3477 accepto;
1065 3403 1325 3473 quamvis
1346 3402 1522 3460 fatear
1540 3422 1661 3487 rem
1689 3423 1805 3462 non
1827 3424 2016 3462 carere
2040 3405 2173 3462 mali
2196 3406 2408 3481 specie,
2432 3407 2690 3481 etipsam

509 3516 699 3556 rerum
727 3498 1109 3557 conditionem
1137 3500 1306 3577 longe
1335 3521 1368 3558 a
1395 3512 1545 3559 recta
1572 3504 1896 3579 negotiandi
1919 3504 2115 3581 regula
2145 3504 2466 3569 abhorrere.

539 3620 544 3625 ·
590 3600 689 3654 98.
734 3598 1063 3676 Episcopus
1091 3600 1156 3657 S.
1200 3598 1478 3659 Ludovici
1518 3619 1634 3659 non
1674 3603 1749 3659 ita
1786 3602 2005 3678 pridem
2047 3602 2259 3661 Sedem
2299 3604 2695 3679 Apostolicam

515 3687 874 3757 consuluisse
902 3698 1108 3759 dicitur
1133 3699 1204 3757 de
1232 3699 1301 3757 iis
1330 3700 1428 3773 qui
1456 3718 1705 3767 usuram,
1723 3701 1869 3759 ultra
1894 3703 2037 3779 legis
2058 3704 2360 3770 sancitum,
2390 3704 2695 3777 accipiunt,

514 3814 586 3853 eo
630 3796 783 3867 quod
830 3797 1050 3857 debitor
1094 3796 1227 3857 inde
1265 3797 1491 3859 lucrum
1531 3816 1799 3873 magnum
1846 3811 2270 3877 comparaturus
2308 3801 2401 3868 sit,
2440 3811 2498 3858 et
2540 3800 2696 3873 quod

515 3892 681 3951 facile
719 3897 904 3970 possit
934 3897 1224 3973 aufugere,
1253 3905 1312 3953 et
1347 3896 1639 3954 molestias
1678 3914 1867 3955 creare
1906 3901 2184 3975 repetenti
2222 3900 2525 3977 pecuniam
2545 3918 2585 3955 :2¹
2603 3899 2698 3955 cui

512 4008 856 4065 responsum
881 4002 967 4050 est
992 4010 1088 4051 eos
1113 4012 1236 4052 non
1259 4010 1382 4051 esse
1406 3994 1852 4072 inquietandos.

595 4091 694 4145 99.
735 4090 981 4161 Inquirit
1019 4092 1082 4148 S.
1127 4090 1462 4168 Alphonsus
1505 4102 1544 4129 ‘⁶
1566 4102 1772 4162 utrum,
1802 4096 1854 4153 si
1892 4096 2019 4169 quis
2044 4096 2193 4155 bona
2230 4095 2343 4154 fide
2382 4097 2534 4153 ineat
2563 4113 2697 4153 con·

518 4196 754 4245 tractum
779 4190 1119 4257 usurarium,
1148 4201 1205 4249 et
1227 4192 1450 4250 lucrum
1478 4194 1700 4269 exigat3
1741 4212 1802 4251 re
1842 4203 2039 4271 postea
2064 4196 2311 4272 cognita,
2338 4195 2521 4269 possit
2558 4192 2703 4251 illud

518 4286 781 4355 retinere,
811 4288 860 4345 si
889 4307 1018 4345 vere
1045 4300 1264 4365 poterat
1287 4290 1617 4350 contrahere
1645 4310 1720 4349 ex
1750 4294 1915 4369 justo
1938 4293 2129 4367 aliquo
2155 4294 2338 4361 titulo,
2368 4310 2577 4369 nempe
2615 4288 2701 4349 rass

1125 4476 1208 4540 (1)
1249 4474 1393 4539 Prop.
1416 4476 1518 4525 xlii.
1541 4476 1707 4527 damn.
1732 4478 1793 4526 ab
1814 4478 1961 4527 Alex.
1982 4477 2096 4526 VII.
