3117 5217
510 558 633 613 sss
896 628 901 633 ,
1180 555 1294 617 DE
1336 554 1568 619 me
1608 554 2052 617 sYMBousx.

1416 1041 1700 1100 CAPUT
1741 1041 1821 1100 11.
1875 1060 1882 1067 ·

1306 1256 1385 1295 DE
1414 1255 1586 1295 Hom
1613 1256 1920 1295 sumone.

606 1436 699 1489 12.
756 1432 1055 1507 Praecipua
1080 1450 1205 1503 quae
1245 1432 1526 1489 credenda
1565 1442 1714 1501 sunt,
1752 1431 2016 1508 symbolo
2055 1440 2451 1499 recensentur;
2491 1432 2720 1490 scilicet

460 1532 471 1540 ‘
522 1547 647 1601 quae
676 1530 985 1606 respiciunt
1015 1529 1204 1587 Deum
1230 1549 1429 1598 unum,
1456 1541 1515 1587 et
1552 1532 1784 1599 trinum,
1813 1541 1871 1587 et
1907 1528 2318 1605 redemptionis
2345 1532 2716 1605 mysterium,

519 1637 575 1685 et
600 1630 856 1687 subsidia
874 1628 1069 1685 salutis
1098 1630 1263 1685 nobis
1290 1631 1350 1686 in
1378 1629 1646 1687 Ecclesia
1672 1629 1939 1706 praestita,
1969 1637 2028 1685 ut
2069 1630 2240 1686 vitam
2281 1638 2546 1685 aeternam
2575 1646 2716 1684 con-

520 1745 844 1799 sequamur.
930 1736 968 1761 “
991 1726 1097 1783 lua
1122 1746 1224 1801 per
1249 1746 1314 1785 se
1342 1729 1628 1803 pertinent
1654 1728 1724 1785 ad
1757 1727 1950 1793 fidem,
1981 1745 2223 1799 quorum
2251 1726 2470 1784 visione
2511 1727 2570 1783 in
2595 1727 2719 1782 vita

520 1836 728 1884 aeterna
767 1823 1140 1900 perfruemur,
1184 1835 1241 1881 et
1279 1844 1381 1901 per
1420 1844 1546 1897 quae
1587 1826 1859 1883 ducemur
1897 1825 1968 1882 ad
1993 1827 2168 1882 vitam
2207 1835 2494 1881 aeternam.
2575 1823 2720 1880 Duo

520 1934 710 1981 autem
737 1922 899 1979 nobis
927 1920 1171 1978 videnda
1195 1932 1611 1999 proponuntur,
1641 1926 1863 1983 scilicet
1895 1924 2179 1981 occultum
2209 1922 2518 1981 divinitatis
2545 1923 2716 1999 cujus

519 2021 665 2078 visio
694 2037 799 2076 nos
824 2020 1017 2075 beatos
1046 2018 1209 2075 facit:
1239 2033 1296 2079 et
1322 2022 1658 2097 mysterium
1685 2023 2050 2080 humanitatis
2081 2020 2318 2089 Christi,
2347 2040 2450 2096 per
2476 2020 2630 2093 quod
2649 2021 2719 2077 in

520 2119 757 2195 gloriam
802 2117 1051 2175 filiorum
1098 2118 1213 2176 Dei
1258 2138 1549 2177 accessum
1596 2120 1906 2179 habemus:
1954 2130 2016 2179 ut
2059 2120 2265 2177 dicitur
2308 2120 2377 2177 ad
2430 2120 2603 2178 Rom.
2649 2137 2713 2173 v.

523 2218 691 2275 Unde
732 2216 935 2274 dicitur
973 2216 1144 2275 Joan.
1186 2221 1328 2277 xvii.
1416 2219 1596 2275 ‘Haec
1630 2230 1717 2276 est
1753 2222 1866 2277 vita
1904 2229 2130 2287 aeterna,
2171 2227 2233 2275 ut
2271 2225 2616 2293 cognoscant
2652 2226 2713 2272 te

521 2315 711 2374 Deum
741 2334 956 2381 verum,
980 2327 1037 2373 et
1062 2334 1235 2387 quem
1262 2319 1468 2375 misisti
1494 2318 1696 2375 Jesum
1724 2317 2041 2376 Christum.
2088 2360 2103 2375 .
2149 2359 2164 2374 .
2209 2358 2224 2373 .
2307 2316 2718 2391 Proponuntur

522 2415 687 2471 nobis
716 2432 889 2489 opera
914 2414 1221 2472 divinitatis
1250 2418 1511 2491 propria;
1542 2434 1783 2487 quorum
1813 2419 2056 2492 primum
2086 2416 2332 2491 pertinet
2357 2414 2428 2471 ad
2465 2432 2592 2470 esse
2615 2432 2716 2471 na-

524 2523 701 2571 turae:
746 2522 801 2569 et
840 2514 922 2569 sic
961 2516 1300 2591 proponitur
1338 2516 1503 2573 nobis
1544 2516 1816 2572 articulus
1857 2516 2191 2572 creationis:
2235 2512 2548 2571 secundum
2580 2508 2718 2569 vero

522 2612 770 2688 pertinet
794 2610 865 2667 ad
892 2630 1018 2669 esse
1059 2616 1287 2689 gratiae:
1333 2623 1390 2670 et
1426 2614 1509 2671 sic
1551 2624 1945 2689 proponuntur
1981 2614 2145 2670 nobis
2186 2612 2292 2669 sub
2325 2630 2441 2669 uno
2482 2609 2717 2667 articulo

524 2712 717 2768 omnia
742 2712 1079 2786 pertinentia
1104 2712 1173 2768 ad
1202 2712 1706 2769 sanctificationem
1734 2700 2076 2769 humanam:
2121 2712 2343 2767 tertium
2371 2708 2505 2766 vero
2546 2708 2717 2783 perti-

522 2819 621 2867 net
646 2808 719 2866 ad
742 2826 869 2865 esse
893 2810 1089 2882 gloriae
1113 2829 1127 2864 :
1173 2820 1230 2865 et
1266 2812 1353 2868 sic
1390 2810 1726 2884 proponitur
1751 2811 1916 2867 nobis
1957 2810 2100 2869 alius
2139 2808 2406 2866 articulus
2434 2806 2503 2865 de
2531 2824 2718 2864 resur-

522 2910 775 2963 rectione
803 2907 1006 2975 carnis,
1036 2918 1093 2962 et
1118 2905 1188 2963 de
1216 2908 1328 2964 vita
1356 2899 1660 2963 aeterna.'’¹

609 3008 702 3061 13.
746 3003 975 3068 Quanta
1000 3022 1129 3062 611111
1156 3004 1391 3063 utilitate
1419 3006 1677 3063 omnium
1697 3006 1994 3080 praecipuae
2015 3004 2150 3061 fidei
2171 3004 2431 3061 veritates
2451 3004 2718 3079 symbolo

527 3104 911 3168 enuntientur,
942 3103 1209 3176 praeclare
1236 3103 1481 3179 explicat
1520 3104 1585 3159 S.
1616 3103 1908 3160 Thomas:
1995 3111 2034 3137 ‘⁶
2055 3102 2277 3159 Veritas
2309 3102 2444 3159 fidei
2471 3103 2530 3159 in
2557 3120 2719 3157 sacra

530 3202 825 3276 Scriptura
843 3199 1050 3259 diffuse
1076 3202 1413 3266 continetur,
1430 3210 1487 3257 et
1504 3201 1670 3257 variis
1690 3200 1899 3267 modist,
1921 3211 1979 3257 et
2003 3202 2062 3259 in
2085 3200 2421 3273 quibusdam
2439 3202 2677 3257 obscure
2699 3218 2715 3255 :

528 3298 605 3355 ita
632 3296 785 3369 quod
812 3294 881 3352 ad
910 3295 1252 3355 eliciendum
1280 3296 1416 3354 fidei
1440 3300 1730 3355 veritatem
1759 3318 1834 3355 ex
1874 3318 2033 3357 66616
2073 3300 2383 3374 Scriptura,
2417 3298 2720 3370 requiritur

526 3397 767 3472 longum
788 3392 1035 3453 studium
1066 3397 1506 3463 et-exercitium‚
1532 3395 1603 3453 ad
1631 3397 1782 3468 quod
1811 3416 1927 3456 non
1947 3408 2186 3473 possunt
2207 3398 2500 3473 pervenire
2521 3413 2720 3453 01111166

530 3494 636 3564 illi,
667 3496 871 3568 quibus
898 3497 1285 3553 necessarium
1312 3505 1399 3552 est
1422 3514 1768 3573 cognoscere
1797 3495 1930 3553 fidei
1956 3498 2283 3554 veritatem:
2329 3514 2570 3567 quorum
2605 3494 2722 3569 ple-

530 3596 716 3668 rique,
758 3593 883 3651 aliis
922 3594 1165 3670 negotiis
1206 3594 1487 3671 occupati,
1516 3594 1702 3651 studio
1744 3612 1938 3651 vacare
1979 3614 2096 3652 non
2147 3603 2404 3670 possunt.
2489 3593 2570 3651 Et
2593 3590 2722 3648 ideo

534 3694 641 3751 fuit
665 3688 1072 3760 necessarium,
1094 3704 1157 3750 ut
1182 3712 1259 3751 ex
1281 3694 1578 3751 sententiis
1606 3711 1779 3749 sacrae
1808 3692 2111 3768 Scripturae
2133 3693 2345 3765 aliquid
2362 3691 2721 3757 manifestum

536 3794 840 3849 summarie
869 3792 1247 3867 colligeretur,
1278 3792 1429 3863 quod
1470 3800 1883 3868 proponeretur
1923 3793 2186 3849 omnibus
2229 3790 2298 3849 ad
2337 3788 2718 3849 credendum:

535 3890 692 3959 quod
721 3889 951 3960 quidem
980 3908 1096 3947 non
1124 3901 1211 3946 est
1236 3890 1485 3948 additum
1512 3908 1684 3947 sacrae
1726 3890 2055 3966 Scripturae,
2085 3890 2188 3947 sed
2227 3891 2416 3966 potius
2455 3907 2530 3946 ex
2562 3903 2724 3944 sacra

534 3986 825 4061 Scriptura
847 3984 1241 4061 sumptum.”²

616 4087 709 4140 14.
756 4083 1121 4159 Symbolum,
1151 4084 1305 4157 quod
1331 4086 1738 4164 Apostolorum
1777 4085 1997 4153 dicitur,
2027 4105 2096 4144 60
2137 4086 2292 4159 quod
2324 4086 2584 4163 Apostoli
2625 4100 2724 4139 ex-

533 4182 853 4239 istimentur
892 4181 1029 4238 illud
1071 4183 1417 4251 condidisse,
1446 4194 1675 4241 tesserae
1715 4185 1913 4253 instar,
1943 4195 2246 4256 antequam
2281 4166 2340 4242 in
2379 4164 2574 4243 orbem
2599 4179 2726 4239 uni·

532 4298 759 4337 versum
786 4279 1171 4347 diseesserint,
1200 4281 1580 4358 Evangelium
1611 4282 1982 4359 praedicaturi,
2011 4301 2208 4341 eorum
2235 4294 2394 4341 aetate
2421 4290 2570 4340 certe
2606 4296 2726 4339 11011

671 4440 755 4505 (1)
796 4441 845 4489 2.
867 4441 955 4485 26.
977 4453 1060 4501 qu.
1081 4436 1113 4487 i.
1137 4444 1224 4487 art.
1245 4438 1345 4487 viii.
1413 4440 1564 4507 Καρ.
1876 4445 1961 4509 (2)
2000 4442 2198 4502 Ibidem,
2234 4448 2322 4491 art.
2345 4441 2414 4493 ix.
2447 4440 2529 4491 Ad
2549 4440 2584 4489 i.
