3117 5217
1026 586 1141 645 DE
1184 585 1417 645 FIDEI
1458 584 2080 644 NECESSITATE.
2537 591 2652 645 281

468 754 589 811 sive
629 756 690 813 in
728 754 971 813 ecclesia
1008 754 1200 812 habita
1238 754 1328 821 sit,
1360 753 1450 811 vel
1488 754 1642 821 alibi,
1671 772 1787 810 non
1827 753 1962 811 licet
1999 753 2278 812 catholico
2305 755 2653 824 concionari,

469 871 643 926 quum
672 854 755 911 sic
782 854 1065 911 videretur
1104 852 1529 926 quodammodo
1569 852 1860 929 religionis
1899 854 2041 910 inire
2082 854 2430 912 societatem.

548 957 647 1011 37.
692 952 954 1010 “Fidem
983 952 1129 1011 facto
1156 972 1261 1011 suo
1290 971 1496 1032 negare
1536 951 1760 1018 dicitur,
1790 952 1886 1022 qui
1929 971 1994 1009 ea
2031 952 2216 1019 saciat,
2259 972 2383 1025 quae
2425 952 2495 1011 ad
2531 955 2659 1013 falsi

467 1053 722 1110 numinis
765 1052 1129 1124 haereticique
1170 1052 1423 1110 hominis
1471 1051 1808 1123 obsequium
1857 1062 1915 1109 et
1959 1052 2172 1108 cultum
2215 1046 2558 1111 referantur:
2609 1054 2658 1111 is

466 1152 621 1209 enim
646 1152 795 1209 facto
822 1169 929 1209 suo
956 1151 1157 1209 falsam
1182 1151 1520 1228 religionem
1548 1150 1858 1225 profitetur.
1942 1146 2132 1223 Atque
2155 1152 2300 1208 hanc
2326 1152 2398 1208 ob
2425 1170 2544 1209 rem
2565 1170 2659 1210 su-

469 1268 681 1325 premae
702 1250 1087 1323 inquisitionis
1114 1247 1375 1317 decretis,
1405 1268 1552 1306 anno
1585 1250 1762 1315 1626,
1790 1260 1848 1305 et
1873 1268 2020 1307 anno
2045 1252 2219 1317 1669,
2240 1249 2533 1309 definitum
2553 1260 2656 1319 est,

470 1348 627 1405 nullo
654 1348 825 1406 modo
850 1348 1023 1406 licere
1051 1349 1392 1416 christianis,
1421 1366 1527 1405 nec
1567 1347 1682 1405 ulla
1721 1366 1913 1415 causa,
1943 1359 2038 1406 aut
2075 1350 2289 1406 motivo
2330 1367 2502 1424 posse
2536 1368 2661 1425 per-

470 1447 638 1514 mitti,
668 1457 763 1505 aut
786 1448 1032 1515 tolerari,
1062 1459 1125 1505 ut
1150 1466 1381 1525 operam
1410 1465 1571 1504 suam
1613 1456 1820 1503 navent
1857 1446 2226 1515 aedificandis,
2259 1449 2658 1517 instaurandiS,

468 1546 873 1618 verrendisque
903 1548 1131 1623 templis
1158 1546 1316 1605 falsis
1343 1546 1693 1613 numinibus,
1723 1546 1815 1603 vel
1845 1547 2162 1604 auctoribus
2189 1546 2456 1605 salsarum
2483 1558 2660 1606 secta-

470 1663 598 1702 rum
624 1644 823 1720 dicatis
844 1666 860 1713 ς
890 1655 987 1703 aut
1012 1645 1339 1703 eorumdem
1368 1644 1678 1722 purgandis
1708 1644 2012 1720 parietibus
2034 1653 2092 1702 et
2116 1646 2479 1721 pavimentis,
2501 1666 2662 1705 mun-

469 1742 671 1801 dandis
712 1744 996 1813 altaribus,
1029 1744 1371 1821 aperiendis,
1412 1742 1857 1815 claudendisque
1899 1743 2181 1802 foribus.”
2265 1744 2352 1803 Ita
2377 1746 2549 1804 refert
2587 1746 2658 1803 P.

471 1841 779 1919 Philippus
806 1842 877 1901 de
906 1837 1333 1902 Carboneano.¹
1416 1852 1455 1878 ‘⁶
1479 1842 1688 1900 Ratum
1721 1861 1857 1901 vero
1896 1843 2106 1901 habent
2132 1844 2310 1901 ritum
2337 1844 2660 1917 salsumque

468 1942 701 2009 cultum,
730 1942 830 2014 qui
869 1944 930 2001 in
969 1942 1485 2010 schismaticorum,
1516 1940 1934 2007 haereticorum,
1964 1941 2395 2016 infideliumque
2435 1942 2662 2019 templis

468 2058 702 2117 organa,
732 2040 824 2098 vel
852 2043 961 2100 alia
982 2043 1355 2100 instrumenta
1380 2041 1629 2117 pulsent,
1651 2050 1862 2099 metros
1889 2050 2110 2109 canant,
2139 2050 2235 2099 aut
2271 2042 2662 2101 concinendos

469 2148 833 2216 componant,
862 2141 954 2197 vel
992 2150 1164 2198 artem
1209 2140 1487 2198 musicam
1527 2140 1638 2197 alio
1678 2139 1852 2197 modo
1879 2140 2242 2197 exerceant.'’
2294 2142 2430 2200 ‘Sic
2467 2150 2664 2199 censet

468 2238 843 2315 praelaudatus
873 2250 1049 2315 pater·
1108 2238 1367 2297 “Fidem
1396 2246 1610 2314 negant
1635 2240 1807 2302 etiam
1827 2240 1889 2306 ii,
1920 2240 2018 2311 qui
2044 2240 2104 2295 in
2130 2237 2444 2298 infidelium
2473 2251 2530 2297 et
2548 2241 2663 2297 hae·

470 2338 773 2395 reticorum
802 2338 1013 2395 scholis
1054 2338 1227 2396 falsos
1267 2336 1601 2395 eorumdem
1643 2338 1804 2406 ritus,
1833 2348 1889 2394 et
1914 2337 2152 2415 profana
2179 2358 2210 2395 a
2235 2339 2512 2397 catholica
2550 2338 2662 2396 fide

472 2436 657 2493 aliena
690 2436 955 2511 dogmata
986 2436 1244 2501 doceant,
1284 2454 1357 2492 ex
1397 2436 1626 2494 decreto
1667 2454 1950 2513 supremae
1985 2437 2393 2509 i11quisitioniS‚
2436 2436 2473 2496 2
2516 2436 2665 2513 Maji

477 2538 651 2593 1711.
738 2534 892 2612 Nam
915 2533 1049 2591 dum
1078 2534 1303 2601 docent,
1325 2534 1471 2591 facto
1500 2552 1606 2591 suo
1633 2536 1964 2622 approbant,
1985 2535 2300 2608 falsamque
2331 2538 2663 2614 profitentur

472 2626 907 2710 religionem.''²
985 2632 1052 2690 Id
1080 2633 1508 2709 intelligendum
1538 2632 1709 2690 etiam
1737 2633 1807 2690 de
1846 2632 2252 2709 ludimagistris
2285 2653 2491 2712 pueros
2518 2644 2662 2694 cate·
2757 2678 2762 2683 .

472 2732 755 2791 chismum
790 2732 1263 2789 Protestantieum
1296 2731 1648 2789 docentibus,

553 2814 650 2889 38.
716 2834 858 2890 Haec
901 2842 961 2888 ut
986 2830 1054 2888 ad
1082 2851 1169 2888 res
1200 2841 1419 2889 nostras
1448 2831 1868 2898 transferamuS,
1900 2812 2292 2889 haereticorum
2332 2832 2391 2889 in
2430 2832 2536 2906 hac
2577 2848 2668 2889 re-

470 2930 641 3005 gione
670 2930 881 3004 templa
907 2929 1037 2987 Deo
1064 2930 1293 3001 quidem
1326 2930 1598 2997 dicantur,
1629 2929 1730 2986 sed
1769 2931 1942 2988 cultui
1983 2928 2134 2987 haud
2161 2930 2451 3005 probando
2491 2930 2666 2988 inser-

474 3030 654 3087 viunt.
739 3031 855 3096 Qui
882 3030 941 3087 in
968 3029 1051 3085 eis
1079 3040 1289 3086 canunt
1314 3030 1588 3105 hymn08‚
1618 3048 1826 3105 organa
1865 3010 2111 3105 pulsant,
2147 3030 2395 3104 praeconi
2430 3040 2664 3105 respo'n-

470 3125 625 3196 dent,
679 3130 845 3205 plane
897 3128 1081 3186 cultus
1133 3129 1437 3204 participes
1500 3127 1664 3195 fiunt,
1717 3127 1960 3201 ideoque
2013 3127 2185 3185 fidem
2242 3127 2664 3201 quodammodo

469 3226 733 3303 produnt.
819 3230 935 3296 Qui
963 3246 1029 3285 ea
1056 3227 1352 3295 aedificant‚
1371 3228 1701 3311 instaurant,
1726 3238 1972 3295 verrunt,
2003 3247 2121 3285 non
2149 3227 2411 3285 videntur
2432 3247 2663 3286 consors

470 3327 609 3384 tium
636 3328 927 3403 religionis
957 3328 1100 3385 inire
1124 3347 1141 3395 3
1170 3326 1272 3384 sed
1300 3346 1531 3403 operam
1563 3326 1848 3399 quandam
1877 3338 2164 3403 praestant,
2195 3347 2226 3384 a
2255 3344 2372 3398 qua*
2400 3327 2545 3385 foret
2572 3330 2662 3385 ab·

472 3426 819 3497 stinendum,
855 3427 1061 3505 ‚saltem
1102 3427 1214 3483 nisi
1258 3426 1594 3502 gravissima
1637 3437 1834 3502 urgeat
1881 3444 2074 3483 causa.
2163 3426 2658 3493 “Excusantur‚”

464 3523 658 3599 judice
688 3525 1096 3591 Busembaum,
1127 3544 1159 3580 a
1185 3544 1299 3595 quo
1339 3542 1456 3580 non
1484 3524 1747 3580 dissentit
1780 3524 1844 3579 S.
1873 3524 2233 3599 AlphonsuS‚
2278 3533 2316 3559 ‘⁶
2340 3525 2436 3596 qui
2476 3524 2512 3580 J
2517 3522 2664 3581 udae·

470 3640 632 3679 orum
662 3640 1007 3701 synagogaS‚
1035 3622 1428 3679 haereticorum
1456 3621 1685 3696 templa,
1718 3662 1732 3677 .
1767 3662 1781 3677 .
1815 3663 1829 3678 .
1859 3619 2158 3689 aedificant,
2191 3622 2280 3678 vel
2313 3632 2658 3697 restaurant:

471 3723 788 3795 praesertim
823 3724 881 3779 ‚si
924 3720 1084 3777 fieret
1122 3738 1285 3791 aeque
1326 3720 1449 3775 sine
1491 3712 1730 3794 ipsiS.”³
1811 3716 2101 3789 Equidem
2140 3720 2381 3796 operarii
2409 3720 2662 3795 plerique

473 3819 735 3877 catholici
779 3822 838 3878 in
883 3819 1208 3893 regionibus
1256 3818 1312 3875 in
1350 3817 1555 3889 quibus
1595 3825 1918 3892 grassantur
1956 3818 2222 3884 haerese8‚
2264 3807 2663 3895 gravissimum

472 3930 799 3996 paterentur
823 3916 1273 3984 incommodum,
1302 3934 1464 3973 suam
1506 3933 1741 3991 operam
1782 3915 2148 3992 denegando:
2192 3928 2250 3974 et
2288 3918 2538 3991 alioquin
2567 3939 2664 3977 ne·

474 4019 614 4077 mini
658 4018 918 4076 videntur
948 4017 1186 4094 probare
1222 4016 1457 4072 cultum.
1546 4013 1834 4073 Caeterum
1875 4033 1994 4073 non
2033 4016 2302 4075 audemus
2346 4018 2483 4091 quid
2525 4023 2664 4079 certi

445 4116 745 4193 proferre,
787 4117 1046 4188 quamvis
1088 4114 1485 4172 abstinendum
1538 4114 1729 4190 potius
1769 4132 2122 4173 censeamus.
2207 4117 2323 4182 Qui
2369 4117 2665 4177 conferunt

474 4217 778 4292 pecuniam
805 4224 868 4273 ut
893 4214 1240 4273 aedificentur
1267 4212 1474 4288 templa
1501 4213 1933 4281 Protestantica,
1963 4215 2056 4272 vel
2082 4212 2232 4274 dono
2266 4215 2402 4273 dant
2426 4216 2663 4277 fundum

549 4436 635 4502 (1)
674 4434 950 4502 Appendia:
970 4432 1041 4485 ad
1066 4433 1230 4483 Tract.
1252 4432 1484 4493 Antoine,
1506 4434 1586 4484 De
1619 4432 1903 4483 Virtutibus
1933 4432 2250 4501 sseologict‘s.

553 4522 638 4589 (2)
676 4520 877 4571 Ibidem.
1583 4522 1672 4586 (3)
1712 4519 1864 4584 Apud
1879 4520 1932 4571 S.
1955 4520 2284 4585 Alphonsum,
2307 4518 2339 4568 l.
2362 4518 2412 4567 ii.
2434 4534 2486 4567 n.
2511 4523 2593 4569 72.

1520 4602 1639 4656 25*
