3117 5217
1247 554 1363 615 DE
1406 552 1876 614 SCANDALO.
2541 557 2653 613 321

482 721 810 783 scandalum
836 722 1063 782 alterius
1090 723 1162 781 ad
1185 722 1423 799 longum
1464 730 1696 797 tempus
1733 722 2016 783 abstinere
2057 742 2092 781 a
2129 721 2318 779 Missa
2355 728 2658 790 teneretur,

480 822 611 881 ideo
655 821 817 879 valde
858 822 1225 897 probabiliter
1260 821 1460 880 dicunt
1496 822 1802 898 Laymann
1831 865 1848 881 .
1873 864 1888 881 .
1918 820 2219 897 Tonrnely
2248 864 2265 879 .
2290 863 2305 879 .
2335 831 2392 880 et
2425 823 2661 899 Sporer.

482 921 637 996 quod
677 921 775 979 illa
806 920 877 979 ad
917 921 1031 980 hoc
1070 940 1189 981 uon
1226 930 1480 989 tenetur3
1522 922 1636 981 nisi
1675 940 1782 999 pro
1821 942 1934 981 una
1976 921 2066 981 vel
2092 922 2266 979 altera
2303 924 2449 981 vice.
2532 922 2662 980 Imo

480 1031 635 1079 tenet
660 1021 829 1079 Elbel
858 1062 873 1079 .
900 1062 915 1077 .
943 1021 1089 1081 bene
1116 1040 1289 1098 posse
1316 1022 1471 1081 illam
1512 1021 1696 1080 semel
1720 1021 1812 1078 vel
1849 1024 2052 1081 iterum
2079 1022 2342 1079 omittere
2383 1022 2658 1088 Sacrum;

478 1120 583 1179 sed
609 1118 681 1177 ad
706 1120 819 1178 hoc
846 1138 963 1177 non
1004 1120 1203 1189 teneri,
1230 1140 1365 1179 cum
1409 1118 1627 1179 accidat
1663 1120 1993 1181 scandalum
2037 1121 2278 1190 omnino
2317 1138 2391 1179 ex
2431 1122 2660 1179 alterius

478 1212 789 1278 malitia.”¹

563 1322 698 1377 127.
743 1319 909 1375 Bona
934 1318 1268 1395 temporalia
1304 1336 1423 1377 nou
1462 1327 1598 1377 sunt
1635 1318 1970 1379 dimittenda
2005 1319 2072 1377 ad
2115 1318 2444 1378 scandalum
2485 1320 2664 1378 vitan-

478 1417 652 1485 dum3
692 1436 865 1476 nemo
904 1418 1057 1476 enim
1100 1427 1325 1477 tenetur
1356 1436 1487 1477 cum
1527 1420 1688 1494 gravi
1723 1419 1815 1478 sui
1845 1420 2064 1496 jactura
2103 1418 2344 1477 aliorum
2385 1418 2664 1495 impedire

481 1519 741 1585 ruinam;
784 1518 1097 1593 praesertim
1125 1537 1273 1592 quae,
1295 1527 1430 1595 post
1452 1518 1730 1577 rationein
1758 1518 2058 1585 redditam,
2097 1536 2295 1575 eorum
2318 1518 2550 1577 malitiae
2577 1526 2664 1575 est

481 1614 795 1675 tribuenda.
880 1624 919 1651 ‘⁶
942 1616 1185 1693 Propter
1212 1616 1542 1675 scandalum
1582 1616 2027 1694 pharisaicum‚'’
2061 1616 2246 1688 inquit
2271 1617 2340 1676 S.
2378 1617 2658 1685 Thomas,

483 1725 522 1753 ‘⁶
544 1734 660 1774 non
702 1726 834 1774 sunt
870 1716 1020 1773 bona
1061 1717 1397 1793 temporalia
1440 1716 1794 1784 dimittenda,
1823 1717 1956 1789 quia
2002 1716 2116 1775 hoc
2155 1728 2214 1775 et
2238 1728 2470 1775 noceret
2509 1717 2662 1775 bono

478 1815 771 1874 communi
795 1834 811 1882 ;
853 1814 1075 1873 daretur
1100 1816 1253 1875 enim
1285 1817 1449 1875 malis
1490 1818 1718 1875 occasio
1744 1815 2023 1893 rapiendi,
2051 1825 2108 1872 et
2144 1826 2376 1874 noceret
2399 1814 2663 1891 rapienti·

478 1916 603 1982 bue,
634 1915 769 1987 quia
793 1914 1090 1974 retinendo
1116 1934 1232 1974 non
1259 1934 1383 1982 sua,
1412 1916 1471 1972 in
1503 1928 1734 1991 peccato
1762 1908 2217 1975 remanerent.”²
2282 1915 2447 1974 Licet
2473 1925 2665 1973 tamen

476 2016 753 2073 bonorum
795 2032 1027 2072 suornm
1069 2015 1185 2090 pati
1215 2016 1515 2092 jacturam,
1545 2034 1619 2073 ne
1663 2014 1734 2071 iis
1763 2013 2118 2073 vindicandis
2145 2014 2368 2091 pusillis
2413 2013 2665 2071 scandali

478 2115 843 2173 occasionem
886 2112 1109 2171 demus.
1195 2113 1485 2171 Coeterum
1522 2134 1650 2187 quae
1677 2103 2264 2174 alicui'custodienda
2301 2122 2358 2173 et
2397 2111 2666 2171 adminis-

478 2213 675 2273 tranda
700 2212 1009 2293 traduntur,
1036 2232 1142 2269 sua
1167 2212 1457 2273 censenda
1482 2232 1600 2271 non
1627 2222 1778 2280 sunt,
1807 2214 1910 2271 sed
1949 2232 2174 2273 summa
2201 2212 2318 2271 fide
2343 2210 2659 2271 servanda:

476 2312 725 2385 ideoque
752 2330 867 2369 non
895 2322 1137 2388 possunt
1160 2324 1366 2391 sponte
1394 2312 1604 2371 dimitti
1633 2311 1706 2369 ad
1731 2312 2106 2372 offensionem
2137 2311 2516 2386 quorumdam
2543 2312 2662 2369 evi-

478 2412 727 2471 tandam.
813 2410 973 2469 Hinc
998 2412 1257 2489 episcopi
1296 2423 1589 2485 nequeunt
1628 2431 1754 2485 quae
1795 2410 1864 2471 ad
1902 2431 2158 2471 mensam
2194 2431 2356 2469 suam
2383 2412 2666 2489 pertinent

478 2512 827 2588 rapientibus
868 2509 1175 2580 dimittere,
1216 2512 1349 2570 licet
1384 2511 1682 2569 videant-ur
1709 2511 2049 2582 quibusdam
2075 2522 2303 2571 tenaces
2329 2509 2536 2569 nimis:
2571 2512 2666 2589 ju-

478 2620 733 2671 ramento
758 2610 912 2669 enim
940 2629 1003 2669 se
1030 2611 1348 2688 obligarunt
1372 2611 1441 2668 ad
1470 2630 1537 2669 ea
1571 2609 1870 2668 servanda.

564 2715 698 2769 128.
744 2710 887 2777 Quae
914 2721 1201 2787 praecepto
1227 2712 1481 2789 injuncta
1518 2730 1636 2769 non
1677 2720 1832 2778 sunt,
1857 2708 2211 2769 laudabiliter
2235 2708 2567 2769 omittuntur
2593 2707 2664 2768 ad

476 2809 797 2869 evitandam
826 2810 1065 2869 aliorum
1106 2810 1347 2881 ruinam.
1434 2810 1724 2869 Caeterum
1755 2810 2074 2886 disputatur
2111 2820 2302 2869 utrum
2334 2818 2536 2886 peccet
2560 2809 2659 2882 qui

476 2928 547 2969 ea
582 2910 745 2985 ponit
782 2908 997 2981 absque
1036 2912 1195 2986 gravi
1240 2912 1430 2983 aliqua
1465 2930 1655 2978 causa,
1702 2928 1946 2969 noscens
1997 2910 2142 2969 alios
2186 2908 2318 2967 inde
2363 2907 2662 2967 desumere

481 3009 701 3085 peccati
744 3009 1147 3067 occasionem:
1190 3028 1264 3066 v:
1307 3028 1381 3086 g:
1424 3010 1476 3067 si
1511 3009 1704 3087 puella
1743 3008 2208 3085 conspiciendam
2251 3028 2314 3067 se
2361 3008 2661 3084 praebuerit

481 3108 603 3165 viro
630 3107 729 3179 qui
754 3126 880 3165 eam
922 3117 1093 3183 prave
1130 3110 1510 3185 concupiscit.
1595 3116 1636 3145 ‘⁸
1658 3108 1842 3167 Valde
1877 3109 2243 3185 probabiliter
2279 3116 2489 3185 negant
2528 3126 2662 3184 pec-

482 3226 609 3265 care
656 3207 900 3285 graviter
939 3204 1269 3285 cajetanus,
1314 3208 1580 3267 Sanchez
1625 3250 1640 3267 .
1668 3251 1682 3266 .
1707 3250 1724 3266 .
1767 3208 1994 3267 Sufficit
2019 3210 2192 3277 enim,
2235 3217 2298 3266 ut
2335 3206 2550 3276 dicunt,
2593 3206 2663 3264 ad

476 3326 603 3367 eam
632 3305 1041 3374 excusandam,
1070 3308 1269 3367 saltem
1298 3327 1331 3365 a
1370 3308 1612 3375 mortali,
1639 3328 1833 3376 causa,
1861 3328 1934 3367 ne
1975 3309 2100 3385 ipsa
2137 3327 2240 3367 sua
2264 3308 2518 3367 libertate
2545 3306 2660 3384 pri·

477 3418 637 3465 vetur
658 3426 675 3474 ς
716 3426 850 3465 cum
876 3425 953 3465 ex
974 3426 1089 3465 una
1115 3418 1275 3485 parte
1300 3407 1413 3467 hoc
1438 3406 1770 3467 scandalum
1811 3426 1928 3467 non
1967 3417 2056 3465 est
2093 3406 2306 3475 datum,
2335 3407 2438 3464 sed
2463 3424 2663 3483 accep-

477 3516 597 3565 tum
622 3525 699 3565 ex
726 3505 939 3564 malitia
964 3506 1110 3574 viri3
1150 3518 1211 3565 et
1234 3525 1310 3566 ex
1336 3507 1447 3565 alia
1470 3508 1596 3564 vice
1635 3515 1791 3564 esset
1827 3526 1918 3565 res
1946 3504 2108 3564 valde
2149 3504 2512 3563 incommoda
2535 3522 2660 3562 mu-

476 3606 623 3672 lieri,
650 3614 709 3661 et
732 3604 1019 3681 scrupulis
1046 3606 1315 3673 obnoxia,
1354 3606 1407 3663 si
1446 3604 1774 3681 expendere
1813 3604 2048 3663 deberet
2083 3622 2330 3678 semper,
2359 3622 2433 3661 an
2460 3602 2664 3661 habeat

472 3707 685 3782 J’ustam
715 3721 945 3761 causam
972 3703 1321 3781 egrediendi,
1363 3704 1455 3762 vel
1492 3723 1631 3762 non.
1715 3704 2034 3787 Nequirem
2065 3712 2249 3761 autem
2281 3742 2300 3760 .
2326 3744 2341 3759 .
2371 3702 2524 3761 illam
2565 3718 2678 3787 ex·—

478 3819 675 3862 cusare
704 3820 737 3859 a
765 3801 1007 3870 mortali,
1037 3805 1087 3861 si
1114 3805 1242 3882 ipsa
1279 3822 1353 3873 ex
1385 3804 1626 3863 vanitate
1653 3802 1838 3873 ducta,
1867 3805 1976 3863 etsi
2015 3801 2344 3861 scandalum
2374 3802 2528 3861 illius
2555 3802 2662 3861 viri
2757 3840 2774 3856 .

478 3921 593 3962 non
630 3901 903 3969 intendat,
930 3901 1059 3961 data
1076 3923 1250 3980 opera
1274 3905 1405 3981 ejus
1430 3904 1690 3981 aspectui
1715 3922 1780 3963 se
1807 3903 2056 3963 offerret.
2101 3897 2259 3961 Hinc'
2287 3912 2437 3961 recte
2464 3902 2659 3962 dicunt

478 4003 694 4079 Sporer
718 4010 775 4059 et
801 4001 989 4060 Diana
1016 4005 1195 4062 teneri
1235 4002 1531 4063 mulierem
1575 4005 1683 4062 sub
1721 4006 1878 4081 gravi
1905 4004 2235 4063 scandalum
2267 4000 2370 4062 'viri
2397 4003 2660 4063 determi-

478 4102 595 4162 nati
622 4103 818 4170 vitare,
848 4102 899 4159 si
924 4112 1125 4178 posset
1142 4102 1441 4167 commode
1462 4106 1632 4163 aliam
1657 4104 1956 4162 ecclesiam
1981 4104 2158 4172 adire,
2187 4122 2291 4181 per
2315 4103 2484 4163 aliam
2505 4105 2656 4161 viam

477 4200 767 4279 progredi,
805 4221 841 4259 a
867 4201 1113 4259 fenestra
1148 4203 1449 4273 abstinere,
1490 4213 1549 4262 et
1589 4204 1822 4263 similia.
1904 4203 2038 4263 Hoc
2079 4214 2272 4263 tamen
2297 4222 2410 4262 non
2456 4202 2659 4261 intelli-

478 4299 730 4379 gendum
770 4299 841 4359 ad
882 4300 1119 4378 longum
1166 4311 1415 4380 tempus,
1452 4303 1557 4362 sed
1603 4313 1818 4363 tantum
1864 4323 1970 4380 pro
2009 4324 2124 4363 una
2161 4305 2254 4363 vel
2299 4305 2472 4363 altera
2511 4302 2658 4368 vice,

683 4517 769 4583 (¹)
808 4515 861 4569 S·
884 4515 1185 4581 Alpbonsuu,
1207 4518 1239 4567 1.
1260 4517 1310 4567 ii.
1332 4534 1384 4569 n.
1406 4522 1487 4568 51.
1829 4523 1916 4588 (2)
1955 4524 2002 4569 a.
2022 4524 2070 4569 2.
2087 4536 2136 4583 q.
2157 4519 2278 4569 xliii.
2299 4525 2386 4569 ut.
2409 4522 2456 4567 s.
