3117 5217
1243 595 1250 598 -
1333 555 1446 613 DE
1493 556 1793 614 USURA.
2552 562 2665 617 173

573 727 672 783 73.
761 722 873 780 His
920 742 1100 799 pauca
1164 724 1486 781 testimonia
1549 723 1773 781 aliunde
1839 722 2140 801 desumpta
2200 726 2341 783 libet
2393 726 2661 804 adjicere.

484 820 874 880 Lsc'rAN'rms
914 823 1144 880 scribit:
1195 830 1234 859 ‘⁶
1259 823 1572 909 Pecuniae„
1594 824 1646 879 si
1686 841 1853 895 quam
1908 822 2225 892 crediderit,
2267 844 2385 884 non
2424 827 2667 903 accipiat

479 938 731 987 usuram,
785 929 848 977 ut
895 931 953 977 et
1001 921 1338 980 beneficium
1385 923 1459 979 sit
1509 922 1816 988 incolume,
1871 921 2023 993 quod
2074 931 2363 981 succurrat
2412 926 2663 983 necessi·

479 1018 592 1075 tati.
694 1020 836 1077 Plus
891 1028 1078 1078 autern
1143 1022 1404 1096 accipere
1463 1038 1634 1092 quam
1698 1019 1935 1087 dederit,
1988 1020 2262 1096 injustum
2314 1032 2437 1090 est;
2506 1023 2662 1095 quod

479 1117 579 1188 qui
617 1117 768 1185 facit,
811 1116 1107 1176 insidiatur
1145 1119 1597 1190 quodammodo,
1633 1128 1697 1175 ut
1739 1136 1813 1175 ex
1854 1118 2083 1175 alterius
2128 1122 2467 1177 necessitate
2519 1141 2662 1197 proe-

477 1212 735 1273 detur.''¹
802 1216 866 1273 S.
915 1216 1260 1275 Amnnosms
1307 1219 1367 1275 in
1412 1218 1536 1275 haec
1582 1217 1783 1274 verba:
1816 1216 2145 1293 pecuniam
2179 1224 2351 1277 tuam
2395 1238 2519 1277 non
2559 1220 2661 1279 da·

475 1311 569 1371 bis
611 1312 705 1371 illi
748 1314 818 1373 in
861 1316 1158 1385 usuram,-
1215 1316 1448 1374 scribit:
1520 1324 1558 1351 ‘⁶
1592 1314 1950 1373 Generaliter
1989 1315 2113 1373 haec
2152 1318 2431 1375 sententia
2488 1337 2661 1378 omne

478 1412 646 1469 sortis
693 1412 944 1470 excludit
989 1408 1456 1489 augmentum.'’²
1534 1414 1958 1489 VENERAmms
1986 1414 2182 1483 Bam,
2213 1418 2272 1473 in
2316 1418 2518 1473 verba:
2562 1420 2662 1491 qui

476 1512 780 1585 pecuniam
821 1530 982 1569 suam
1025 1531 1142 1570 non
1184 1512 1338 1569 dedit
1379 1512 1450 1569 ad
1475 1530 1777 1582 usuram3
1818 1514 2045 1571 scribit:
2092 1514 2222 1571 “Id
2268 1524 2374 1581 est,
2421 1516 2563 1574 nulli
2601 1526 2663 1574 ut

475 1610 604 1683 plus
634 1609 766 1667 inde
795 1610 1096 1685 acciperet,
1126 1610 1577 1669 accommodavit
1602 1603 1904 1686 pecuniam
1927 1604 2186 1669 suam.’'³

554 1712 652 1766 74.
717 1708 830 1766 His
875 1709 1244 1767 validissimis
1285 1710 1627 1767 testimoniis
1668 1712 1863 1767 nititur
1902 1710 2175 1768 Pontifex
2204 1713 2263 1768 in
2306 1710 2533 1769 laudata
2558 1732 2663 1770 sua

477 1804 920 1874 Constitutione,
951 1827 1025 1865 ex
1053 1827 1166 1881 qua
1204 1808 1311 1865 alia
1337 1809 1529 1876 etiam,
1560 1808 1734 1866 veluti
1762 1801 2079 1866 certissima
2103 1809 2404 1886 principia,
2435 1810 2663 1868 citanda

479 1903 784 1963 duximus:
833 1913 872 1941 ‘⁶
897 1906 1106 1979 Neque
1150 1925 1286 1965 vero
1331 1906 1400 1963 ad
1445 1908 1612 1965 istam
1643 1907 1832 1965 labem
1874 1908 2224 1983 purgandam
2264 1909 2659 1967 ullumarces-

473 2003 572 2060 siri
599 2003 914 2061 subsidium
941 2007 1166 2082 poterit,
1196 2005 1286 2062 vel
1326 2024 1400 2061 ex
1425 2023 1495 2063 eo
1535 2004 1689 2078 quod
1730 2005 1787 2063 id
1829 2006 2050 2065 lucrum
2094 2026 2211 2065 non
2250 2006 2562 2075 excedens,
2606 2019 2661 2064 et

473 2102 732 2169 nimium,
762 2102 866 2159 sed
893 2104 1280 2170 moderatum:
1324 2122 1438 2162 non
1461 2123 1751 2179 magnum,
1782 2104 1885 2162 sed
1912 2108 2182 2182 exiguum
2210 2108 2321 2163 sit:
2370 2106 2456 2162 vel
2484 2125 2558 2163 ex
2586 2125 2656 2165 eo

473 2200 626 2271 quod
654 2201 722 2268 is,
754 2221 787 2257 a
813 2180 926 2273 qu‘o
954 2202 1012 2260 id
1040 2203 1259 2260 lucrum
1287 2203 1463 2260 solius
1491 2221 1663 2260 causa
1688 2204 1869 2261 mutui
1897 2202 2243 2279 deposcitur,
2274 2223 2389 2261 non
2416 2222 2653 2281 pauper,

471 2298 572 2355 sed
602 2298 762 2356 dives
790 2291 1032 2358 existat:
1077 2320 1182 2358 nee
1224 2300 1408 2357 datam
1450 2301 1558 2357 sibi
1600 2319 1883 2359 summam
1926 2303 2223 2360 relicturus
2262 2303 2527 2369 otiosam,
2556 2302 2659 2360 sed

471 2396 538 2453 ad
580 2397 829 2455 fortunas
869 2418 1004 2455 suas
1049 2398 1497 2473 amplificandas,
1539 2399 1631 2456 vel
1679 2401 1845 2457 novis
1892 2399 2218 2458 coemendis
2266 2399 2516 2476 praediis,
2566 2401 2657 2458 vel

469 2498 807 2567 quaestuosis
829 2496 1106 2573 agitandis
1133 2497 1378 2571 negotiis
1407 2498 1713 2554 utilissime
1740 2500 1815 2554 sit
1841 2499 2277 2573 impensurus.”

547 2599 644 2652 75.
690 2594 842 2652 Cum
873 2596 962 2652 his
991 2594 1228 2652 adversa
1246 2594 1427 2651 fronte
1458 2594 1720 2651 videntur
1747 2614 1999 2671 pugnare
2022 2613 2147 2667 quae
2168 2596 2395 2663 Maffei,
2414 2597 2652 2673 Rossig-

471 2686 619 2760 ῐιοΙ,6
649 2692 740 2750 De
768 2694 854 2751 La
880 2690 1196 2760 Luzerne‚⁷
1223 2685 1601 2760 Mastrofini,⁸
1630 2693 1840 2766 aliique
1870 2694 1939 2751 de
1979 2694 2263 2752 locatione
2306 2696 2565 2770 pecuniae
2598 2696 2656 2752 in

466 2810 604 2849 usus
633 2794 961 2851 commercii
991 2792 1406 2860 disseruerunt:
1438 2793 1586 2850 hane
1615 2801 1732 2849 toto
1759 2793 1906 2849 coelo
1932 2812 1963 2849 a
1996 2802 2190 2850 mutuo
2218 2793 2495 2869 distingui
2522 2812 2653 2849 con-

471 2889 786 2946 tendentes,
872 2890 1196 2948 Discrimen
1228 2892 1458 2961 quidem
1487 2893 1544 2949 in
1576 2911 1647 2949 eo
1673 2901 1907 2968 apparet
1930 2890 2083 2964 quod
2124 2893 2365 2967 pecunia
2404 2894 2655 2969 negotia-

467 2988 607 3045 tioni
633 2988 972 3046 inservitura
995 2989 1088 3056 sit,
1130 2989 1319 3065 potius
1361 3008 1532 3062 quam
1574 3009 1888 3066 pauperum
1928 2991 2239 3057 levamini:
2284 2990 2387 3047 sed
2428 2992 2653 3063 quoties
2752 3004 2756 3013 “

458 3087 558 3163 jus
601 3086 670 3143 ad
709 3095 919 3146 sortem
962 3088 1424 3164 recuperandam,
1463 3090 1718 3162 quolibet
1761 3090 1819 3147 in
1868 3108 2055 3147 rerum
2092 3098 2319 3156 eventu,
2361 3090 2651 3156 retinetur,

468 3186 648 3243 mutui
680 3199 878 3244 natura
903 3186 1103 3245 adesse
1132 3187 1372 3256 videtur,
1403 3187 1646 3261 ideoque
1673 3208 1848 3261 quum
1880 3190 2102 3265 justitia
2140 3207 2273 3265 erga
2313 3207 2513 3247 omnes
2543 3207 2661 3245 ser-

468 3284 652 3342 vanda
677 3286 752 3343 sit
777 3286 998 3355 eadem,
1027 3287 1168 3345 nihil
1197 3288 1335 3345 ultra
1361 3298 1571 3345 sortem
1599 3297 1686 3345 est
1710 3288 2081 3363 exigendum.
2169 3287 2341 3345 Haud
2381 3297 2530 3345 recte
2572 3288 2633 3343 di
2656 3314 2661 3317 ·

463 3384 606 3440 citur
630 3380 848 3442 locari⁹
873 3388 1136 3461 pecunia,
1165 3405 1342 3458 quum
1369 3387 1586 3443 nullum
1616 3388 1689 3443 sit
1715 3388 1954 3461 periculi
1994 3388 2366 3453 consortium,
2394 3386 2498 3443 sed
2525 3388 2653 3461 ipsa

545 3523 628 3587 (1)
669 3522 825 3571 Instit.
844 3524 876 3573 l.
898 3524 965 3572 vi.
990 3540 1032 3572 c.
1057 3523 1192 3572 xviii.

535 3607 620 3671 (2)
659 3606 720 3655 In
741 3607 964 3667 Tobiam,
987 3625 1030 3656 c.
1057 3624 1138 3655 xv.
1535 3609 1623 3673 (3)
1662 3606 1721 3654 In
1744 3606 1827 3654 Ps.
1850 3605 1947 3653 xiv.

549 3691 634 3755 (4)
673 3690 795 3739 Non
817 3692 978 3741 statim
1011 3693 1288 3755 abjecerunt
1315 3697 1569 3739 novatores
1606 3690 1909 3739 catholicam
1947 3688 2009 3736 de
2050 3703 2196 3735 usura
2216 3686 2514 3735 doctrinam:
2552 3689 2653 3737 “In

475 3773 558 3821 the
579 3774 714 3834 reign
739 3775 795 3823 of
809 3776 1021 3825 Edward
1044 3776 1132 3823 VI.
1153 3775 1380 3836 religious
1401 3775 1502 3823 zeal
1535 3773 1803 3836 prohibited
1826 3774 1889 3821 all
1923 3770 2165 3819 interest.”
2234 3769 2373 3819 Rees’
2397 3770 2451 3819 N
2452 3787 2527 3819 ew
2552 3772 2649 3837 Cy-

475 3858 718 3921 clopaedia,
740 3861 834 3908 vol.
857 3876 942 3907 xx.
965 3876 1012 3923 p.
1041 3863 1083 3907 1.
1108 3866 1193 3907 art.
1217 3859 1441 3909 Interest.
1510 3866 1539 3889 ‘⁴
1557 3857 1603 3905 It
1626 3873 1781 3905 seems
1803 3863 1853 3904 to
1874 3856 1997 3905 have
2014 3858 2137 3904 been
2158 3856 2239 3905 the
2260 3855 2461 3919 opinion
2484 3858 2541 3905 of
2567 3858 2648 3907 the

479 3943 670 3989 makers
692 3944 749 3991 of
764 3944 920 3991 divers
945 3950 1046 3991 acts
1068 3944 1124 3991 of
1139 3944 1435 3991 Parliament
1455 3942 1591 4002 since
1613 3942 1694 3989 the
1715 3926 2033 3999 reformation,
2057 3941 2161 3989 that
2182 3940 2245 3989 all
2266 3940 2409 3989 kinds
2432 3942 2489 3989 of
2501 3958 2652 4006 usury

479 4040 556 4071 are
578 4034 800 4089 contrary
821 4034 872 4075 to
895 4028 1021 4087 good
1043 4029 1338 4075 conscience.
1378 4030 1401 4073 1
1436 4027 1582 4075 Haw.
1605 4026 1753 4074 245.”
1822 4025 2020 4086 Ibidem,
2042 4028 2135 4074 vol.
2156 4026 2330 4076 xxxix.
2354 4032 2439 4074 art.
2472 4025 2653 4095 Usury.

541 4109 624 4175 (5)
664 4111 893 4177 Impiego
915 4108 997 4161 del
1015 4110 1230 4169 danaro,
1263 4109 1466 4170 Verona,
1496 4113 1641 4160 1745.
1706 4175 1711 4179 ¹

533 4195 614 4255 (6)
652 4194 728 4243 De
752 4193 952 4244 I'Usure
962 4210 1069 4261 par
1093 4195 1161 4243 M.
1187 4193 1388 4246 L’Abbe
1409 4193 1693 4261 Rossignol,
1719 4193 1755 4244 ἀ
1785 4190 1951 4244 Tuan
1977 4198 2123 4245 1803.

543 4280 628 4343 (7)
672 4280 798 4331 Pret
820 4279 879 4329 de
909 4280 1205 4329 Gommeroe.

531 4365 613 4427 (8)
657 4363 730 4413 Le
765 4363 933 4422 Usar-e,
958 4361 1077 4413 libri
1098 4368 1187 4423 tre,
1201 4379 1307 4430 par
1328 4361 1524 4413 I’Abate
1549 4362 1853 4429 Mastmfini,
1879 4364 2035 4412 Roma
2064 4366 2233 4411 1831.-

540 4449 624 4513 (9)
661 4448 774 4498 Jam
795 4464 854 4497 ea
874 4448 1102 4512 loquendi
1123 4449 1246 4499 ratio
1267 4449 1448 4513 passim
1473 4456 1757 4512 usurpatur:
1797 4458 1827 4482 ‘⁴
1845 4454 1895 4500 to
1917 4448 2023 4498 hire
2044 4446 2272 4517 money-2'

1519 4548 1629 4603 16*
