3117 5217
621 570 694 623 12
1300 568 1416 627 DE
1457 568 2102 627 TEMPERANTIA.

1493 1032 1779 1093 CAPUT
1820 1034 1927 1093 IV.

1657 1190 1673 1211 ο

1416 1248 1502 1289 «ΠΕ
1543 1250 2003 1291 ΤΒΗΡΕΒΔΝΤῙΔ.

1163 1427 1214 1501 §.
1258 1426 1306 1485 Ι.
1390 1444 1468 1486 nn
1498 1412 1763 1488 vinu-rn-
1792 1448 1913 1489 nso
1940 1446 2259 1487 unimus.

695 1597 794 1651 24.
840 1601 880 1628 ‘⁴
903 1592 1314 1670 Temperantia
1351 1604 1442 1653 est
1479 1596 1713 1654 rationis
1750 1596 1811 1653 in
1849 1595 2162 1662 libidinem,
2192 1604 2357 1667 atque
2398 1595 2456 1653 in
2500 1595 2639 1653 alios
2678 1615 2793 1655 non

613 1702 800 1751 rectos
840 1694 1086 1769 impetus
1129 1695 1322 1761 animi,
1365 1694 1529 1752 firma
1568 1703 1624 1751 et
1661 1694 1945 1753 moderata
1998 1692 2374 1752 dominatio.’'
2458 1694 2545 1751 Ita
2569 1696 2790 1773 Augus·

613 1793 764 1850 tinus
781 1785 830 1849 :¹
855 1791 957 1850 sed
976 1810 1113 1850 usus
1133 1794 1488 1851 communior
1511 1795 1637 1870 ejus
1658 1793 2129 1869 significationem
2147 1792 2439 1851 restrinxit
2456 1792 2529 1851 ad
2562 1794 2793 1852 modum

615 1890 996 1955 adhibendum
1022 1891 1082 1947 in
1107 1891 1177 1947 iis
1205 1909 1330 1962 quae
1357 1892 1538 1968 magis
1580 1892 1889 1969 appetitum
1930 1892 2199 1959 alliciunt,
2228 1901 2285 1949 et
2322 1893 2584 1949 sensibus
2612 1893 2793 1951 delec-

616 1989 882 2047 tationem
911 1989 1195 2065 praebent:
1239 1990 1356 2048 imo
1383 1991 1611 2067 vulgata
1635 1992 1720 2047 vis
1747 1992 1905 2049 vocis
1931 1992 2169 2067 respicit
2194 1989 2430 2048 modum
2456 1991 2793 2050 servandum

615 2090 676 2147 in
703 2088 851 2156 cibo,
881 2097 1153 2165 potuque.
1221 2088 1534 2147 Praeclarus
1563 2090 1657 2147 ille
1686 2088 1887 2147 doctor
1906 2090 2143 2147 modum
2168 2089 2414 2147 indicat:
2463 2098 2501 2124 ‘⁴
2522 2090 2691 2147 habet
2713 2091 2795 2148 vir

616 2198 940 2264 temperans
981 2188 1042 2245 in
1078 2188 1248 2245 rebus
1288 2187 1460 2265 hujus
1487 2190 1637 2258 vitae,
1666 2188 1921 2265 regulam
1964 2198 2199 2260 utroque
2242 2197 2579 2246 testamento
2618 2189 2795 2245 firma-

615 2297 750 2355 tam,
777 2297 839 2345 ut
877 2305 1074 2345 eorum
1105 2287 1248 2346 nihil
1289 2285 1502 2363 diligat,
1531 2287 1675 2345 nihil
1714 2306 1817 2364 per
1842 2306 1905 2343 se
1934 2286 2313 2363 appetendum
2354 2296 2543 2363 putet:
2587 2288 2693 2345 sed
2729 2287 2793 2344 ad

527 2386 534 2389 ’
615 2385 742 2442 vitae
783 2384 954 2463 hujus
1000 2395 1168 2457 atque
1197 2386 1518 2448 officiorum
1560 2387 1977 2453 necessitatem,
2008 2396 2281 2459 quantum
2320 2388 2460 2443 satis
2500 2396 2605 2454 est,
2634 2406 2788 2445 usur·

615 2492 730 2561 pet,
759 2486 967 2544 utentis
993 2483 1291 2552 modestia,
1319 2504 1439 2543 non
1465 2486 1705 2543 amantis
1734 2478 2038 2544 affectu.'’²
2119 2484 2409 2555 Caeterum
2439 2484 2509 2542 de
2549 2503 2789 2543 excessu

613 2602 730 2641 non
771 2586 944 2642 nimis
983 2585 1318 2661 scrupulose
1351 2583 1748 2662 judicandum,
1778 2584 2046 2656 quamdiu
2090 2583 2442 2660 indulgentia
2479 2604 2596 2642 non
2636 2594 2795 2643 nocet

614 2682 941 2754 valetudini,
970 2684 1062 2742 vel
1100 2683 1498 2743 detrimentum
1539 2703 1656 2742 non
1684 2682 1846 2739 affert
1884 2684 2013 2750 sibi,
2042 2684 2133 2740 vel
2164 2684 2344 2750 alteri,
2374 2684 2465 2740 vel
2503 2702 2674 2759 grave
2702 2684 2793 2741 ali-

617 2783 772 2857 quod
798 2783 1248 2849 ineommodum,
1277 2784 1665 2857 perieulumve
1704 2783 1946 2856 peccati.
2011 2781 2295 2839 Habenda
2322 2792 2409 2839 est
2433 2784 2575 2840 ratio
2597 2784 2793 2841 virium

617 2882 917 2957 cujusque,
933 2889 989 2937 et
1006 2888 1204 2945 status,
1223 2887 1278 2935 et
1303 2879 1618 2937 divitiarum
1639 2898 1655 2945 ;
1684 2898 1909 2952 aequum
1926 2881 2079 2937 enim
2102 2892 2189 2937 est
2206 2890 2270 2937 ut
2288 2900 2391 2957 pro
2412 2880 2794 2957 adjunctorum

615 2980 882 3036 varietate
935 2976 1140 3037 modus
1191 2978 1374 3036 victus
1424 2980 1687 3037 varietur.
1772 2979 1941 3045 Quod
1994 2981 2047 3038 si
2096 2980 2225 3053 quis
2277 2979 2518 3047 deficiat,
2574 2980 2792 3055 parcius

614 3087 782 3136 utens
796 3080 970 3135 rebus
998 3076 1264 3151 advitam
1294 3080 1649 3145 necessariiS‚
1674 3078 1993 3155 arguendus
2018 3080 2140 3145 erit,
2171 3079 2390 3150 quoties
2418 3077 2643 3135 divitias
2670 3097 2793 3136 con-

617 3176 877 3235 servandi
904 3176 1090 3235 studio
1119 3177 1319 3252 agitur,
1348 3179 1440 3235 vel
1480 3178 1591 3236 alia
1628 3177 1959 3253 hujusmodi
1999 3179 2253 3235 ratione:
2299 3195 2464 3235 secus
2503 3178 2555 3235 si
2594 3196 2793 3253 eorpus

616 3275 822 3334 rebelle
851 3275 1070 3334 studeat
1093 3275 1344 3343 domare,
1375 3277 1465 3335 vel
1503 3278 1579 3335 ob
1610 3277 1806 3353 culpas
1834 3278 1955 3353 jam
1993 3276 2269 3334 admissas
2298 3278 2579 3353 plectere3
2625 3296 2793 3349 quum

615 3376 793 3433 virtus
834 3384 1060 3451 praestet
1101 3376 1335 3443 viribus„
1363 3387 1421 3433 et
1443 3374 1653 3434 luenda
1686 3376 1801 3433 sint
1834 3375 2055 3433 delicta.
2144 3384 2183 3410 ‘⁴
2207 3376 2559 3433 Poenitentes
2601 3375 2673 3433 ad
2714 3394 2794 3433 re·

617 3473 998 3552 cuperandam
1017 3475 1218 3533 animae
1239 3474 1499 3542 salutem,
1529 3476 1866 3532 abstinentia
1892 3474 2329 3543 delectabilium,
2361 3474 2526 3547 quasi
2555 3474 2795 3548 quadam

616 3574 766 3633 dieta
802 3586 1066 3633 utuntur:
1111 3581 1169 3631 et
1207 3573 1476 3632 homines
1502 3574 1757 3632 volentes
1799 3573 2265 3651 contemplationi
2304 3583 2361 3631 et
2398 3574 2567 3630 rebus
2595 3573 2797 3631 divinis

615 3696 837 3744 vacare,
866 3684 1086 3758 oportet
1125 3673 1280 3746 quod
1317 3692 1380 3731 se
1420 3675 1603 3748 magis
1633 3692 1664 3729 a
1684 3673 2006 3730 'carnalibus
2048 3671 2343 3731 desideriis
2380 3666 2797 3730 abstrahant.”³

617 3774 679 3831 N
683 3792 748 3830 ee
775 3784 962 3832 tamen
991 3783 1215 3851 oportet
1233 3772 1375 3831 adeo
1401 3773 1461 3831 in
1485 3791 1548 3829 se
1577 3772 1797 3839 saevire,
1838 3780 1901 3828 ut
1938 3772 2257 3830 necessaria
2283 3772 2353 3828 ad
2381 3772 2554 3829 vitam
2584 3782 2799 3829 susten·

615 3871 841 3929 tandam
885 3874 1300 3939 subtrahantur,
1342 3874 1432 3931 vel
1471 3872 1903 3931 delectationem
1932 3872 2181 3928 ciborum
2221 3871 2397 3927 veluti
2422 3872 2479 3927 in
2508 3889 2570 3927 se
2598 3872 2800 3929 malam

619 3971 837 4047 fugere,
869 3989 1044 4042 quum
1071 3990 1104 4027 a
1129 3968 1258 4027 Deo
1286 3971 1572 4044 sapienter
1598 3972 1667 4030 iis
1695 3970 1871 4028 indita
1898 3971 1989 4038 sit,
2019 3980 2081 4027 ut
2104 3968 2370 4027 homines
2398 3970 2483 4026 sic
2530 3970 2597 4027 ad
2628 3970 2796 4027 vitam

619 4068 1043 4137 sustentandam
1071 4068 1448 4126 allicerentur.
1519 4077 1556 4103 ‘⁶
1578 4071 1643 4127 Si
1672 4072 1824 4143 quis,
1853 4089 2009 4147 erg0,
2038 4070 2098 4127 in
2126 4078 2345 4126 tantum
2372 4068 2800 4126 delectationem

617 4168 919 4245 refugeret,
949 4167 1102 4260 guod
1128 4167 1577 4244 praetermitteret
1597 4186 1663 4224 ea
1698 4186 1823 4241 quae
1864 4179 1996 4225 sunt
2033 4168 2357 4227 necessaria
2396 4166 2465 4223 ad
2507 4184 2802 4225 conserva-

691 4327 773 4392 (1)
813 4322 872 4376 L,
897 4324 1086 4374 lxxxiii.
1113 4340 1193 4387 qu.
1215 4322 1353 4371 xxxi.
1812 4326 1897 4391 (2)
1936 4322 1995 4371 L.
2018 4324 2079 4373 de
2102 4322 2317 4373 moribus
2340 4324 2476 4374 Eccl.
2501 4341 2546 4373 c.
2568 4324 2670 4373 xxi.

1122 4412 1205 4477 (3)
1247 4408 1299 4457 S.
1317 4408 1496 4458 Thom.
1525 4412 1574 4457 2.
1596 4412 1645 4458 2.
1669 4426 1749 4473 qu.
1772 4407 1902 4459 cxlii.
1930 4416 2015 4458 art.
2044 4412 2087 4457 l.
2157 4408 2307 4475 Κεφ.
