3117 5217
994 568 1109 627 DE
1151 567 1381 627 FIDEI
1424 568 2053 628 NECESSITATE.
2509 572 2630 629 279

434 718 560 789 aliis
588 734 904 810 propalare,
932 735 1021 793 vel
1050 734 1120 792 ad
1144 734 1576 793 instructionem
1603 735 1842 793 aliorum
1869 734 2146 802 fidelium,
2174 738 2298 794 sive
2329 735 2627 793 confirma-

431 830 665 899 tionem,
696 834 785 889 vel
814 833 884 891 ad
908 834 1331 911 reprimendum
1364 833 1682 892 infidelium
1708 829 2229 893 insultationem.”²

513 933 611 986 34.
653 931 865 989 Audire
892 932 1287 992 haereticorum
1316 933 1647 1001 conciones,
1683 932 1963 992 deducere
2001 932 2195 1000 funuS,
2223 930 2442 989 adstare
2481 952 2628 1009 nup-

434 1025 526 1083 tiis
556 1028 625 1085 ab
654 1030 722 1087 iis
751 1032 1069 1101 celebratis,
1098 1052 1217 1091 non
1242 1032 1481 1089 habetur
1508 1034 1736 1108 signum
1765 1032 2138 1109 professionis
2180 1030 2334 1098 fidei,
2369 1033 2628 1103 quamvis

432 1125 501 1180 ab
547 1127 616 1184 iis
666 1130 1060 1189 abstinendum
1106 1133 1200 1189 sit.
1287 1130 1579 1203 Equidem
1626 1130 1818 1189 audire
1863 1150 2061 1189 eorum
2113 1130 2422 1189 conciones
2473 1131 2628 1189 haud

434 1234 597 1283 vacat
636 1229 908 1301 pericu10,
939 1230 1228 1305 plerisque
1268 1230 1481 1306 ignaris
1522 1238 1618 1286 aut
1653 1215 1896 1287 infirmis
1937 1248 2264 1306 praeconum
2309 1228 2626 1287 facundiam

432 1340 551 1397 prae
590 1323 861 1384 doctrinae
915 1329 1231 1405 integri-tate
1278 1328 1704 1386 aestimantibus.
1791 1328 2074 1387 Praeterea
2125 1329 2282 1387 favor
2335 1339 2631 1404 praestatur

433 1419 659 1489 haeresi,
712 1444 845 1483 cum
890 1426 1229 1503 pusillorum
1276 1426 1599 1485 offensione
1651 1436 1707 1485 et
1756 1427 2106 1486 discrimine.
2193 1427 2390 1485 Vetuit
2440 1437 2629 1486 autem

438 1519 654 1579 Paulus
684 1523 759 1581 V.
788 1511 992 1601 Anglis
1019 1544 1091 1583 ne
1118 1525 1230 1602 legi
1258 1524 1317 1582 id
1356 1525 1706 1602 praecipienti
1747 1527 2224 1603 obtemperarent.
2309 1524 2506 1583 Funus
2534 1525 2629 1584 de-

436 1616 645 1677 ducere
674 1640 776 1698 per
800 1625 959 1681 vicos
986 1623 1055 1681 ad
1084 1624 1492 1691 coemeterium,
1522 1643 1701 1697 quum
1727 1624 1886 1683 nullo
1911 1626 2020 1683 ritu
2047 1625 2317 1701 religioso
2345 1623 2498 1701 apud
2525 1643 2623 1684 eos

434 1716 551 1784 fiat,
581 1730 845 1780 censetur
870 1723 1036 1781 civile
1066 1725 1435 1796 obsequium:
1480 1743 1589 1781 nec
1628 1735 1816 1782 tamen
1853 1723 2015 1781 decet
2040 1725 2318 1801 templum
2345 1732 2512 1780 sectae
2539 1724 2626 1781 in-

434 1815 615 1891 gredi,
640 1828 696 1875 et
720 1822 965 1896 praeconi
993 1834 1257 1899 praestare
1286 1823 1577 1891 auditum3
1616 1823 1878 1895 quamvis
1906 1824 1982 1880 ita
2008 1823 2148 1881 ferat
2173 1842 2298 1880 mos
2325 1822 2386 1880 in
2413 1821 2520 1878 hac
2545 1841 2630 1879 re-

436 1914 627 1989 gione.
682 1918 923 1979 Adstare
950 1922 1275 1999 nuptiarum
1297 1922 1660 1981 celebrationi
1681 1921 1986 1980 aestimatur
2005 1923 2340 1999 plerumque
2367 1920 2630 1994 obsequii

436 2030 571 2090 erga
598 2035 841 2092 sponsos
870 2020 1167 2088 indicium,
1196 2022 1332 2094 quin
1360 2021 1499 2078 ritus
1527 2020 1780 2079 haeretici
1805 2022 2130 2096 probentur.
2216 2019 2505 2077 Caeterum
2530 2020 2632 2077 ubi

434 2113 745 2175 catholicus
764 2120 837 2175 ita
863 2121 1089 2195 nuptias
1116 2121 1221 2178 init
1246 2138 1435 2177 coram
1457 2132 1624 2177 sectae
1648 2120 1927 2188 ministro,
1950 2121 2155 2196 spretis
2183 2119 2466 2177 Ecclesiae
2492 2118 2628 2195 legi·

432 2210 557 2280 bue,
586 2234 702 2273 non
732 2217 895 2274 decet
918 2219 1227 2278 catholicos
1255 2220 1570 2296 praesertim
1598 2227 1880 2295 parentes,
1903 2228 1960 2276 et
1984 2218 2260 2295 sanguine
2286 2217 2467 2293 magis
2492 2236 2630 2274 con-

428 2310 679 2384 junctos,
718 2334 819 2372 sua
859 2320 1157 2393 praesentia
1184 2318 1361 2375 videri
1404 2317 1461 2375 id
1498 2320 1776 2394 probare:
1816 2318 2078 2375 excusari
2106 2327 2294 2375 tamen
2321 2316 2628 2389 aliquando

439 2416 683 2482 possunt
719 2431 863 2485 quos
896 2416 1083 2491 gravis
1123 2417 1313 2489 aliqua
1350 2417 1489 2474 ratio
1531 2418 1687 2493 cogit
1721 2426 1785 2475 ut
1821 2426 2132 2493 praesentes
2158 2416 2304 2474 sint:
2347 2434 2418 2473 vt
2457 2434 2529 2492 g:
2560 2433 2632 2473 ne

438 2506 736 2567 videantur
758 2513 1159 2572 contumeliam
1200 2515 1406 2573 inferre
1446 2516 1697 2589 sponsiS.
1782 2514 1906 2592 Ipsi
1933 2516 2030 2586 qui
2071 2516 2146 2572 ita
2184 2515 2382 2572 ineunt
2405 2513 2633 2590 nuptias

440 2624 555 2665 non
583 2619 827 2685 possunt
850 2613 1130 2681 excusari,
1160 2632 1335 2686 quum
1364 2613 1591 2670 faveant
1614 2612 1758 2671 falso
1785 2612 2125 2680 ministerio,
2153 2612 2312 2669 nulla
2345 2612 2475 2689 lege
2515 2611 2635 2670 exi-

440 2718 608 2781 gente
635 2720 697 2765 ut
720 2710 793 2766 ita
824 2711 1246 2769 matrimonium
1274 2712 1654 2769 contrahatur.
1741 2713 1856 2771 Ubi
1881 2711 1976 2767 lex
2007 2713 2082 2769 ita
2107 2709 2253 2777 tulit,
2281 2710 2364 2767 uti
2397 2711 2535 2768 olim
2573 2709 2636 2767 in

439 2804 670 2881 Anglia‚
717 2810 1010 2868 excusatio
1054 2811 1111 2868 in
1159 2811 1287 2887 lege
1334 2811 1661 2878 habebatur,
1703 2812 1796 2869 cui
1836 2812 2292 2891 obtemperantes
2346 2807 2636 2866 Catholici

442 2905 675 2961 nonnisi
700 2917 889 2965 actum
930 2909 1157 2967 civilem
1198 2928 1389 2967 coram
1432 2927 1715 2984 praecone,
1759 2919 2046 2980 tamquam
2075 2906 2400 2982 magistratu
2421 2927 2470 2963 -a
2505 2907 2634 2984 lege

442 2998 756 3081 designato,
780 3007 1051 3082 perficere
1072 3009 1469 3074 censebantur,
1492 3008 1575 3064 uti
1603 3018 1794 3065 monet
1813 3006 2160 3091 Benedictus
2180 3005 2349 3063 XIV.
2432 3006 2500 3064 In
2528 3005 2636 3063 hac

444 3107 634 3159 autem
673 3105 926 3181 regione,
954 3106 1013 3163 in
1054 3126 1166 3179 qua
1195 3106 1558 3165 matrimonia
1589 3123 1780 3164 coram
1821 3102 2111 3164 sacerdote
2151 3105 2244 3162 vel
2284 3106 2634 3182 magistratu,

440 3201 531 3260 vel
559 3220 822 3278 praecone
850 3205 1040 3277 aliquo
1066 3206 1345 3264 celebrata
1371 3214 1774 3283 agnoscuntur,
1805 3204 1957 3263 nulla
1985 3206 2120 3262 satis
2149 3204 2334 3280 gravis
2361 3205 2504 3262 ratio
2532 3222 2632 3280 po·

438 3308 549 3381 test
573 3302 799 3372 adduci,
820 3323 923 3362 cur
948 3324 1136 3362 coram
1166 3324 1424 3382 praecone
1453 3316 1622 3362 sectae
1651 3305 1886 3381 alicujus
1917 3325 1949 3361 a
1971 3304 2288 3361 Catholicis
2334 3304 2628 3361 ineantur:

440 3412 782 3478 quapropter
818 3404 879 3463 in
920 3404 1165 3481 Synodo
1206 3404 1703 3479 Philadelphiensi
1741 3404 1821 3462 II.
1873 3404 1980 3460 sub
2019 3402 2629 3461 excommunicationis

441 3514 615 3571 poena
648 3504 883 3560 vetitum
910 3513 1015 3560 est.
1100 3504 1237 3561 Mos
1267 3503 1469 3579 puellae
1505 3502 1865 3573 relinquendi
1905 3502 2194 3558 arbitrium
2237 3500 2480 3581 ministri
2506 3499 2637 3556 seli-

441 3598 616 3670 gendi
642 3602 743 3671 qui
771 3602 995 3677 nuptias
1034 3602 1297 3668 celebret,
1327 3620 1441 3658 non
1470 3608 1660 3676 potest
1696 3618 1825 3657 cum
1864 3600 2011 3675 legis
2039 3599 2437 3655 ecclesiasticas
2466 3606 2524 3654 et
2547 3615 2634 3653 sa-

444 3699 716 3755 cramenti
743 3700 949 3775 injuria
968 3698 1206 3757 admitti.
1264 3698 1680 3756 Haereticorum
1709 3697 1950 3754 infantes
1979 3715 2094 3754 non
2121 3696 2330 3753 debent
2356 3694 2642 3753 Catholici

443 3790 506 3849 in
532 3795 817 3871 baptismo
844 3816 875 3853 a
902 3816 1168 3873 praecone
1194 3797 1397 3855 collato
1424 3798 1739 3873 suscipere,
1768 3796 1842 3853 ob
1881 3795 2120 3853 eandem
2150 3814 2401 3852 causam.
2486 3794 2639 3853 Prae-

444 3902 599 3951 terea
624 3906 926 3953 censentur
951 3895 1210 3972 polliceri
1236 3915 1298 3953 se
1326 3914 1427 3953 eos
1468 3896 1527 3953 in
1556 3895 1760 3951 haeresi
1787 3894 2158 3952 educaturos:
2203 3893 2303 3951 sed
2344 3912 2449 3951 nec
2475 3893 2640 3952 decet

440 3989 659 4050 adstare
706 3994 869 4077 dumj
894 3995 1269 4073 baptizantur,
1325 3995 1435 4053 nisi
1480 3994 1535 4051 id
1585 3995 1778 4071 exigat
1823 3994 2084 4061 amicitia,
2124 3994 2218 4051 vel
2268 3993 2625 4065 obsequium.

443 4088 598 4149 Cum
626 4091 907 4151 haereticis
933 4096 1241 4160 orantibus,
1270 4095 1395 4150 sive
1430 4093 1678 4169 publice.
1707 4094 1830 4151 sive
1872 4093 2153 4169 privatim,
2183 4110 2366 4169 genua
2404 4092 2633 4149 flectere

442 4214 561 4254 non
602 4192 824 4249 videtur
867 4210 997 4279 esse
1037 4192 1173 4250 fidei
1212 4193 1459 4269 negatio,
1502 4193 1840 4269 intelligitur
1890 4192 2042 4250 enim
2096 4192 2217 4249 fieri
2271 4190 2637 4249 humanitatis

442 4310 637 4359 causa,
666 4299 724 4349 et
746 4300 811 4348 ut
836 4308 962 4350 mos
990 4292 1072 4349 eis
1100 4301 1357 4369 geratur:
1388 4299 1656 4349 caeterum
1677 4292 1914 4350 omnino
1940 4290 2348 4368 improbandus
2375 4300 2463 4347 est
2491 4308 2618 4346 mos

1118 4493 1202 4560 (1)
1243 4494 1292 4540 2.
1314 4494 1461 4555 2.qu.
1483 4491 1551 4541 iii.
1575 4498 1659 4541 an.
1681 4491 1731 4542 ii.
1755 4492 1814 4541 ad
1837 4496 1884 4543 2.
