3117 5217
438 569 549 623 148
852 561 967 624 DE
1010 554 1680 621 CONTRACTI'BUS
1723 556 2198 618 GRATIOSIS.

439 737 477 764 ‘⁶
494 729 793 800 requiritur
838 727 996 800 quod
1032 727 1229 785 omnia
1275 727 1571 784 immutata
1614 735 2021 801 permaneantz
2065 725 2326 797 alioquin
2370 741 2478 780 nec
2519 723 2627 782 suit

436 826 686 884 mendax
711 827 769 884 in
798 824 1212 902 promittendo:
1258 826 1393 897 quia
1419 824 1680 900 promisit
1703 821 1857 896 quod
1897 823 2138 880 habebat
2163 824 2225 881 in
2251 830 2463 889 mente,
2493 823 2622 880 sub-

438 924 739 984 intellectis
766 923 971 987 debitis
999 923 1439 982 conditionibus.
1494 922 1626 980 Nec
1651 923 1821 980 etiam
1849 931 1937 979 est
1961 921 2206 980 infidelis
2233 939 2348 978 non
2376 920 2621 996 implen-

440 1023 515 1080 do
554 1022 709 1095 quod
749 1023 1051 1100 promisit:
1098 1023 1235 1094 quia
1274 1022 1492 1080 eaedem
1516 1019 1872 1079 conditiones
1899 1039 2016 1079 non
2055 1029 2266 1078 extant.
2353 1019 2526 1077 Unde
2567 1029 2626 1076 et

440 1122 754 1198 Apostolus
782 1140 897 1179 non
922 1130 1013 1179 est
1036 1122 1325 1188 mentituS‚
1354 1122 1456 1193 qui
1481 1139 1598 1178 non
1633 1120 1738 1176 ivit
1763 1117 2128 1186 Corinthum,
2172 1137 2287 1190 quo
2313 1135 2377 1174 se
2415 1119 2628 1174 iturum

438 1237 567 1278 esse
606 1222 977 1296 promiserat:
1022 1229 1085 1277 ut
1108 1218 1313 1276 dicitur
1336 1220 1417 1278 11.
1448 1217 1519 1276 ad
1548 1217 1815 1276 Corinth.
1849 1222 1904 1274 l.
1987 1216 2070 1276 Et
2105 1217 2218 1276 hoe
2245 1224 2481 1292 propter
2521 1216 2626 1272 im-

442 1317 767 1395 pedimenta
794 1337 919 1391 quae
946 1311 1496 1394 supervenerunt.’'¹

520 1415 629 1476 24.
664 1417 933 1476 Donatio
959 1417 1241 1496 gratuita
1278 1418 1487 1476 dicitur
1510 1415 1592 1472 rei
1632 1425 1730 1472 aut
1757 1415 1908 1492 juris
1945 1414 2184 1489 alicujus
2224 1413 2471 1488 gratuita
2501 1429 2631 1466 con-

444 1517 648 1575 cessio.
736 1515 923 1574 Debet
970 1536 1097 1576 esse
1144 1515 1469 1583 deliberata,
1522 1523 1857 1590 spontanea,
1907 1521 1966 1569 et
2013 1521 2319 1587 acceptata.
2405 1509 2632 1567 Dicitur

442 1613 623 1672 realis
652 1614 879 1687 quando
906 1635 997 1674 res
1024 1617 1151 1692 ipsa
1170 1614 1433 1682 traditur3
1464 1623 1636 1690 prout
1652 1613 1834 1688 exigit
1848 1612 1946 1687 jus
1969 1609 2276 1686 Anglicum
2295 1603 2344 1666 ι’
2369 1605 2630 1665 verbalis

446 1713 674 1782 quando
700 1731 789 1770 res
817 1723 1014 1789 postea
1040 1712 1309 1772 tradenda
1334 1714 1489 1772 dono
1514 1712 1695 1770 datur.
1779 1710 1877 1768 Ex
1905 1709 2003 1768 illa
2019 1709 2116 1785 jus
2143 1710 2203 1766 in
2229 1726 2290 1764 re
2317 1707 2532 1764 oritur:
2563 1721 2637 1760 ex

450 1808 557 1866 hac
574 1812 673 1886 jus
702 1811 771 1868 ad
796 1829 940 1870 rem.
996 1814 1145 1870 Pure
1172 1813 1421 1869 liberalis
1447 1821 1555 1886 est,
1583 1810 1633 1865 si
1661 1809 1882 1866 donans
1909 1807 2068 1864 nullo
2095 1823 2327 1884 prorsus
2351 1805 2536 1870 titulo,
2559 1819 2632 1860 ne

448 1909 799 1982 gratitudinis
822 1909 1072 1980 quidem,
1093 1909 1299 1984 ligatus
1316 1909 1514 1967 fuerit:
1543 1906 2020 1964 remunerationis
2043 1905 2174 1964 loco
2199 1913 2306 1970 est,
2328 1904 2377 1961 si
2407 1905 2550 1960 alter
2568 1900 2638 1956 de

446 2003 689 2062 donante
717 2007 859 2063 bene
886 2009 959 2064 sit
982 2008 1237 2067 meritus.
1322 2007 1572 2066 Donatio
1597 2007 1740 2063 inter
1758 2006 1920 2064 vivos
1939 2014 2190 2071 vocatur,
2209 2000 2435 2076 quando
2463 2003 2634 2058 etiam

450 2100 719 2160 donatore
746 2105 989 2171 vivente,
1016 2123 1107 2164 res
1134 2105 1411 2164 donatarii
1436 2106 1532 2163 fit:
1563 2104 1794 2162 donatio
1811 2103 2030 2162 mortis
2051 2119 2238 2161 causa
2255 2101 2486 2159 nonnisi
2509 2110 2642 2175 post

450 2199 738 2258 donatoris
763 2213 1003 2261 mortem
1032 2223 1154 2261 rem
1180 2203 1251 2262 ad
1278 2205 1510 2261 alterum
1540 2202 1821 2260 transfert.
1905 2202 2077 2258 Vetat
2092 2202 2191 2278 jus
2211 2199 2376 2258 civile
2403 2217 2474 2256 ne
2502 2216 2638 2255 con-

443 2298 615 2373 juges
640 2299 973 2358 donationes
1000 2304 1267 2378 gratuitas
1294 2303 1403 2359 sibi
1430 2302 1678 2359 invicem
1715 2300 1940 2367 saciant,
1970 2317 2148 2372 quum
2187 2299 2273 2356 sic
2310 2297 2475 2354 facile
2515 2296 2636 2352 suis

452 2413 516 2451 se
542 2397 855 2472 spoliarent
880 2400 1045 2458 bonis
1073 2419 1203 2458 cum
1231 2400 1477 2458 filiorum
1507 2399 1738 2466 damno,
1766 2397 1858 2456 vel
1883 2399 2024 2456 alias
2049 2398 2230 2456 nimio
2257 2395 2461 2453 affectu
2492 2395 2644 2451 bona

453 2502 666 2551 temere
712 2497 1106 2556 transferrent:
1154 2500 1450 2556 firmantur
1490 2509 1682 2556 tamen
1717 2499 2044 2574 juramento
2090 2493 2428 2574 hujusmodi
2469 2493 2642 2550 dona-

454 2592 659 2660 tiones,
688 2595 780 2651 vel
806 2595 1095 2655 donatoris
1120 2608 1325 2664 morte,
1352 2596 1666 2656 dummodo
1691 2615 1808 2654 non
1833 2596 2058 2656 obstent
2081 2595 2332 2653 filiorum
2372 2591 2643 2668 portioni-

452 2683 609 2746 bus.³
690 2693 863 2768 Apud
888 2713 995 2753 nos
1019 2696 1147 2754 fieri
1172 2677 1415 2768 possunt
1440 2705 1826 2755 contractuum
1854 2697 2031 2752 instar
2055 2694 2226 2751 certis
2253 2689 2516 2750 adhibitis
2549 2708 2643 2747 so-

454 2786 858 2858 lemnitatibus,
894 2799 951 2848 et
988 2791 1163 2848 salvis
1202 2789 1545 2847 creditorum
1588 2789 1840 2864 priorum
1859 2787 2109 2864 juribus.
2194 2785 2296 2847 Sic
2334 2789 2422 2844 vir
2460 2797 2646 2862 potest

458 2884 736 2956 aliquibus
784 2888 999 2944 tradere
1042 2906 1147 2945 sua
1173 2889 1325 2944 bona
1360 2888 1419 2944 in
1451 2886 1650 2945 uxoris
1683 2905 1875 2953 usum,
1911 2903 2134 2958 tequam
2171 2887 2246 2944 ob
2281 2904 2544 2953 causam3
2587 2897 2646 2943 et

457 2982 663 3040 mulier
688 2985 738 3040 si
766 3003 1026 3043 seorsum
1052 2986 1391 3062 interrogata
1416 3005 1481 3044 se
1504 2987 1683 3044 libere
1709 3003 1878 3060 agere
1905 2984 2166 3053 declaret,
2189 2994 2378 3060 potest
2393 2986 2516 3042 viro
2541 3003 2648 3042 sua

458 3079 607 3135 bona
631 3079 895 3139 donare.⁴
960 3084 1209 3142 Donatio
1237 3085 1411 3159 patris
1436 3087 1498 3142 in
1523 3083 1704 3140 filium
1733 3083 1985 3141 nondum
2013 3084 2429 3160 emancipatum
2459 3091 2646 3158 potest

460 3175 533 3234 ad
572 3178 861 3237 arbitrium
901 3183 1074 3257 patris
1116 3184 1369 3239 revocari
1391 3179 1440 3238 :⁵
1468 3181 1584 3240 nisi
1625 3181 1794 3239 fuerit
1813 3183 2142 3258 juramento
2179 3183 2418 3240 firmata.
2504 3182 2642 3238 Vim

460 3275 631 3330 etiam
656 3277 875 3334 obtinet
896 3288 1053 3354 patre
1080 3279 1374 3337 moriente.
1460 3281 1710 3347 Tutores
1737 3290 1794 3336 et
1831 3289 2114 3338 curatores
2143 3278 2176 3336 a
2201 3281 2434 3357 pupillis
2473 3278 2644 3336 dona·

460 3372 643 3430 tiones
689 3377 945 3452 accipere
980 3386 1286 3449 nequeunt.
1372 3378 1622 3436 Donatio
1657 3379 1914 3436 omnium
1957 3379 2237 3438 bonorum
2279 3379 2642 3455 praesentium

462 3481 520 3528 et
545 3470 856 3532 futurorum
884 3496 916 3534 a
932 3476 1063 3553 jure
1090 3476 1243 3534 civili
1268 3468 1651 3553 reprobatur.⁶

538 3717 621 3780 (1)
661 3719 708 3762 2.
732 3719 780 3762 2.
802 3732 883 3780 qu.
908 3731 984 3765 cx.
1007 3723 1093 3766 art.
1116 3716 1183 3766 iii.
1217 3715 1288 3767 ad
1306 3717 1565 3782 quintum.

538 3802 623 3863 (2)
663 3801 815 3848 “The
842 3803 1083 3866 necessity
1105 3803 1163 3851 of
1187 3803 1397 3873 delivery
1419 3802 1509 3851 has
1539 3801 1666 3850 been
1697 3799 1994 3850 maintained
2029 3801 2083 3849 in
2117 3815 2260 3862 every
2283 3799 2447 3862 period
2481 3799 2538 3847 of
2564 3798 2645 3846 the

466 3883 678 3944 English
697 3885 839 3933 law.”
908 3886 1083 3937 Kent's
1113 3887 1308 3938 C'omm.
1330 3889 1423 3936 vol.
1446 3888 1495 3936 ii.
1516 3894 1626 3951 part
1645 3903 1691 3933 v.
1713 3887 1800 3934 lec.
1823 3885 2027 3934 xxxviii.
2055 3887 2098 3931 1.
2169 3892 2200 3917 “
2216 3885 2267 3933 If
2289 3884 2372 3933 the
2405 3885 2545 3945 thing
2577 3885 2637 3931 be

466 3973 555 4015 not
584 3968 781 4029 capable
813 3968 870 4016 of
894 3971 1053 4020 actual
1085 3971 1309 4034 delivery,
1342 3972 1475 4020 there
1506 3978 1642 4020 must
1670 3972 1730 4018 be
1763 3985 1898 4018 some
1937 3976 2016 4018 act
2035 3968 2311 4032 equivalent
2331 3975 2384 4017 to
2407 3969 2457 4017 it.
2527 3968 2639 4017 The

468 4051 622 4099 donor
643 4059 775 4100 must
794 4061 915 4115 part,
937 4061 1025 4103 not
1063 4056 1178 4117 only
1200 4056 1321 4104 with
1352 4056 1437 4106 the
1468 4055 1760 4120 posseaeiom
1797 4056 1886 4105 but
1922 4053 2044 4104 with
2076 4055 2160 4104 the
2197 4053 2450 4103 dominion
2489 4053 2546 4101 of
2571 4053 2649 4101 his

472 4135 743 4199 property.''
812 4136 1010 4196 Ibidem,
1032 4153 1083 4186 n.
1105 4140 1221 4187 439.

538 4221 623 4284 (3)
659 4217 719 4266 L.
740 4235 855 4268 cum
880 4218 961 4270 laic
982 4226 1143 4272 statu-s
1164 4221 1214 4271 ff.
1238 4222 1407 4274 dwzat.
1428 4223 1565 4274 inter
1584 4223 1678 4274 vir.
1703 4227 1751 4273 et
1771 4238 1918 4275 uxor.
1941 4221 2000 4272 L.
2023 4222 2074 4271 ii.
2095 4222 2146 4271 ff.
2169 4221 2228 4272 de
2249 4219 2392 4286 iuqff.
2413 4218 2584 4270 donat.

542 4303 639 4370 (4)‘
667 4303 843 4356 Kent's
871 4303 1066 4355 Comm.
1087 4307 1181 4355 vol.
1202 4306 1252 4354 ii.
1274 4314 1381 4370 part
1400 4308 1463 4357 iv·
1486 4308 1574 4356 lec.
1595 4307 1766 4357 xxviii.
1789 4323 1840 4356 n.
1870 4309 1982 4366 166,
2005 4308 2117 4354 167.

542 4392 626 4456 (5)
666 4388 725 4438 L.
748 4389 779 4438 i.
803 4390 907 4438 cod.
930 4387 989 4440 de
1012 4389 1153 4455 inoff.
1176 4390 1343 4442 donat.

538 4476 622 4542 (6)
662 4471 935 4542 stipulatio
957 4474 1008 4523 ff.
1030 4472 1117 4526 hoc
1139 4473 1281 4526 modo
1298 4499 1319 4534 ,·
1356 4474 1418 4523 de
1440 4474 1568 4526 verb.
1585 4475 1734 4541 oblig.
