3117 5217
788 553 900 615 DE
944 552 1207 614 MODIS
1248 551 1782 620 ACQUIRENDI
1824 552 2292 614 DOMINIUM.
2553 558 2632 612 75

458 719 702 793 pecunia
727 715 855 776 data
894 720 962 775 ab
1000 738 1072 776 eo
1099 721 1197 792 qui
1230 721 1503 796 majorem
1546 719 1756 795 accipit
1783 720 2117 794 portionem.
2201 719 2268 777 Si
2309 737 2420 776 aere
2445 719 2634 776 alieno

458 828 717 890 gravetur
758 817 1075 883 haereditas,
1115 818 1204 874 vel
1239 819 1429 890 aliqua
1464 820 1590 895 eJus
1624 836 1778 894 parS,
1821 819 1976 874 curia
2015 818 2148 877 facit
2183 826 2246 876 ut
2283 800 2336 874 ei
2375 817 2630 884 satisfiat,

459 917 597 985 quin
624 915 831 988 aliquis
861 935 973 991 prae
1002 916 1147 974 aliiis
1173 915 1487 974 haeredibus
1515 927 1796 974 oneretur.
1852 915 2009 974 Dum
2037 917 2260 992 partitio
2285 915 2350 972 fit
2373 933 2447 972 ex
2463 915 2630 972 curiae

454 1014 799 1081 auctoritate,
842 1013 1165 1072 vadimonia
1202 1017 1507 1091 exiguntur
1548 1035 1582 1072 a
1625 1013 1868 1090 singulis
1913 1015 2116 1086 quibus
2159 1013 2390 1072 traditur
2441 1014 2632 1086 aliqua

456 1111 793 1170 haereditatis
822 1133 975 1188 pars,
1005 1123 1067 1170 ut
1090 1115 1142 1170 si
1169 1114 1461 1190 contingat
1497 1113 1686 1170 debita
1723 1111 1974 1170 defuncti
2014 1123 2212 1188 postea
2252 1113 2628 1178 innotescere,

452 1210 561 1284 ipsi
590 1229 692 1285 pro
722 1223 839 1268 rata
866 1221 1023 1288 parte
1050 1231 1119 1268 ea
1144 1206 1415 1270 solvant.¹

530 1312 629 1364 86.
672 1309 709 1365 J
712 1328 811 1366 ure
841 1311 1107 1368 Romano
1129 1309 1517 1369 haereditatem
1557 1309 1768 1366 adiisse
1795 1309 2130 1366 censebatur
2155 1307 2254 1381 qui
2278 1327 2404 1366 eam
2433 1323 2632 1384 accep·

453 1415 689 1474 taverat,
719 1416 776 1464 et
801 1409 1051 1480 aliquem
1080 1417 1263 1466 actum
1293 1408 1531 1466 dominii
1569 1408 1628 1466 in
1657 1425 1783 1466 eam
1812 1417 2161 1466 exercuerat.
2244 1405 2394 1465 Illud
2417 1405 2630 1464 haeredi

454 1505 743 1580 privilegii
768 1505 899 1565 loco
923 1523 1265 1565 'eoncessum
1296 1517 1403 1574 est,
1431 1517 1491 1564 ut
1516 1509 1568 1564 si
1596 1507 1874 1565 bonorum
1899 1505 2278 1565 inventarium
2303 1505 2629 1574 confecerit,

454 1603 599 1659 ultra
624 1603 965 1684 haereditatis
991 1607 1139 1664 vires
1168 1625 1282 1662 non
1310 1616 1594 1664 teneretur
1621 1604 1690 1663 ad
1730 1603 1919 1663 debita
1955 1618 2014 1664 et
2039 1622 2212 1663 onera
2236 1601 2486 1663 defuncti
2511 1621 2636 1680 per-

450 1695 794 1759 solvenda:²
832 1704 984 1775 quod
1026 1707 1097 1771 si,
1139 1723 1206 1760 ea
1245 1707 1459 1762 omissa
1497 1705 1737 1771 cautela,
1779 1703 1979 1763 adierit
2021 1701 2430 1768 haereditatem,
2459 1702 2530 1760 ad
2570 1719 2638 1758 ea

449 1802 669 1877 integra
695 1802 1407 1878 persolvenda-tenebatur,
1437 1804 1571 1860 licet
1591 1821 1660 1860 ea
1685 1801 1836 1861 haud
1863 1801 2170 1861 sufficeret.
2256 1811 2295 1839 ‘⁶
2317 1800 2636 1859 Haereditas

454 1901 591 1971 quin
631 1901 845 1976 obliget
889 1921 993 1960 nos
1036 1903 1133 1959 aeri
1179 1903 1388 1969 aliene,
1418 1903 1643 1959 etiamsi
1683 1919 1802 1958 non
1845 1901 1922 1957 sit
1948 1899 2248 1965 solvendo,
2290 1900 2420 1977 plus
2461 1915 2634 1970 quam

450 1998 812 2058 manifestum
842 1993 1024 2058 est.”3
1078 2000 1145 2058 Id
1173 2012 1399 2060 cautum
1426 2009 1514 2057 est
1539 2019 1610 2058 ne
1637 1999 1928 2058 fraudibus
1957 1999 2101 2058 foret
2123 1999 2305 2056 locus:
2351 2015 2632 2073 quaprop-

454 2108 535 2155 ter
560 2101 966 2158 conscientiam
992 2099 1166 2176 ligare
1206 2119 1319 2158 non
1351 2098 1592 2168 videtur,
1621 2100 1718 2156 ubi
1744 2099 1896 2156 fraus
1937 2098 2118 2156 deest.
2202 2095 2376 2175 Apud
2403 2113 2509 2154 nos
2537 2093 2632 2152 ad·

449 2198 813 2256 ministratori
866 2199 1177 2276 injungitur
1222 2211 1283 2256 ut
1328 2200 1707 2280 inventarium
1752 2197 2035 2266 conficiat,
2064 2205 2122 2254 et
2171 2213 2345 2270 opera
2389 2194 2630 2252 aliorum

454 2304 638 2353 utatur
667 2294 738 2353 ad
765 2297 1095 2356 aestimanda
1114 2301 1309 2358 omnia
1330 2299 1475 2376 bona
1494 2297 1745 2356 defuncti
1766 2291 1815 2354 :⁴
1843 2295 1994 2369 quod
2016 2296 2184 2354 etiam
2207 2294 2630 2370 quamprimum

454 2393 623 2452 debet
644 2396 875 2470 publico
901 2405 1126 2472 regesto
1154 2397 1427 2464 inserere,
1457 2396 1711 2468 illudque
1731 2414 1848 2454 non
1875 2395 2082 2478 poterit
2101 2394 2384 2460 omittere,
2403 2392 2518 2450 nisi
2543 2391 2634 2448 sui

456 2502 515 2548 et
541 2492 745 2552 vadum
788 2513 1041 2562 suorum,
1071 2497 1275 2568 quibus
1316 2496 1493 2554 fidem
1530 2496 1890 2573 jubentibUS,
1920 2493 2062 2551 datae
2107 2503 2244 2550 sunt
2280 2492 2635 2550 administra·

460 2591 632 2648 tionis
658 2591 872 2661 litterae,
900 2594 1173 2670 periculo.
1259 2595 1399 2652 Non
1442 2579 1664 2651 tenetur
1703 2603 1892 2650 tamen
1931 2591 2003 2648 ad
2027 2591 2215 2649 debita
2240 2588 2634 2666 persolvenda,

453 2690 599 2747 ultra
624 2708 794 2762 quam
822 2691 1005 2752 ferant
1027 2693 1179 2751 bona
1218 2694 1325 2750 sibi
1366 2693 1695 2750 commissa.
1779 2690 1996 2766 Legata
2023 2688 2254 2746 nonnisi
2293 2696 2422 2763 post
2447 2686 2636 2744 debita

450 2787 725 2846 solvenda
750 2799 899 2848 sunt:
930 2791 1087 2886 qugd
1124 2793 1176 2850 si
1202 2790 1503 2850 haereditas
1532 2809 1651 2848 non
1676 2787 2018 2858 sufficiatiis
2045 2785 2359 2853 solvendis,
2387 2802 2492 2861 pro
2517 2794 2636 2842 rata

454 2897 607 2961 parte
635 2888 963 2948 satisfacere
990 2891 1195 2964 cuique
1222 2899 1462 2966 oportet.

532 2988 629 3043 87.
672 2985 931 3044 Intestati
968 2984 1134 3046 bona'
1158 3007 1329 3046 nemo
1370 3006 1650 3064 occupare
1691 2985 1857 3054 valet,
1899 2986 2012 3043 nisi
2048 2985 2248 3058 litteris
2277 3003 2310 3040 a
2339 2981 2519 3041 Curia
2545 2999 2632 3038 ac-

454 3085 655 3158 ceptis,
686 3102 811 3155 quae
841 3088 1105 3161 proximo
1130 3105 1203 3144 ex
1224 3087 1561 3164 propinquis
1583 3085 1835 3144 defuncti
1863 3083 2202 3160 plerumque
2222 3079 2630 3149 conceduntur,

454 3190 515 3236 ut
541 3200 609 3240 ea
629 3178 1036 3242 administret.⁶
1116 3186 1180 3243 Si
1207 3186 1475 3262 negligat,
1506 3187 1596 3244 vel
1636 3193 1879 3252 recuset,
1910 3184 2009 3256 qui
2048 3183 2368 3260 proximior
2393 3192 2482 3238 est
2505 3198 2635 3238 san-

454 3281 646 3354 guine,
674 3279 787 3338 hoc
812 3291 1002 3357 petere
1031 3303 1259 3351 munus,
1289 3284 1426 3342 alter
1464 3285 1737 3343 remotior
1774 3283 1982 3360 poterit
2015 3281 2178 3348 illud,
2201 3283 2370 3340 curiae
2399 3279 2636 3337 auctori-

452 3387 563 3434 tate
591 3381 1019 3450 interveniente,
1044 3400 1347 3441 exercere:
1394 3384 1485 3441 vel
1509 3385 1557 3442 si
1586 3401 1786 3441 omnes
1814 3381 2222 3458 consanguinei
2249 3379 2632 3456 neglexerint,

453 3477 719 3534 creditori
747 3480 936 3549 alicui,
976 3482 1065 3539 vel
1106 3480 1331 3557 publico
1372 3483 1603 3541 officiali
1643 3481 2007 3540 concedetur.
2091 3479 2528 3537 Administrator
2553 3479 2638 3534 in-

453 3578 767 3635 ventarium
794 3580 1051 3639 omnium
1090 3581 1369 3639 bonorum
1411 3582 1689 3639 conficere
1729 3582 1924 3639 statim
1967 3577 2155 3644 debet,
2197 3586 2254 3632 et
2279 3575 2468 3632 debita
2496 3593 2636 3649 prae·

452 3676 645 3733 sertim
689 3688 883 3736 notare
922 3698 1048 3752 quae
1076 3681 1173 3738 vix
1216 3681 1408 3758 colligi
1448 3690 1709 3758 possunt,
1750 3699 1822 3737 ne
1863 3698 1930 3736 ea
1970 3675 2294 3751 neglexisse
2336 3691 2441 3730 sua
2466 3672 2636 3748 culpa

452 3765 759 3834 videatur.⁶
838 3777 1047 3836 Debita
1072 3781 1495 3856 quamprimum
1530 3779 1802 3853 colligere
1843 3782 2086 3851 oportet,
2115 3783 2174 3830 et
2198 3773 2350 3832 bona
2375 3771 2628 3840 mobilia,

529 3961 613 4024 (1)
653 3960 779 4009 Vide
789 3962 1041 4012 *Purdon's
1064 3963 1249 4025 Βὶςθετ,
1271 3970 1357 4012 art.
1380 3962 1659 4012 Exco-aiore
1673 3959 1784 4011 and
1799 3957 2235 4011 Administrators.

530 4044 616 4111 (2)
655 4044 713 4093 L.
739 4046 953 4106 Scimus,
976 4051 1057 4095 22.
1082 4052 1128 4106 ς.
1147 4050 1197 4095 4.
1223 4046 1346 4096 Cod.
1369 4045 1433 4094 vi.
1455 4059 1575 4094 xxx.
1598 4044 1656 4095 de
1677 4045 1804 4096 Jure
1824 4043 1968 4096 delib.

530 4131 613 4195 (3)
653 4130 712 4180 L.
736 4135 784 4180 8.
804 4131 857 4180 ff.
878 4133 1017 4186 xxix.
1046 4135 1123 4180 11.
1146 4132 1203 4182 de
1226 4130 1428 4197 adquir.
1450 4129 1529 4180 vel
1544 4131 1801 4183 mnittend.
1822 4129 2000 4182 haered.

532 4214 617 4282 (4)
656 4216 805 4276 Kent‚
828 4219 923 4266 vol.
944 4217 994 4266 ii.
1017 4233 1067 4266 n.
1089 4219 1204 4264 414.
1274 4216 1400 4266 Vide
1422 4215 1664 4266 Purdon’s
1686 4217 1870 4278 Digest,
1893 4222 1981 4266 art.
1995 4213 2272 4267 Excantare
2293 4213 2401 4266 aad
2419 4211 2632 4262 Admin-

456 4301 697 4354 istratum.

532 4386 617 4452 (5)
658 4385 806 4464 Kent-
828 4386 922 4434 vol.
945 4385 995 4434 ii.
1016 4401 1067 4434 n.
1090 4387 1205 4434 410.
1683 4385 1769 4451 (6)
1807 4383 2004 4442 Ibidem,
2025 4397 2077 4431 n.
2097 4383 2241 4428 414..
