3117 5217
513 538 632 595 376
1054 534 1167 593 DE
1209 532 2159 593 EXOOMMUNICATIONE.

517 720 650 759 cum
677 702 1188 767 excommunicatis
1213 698 1466 759 districte
1493 696 1729 759 vetant.¹
1816 698 2103 757 Caeterum
2131 716 2417 757 canonum
2458 699 2706 775 rigorem

521 802 856 877 temperavit
883 800 1198 876 Gregorius
1227 798 1400 858 VIL:
1447 809 1489 835 “⁴
1511 799 1845 875 Apostolica
1886 798 2077 870 itaque
2114 798 2441 857 auctoritate
2480 798 2551 854 ab
2576 814 2707 854 ana-

521 898 784 957 thematis
813 900 1040 957 vinculo
1067 897 1176 957 hos
1201 898 1587 958 subtrahimus
1610 918 1629 955 z
1668 897 1935 955 videlicet
1958 916 2191 963 uxores,
2220 898 2453 964 liberos,
2480 912 2699 962 servos,

515 998 772 1065 ancillas,
801 1016 906 1055 seu
931 998 1237 1074 mancipia,
1277 1015 1504 1054 necnon
1541 998 1789 1055 rusticos
1828 998 2163 1064 servientes,
2204 1006 2265 1053 et
2302 1014 2505 1053 omnes
2539 994 2701 1059 alios,

521 1098 620 1169 qui
647 1114 762 1154 non
789 1094 932 1155 adeo
971 1096 1210 1155 curiales
1245 1106 1398 1163 sunt,
1437 1106 1502 1153 ut
1537 1114 1737 1161 eorum
1778 1096 2021 1153 consilio
2046 1096 2265 1153 scelera
2290 1103 2705 1171 perpetrentur,

519 1208 578 1251 et
603 1212 724 1260 eos,
747 1196 844 1265 qui
875 1196 1204 1271 ignoranter
1228 1194 1739 1253 excommunicatis
1778 1196 2223 1253 communicant.
2256 1236 2271 1251 .
2298 1236 2315 1251 .
2340 1235 2355 1250 .
2398 1194 2480 1251 Et
2502 1194 2555 1249 si
2578 1192 2707 1265 quis

523 1295 1040 1353 excommunicatis
1067 1312 1184 1353 non
1235 1296 1296 1352 in
1347 1294 1811 1351 sustentationem
1866 1295 2171 1369 superbiae,
2198 1292 2299 1350 sed
2347 1292 2709 1353 humanitatis

525 1411 696 1450 causa
723 1392 856 1451 dare
897 1393 1110 1466 aliquid
1149 1393 1408 1461 voluerit,
1450 1412 1568 1451 non
1610 1387 2082 1467 prohibemus.”²
2158 1392 2325 1449 Licet
2362 1393 2529 1449 etiam
2572 1389 2715 1447 divi-

523 1510 660 1549 num
687 1494 924 1551 verbum
951 1493 1260 1569 praedicare
1287 1492 1823 1558 excommunicatis,
1852 1493 2005 1549 sicut
2040 1501 2099 1549 et
2134 1490 2467 1557 interdictis,
2494 1507 2713 1561 eosque

523 1590 594 1647 ad
621 1592 1030 1649 correctionem
1057 1585 1396 1649 solicitare.³
1453 1592 1617 1649 Licet
1642 1590 1827 1648 debita
1853 1593 1922 1650 ab
1946 1592 2031 1647 eis
2061 1602 2277 1667 petere,
2306 1601 2363 1647 et
2387 1588 2715 1647 necessaria

527 1692 724 1748 omnia
749 1691 906 1747 obire
937 1684 1199 1747 muniat‘¹
1237 1700 1582 1766 quapropter
1615 1689 1823 1747 milites
1864 1690 2287 1747 communicare
2307 1698 2557 1765 possunt
2581 1706 2715 1745 cum

531 1788 676 1847 duce
717 1791 1214 1848 excommunicato
1235 1806 1254 1845 t
1301 1791 1434 1847 licet
1477 1798 1536 1847 et
1572 1788 1883 1846 medicinas
1911 1789 2003 1847 vel
2042 1789 2475 1863 eleemosynam
2522 1788 2591 1859 ab
2616 1804 2717 1843 ex·

527 1890 946 1947 communicato
987 1900 1200 1964 petere.
1285 1889 1466 1962 Signa
1505 1888 1855 1954 urbanitatis,
1892 1907 1961 1944 v:
1993 1906 2063 1964 g:
2108 1886 2487 1963 adsurgendO,
2530 1887 2713 1961 aperi-

523 1986 672 2042 endo
699 1996 887 2061 caput,
916 1986 1104 2044 dando
1129 1986 1341 2053 locum,
1360 1996 1550 2043 tamen
1578 1986 1701 2044 sine
1729 1986 1861 2043 ullis
1890 1988 2105 2053 verbiS,
2122 1972 2205 2044 sic
2230 1997 2289 2043 et
2310 1986 2713 2042 salutationem

523 2083 780 2152 reddere,
825 2085 896 2142 ad
935 2084 1225 2143 vitandum
1267 2094 1680 2161 contemptum,
1728 2086 1816 2143 vel
1857 2104 1929 2143 ne
1969 2087 2097 2157 quis
2139 2086 2376 2163 agrestis
2418 2084 2712 2149 habeatur,

535 2182 706 2243 licere
735 2186 930 2260 plures
958 2179 1218 2243 docent.⁵
1297 2184 1529 2243 Litteris
1557 2194 1743 2241 tamen
1772 2184 2236 2260 respondendum
2264 2204 2381 2241 non
2407 2195 2511 2251 est,
2546 2200 2725 2255 quum

527 2283 600 2338 sit
626 2302 758 2341 vera
797 2277 1293 2342 communicatio.⁶
1374 2284 1504 2342 Nec
1542 2293 1806 2340 censetur
1842 2284 2104 2341 convictu
2144 2284 2438 2341 communi
2476 2282 2580 2349 uti,
2610 2282 2713 2355 qui

532 2381 590 2435 in
631 2381 964 2449 diversori'O,
1005 2383 1108 2440 ubi·
1143 2401 1278 2439 casu
1326 2382 1501 2439 veluti
1540 2383 1891 2439 conveniunt
1922 2383 2209 2451 homines,
2254 2382 2439 2440 eidem
2468 2381 2723 2439 assident

529 2496 741 2538 mensae
765 2477 818 2537 :⁷
853 2501 960 2539 nec
987 2482 1393 2539 communione
1423 2482 1481 2539 i'n
1507 2482 1676 2539 rebus
1704 2480 1965 2557 gerendis
1998 2484 2191 2548 utitur,
2221 2483 2319 2553 qui
2344 2500 2477 2539 cum
2505 2481 2617 2538 alio
2642 2479 2715 2536 de

533 2581 780 2656 negotiis
808 2582 1234 2639 occurrentibus
1263 2582 1399 2657 agit,
1441 2600 1546 2657 pro
1588 2582 1907 2647 occasione,
1951 2582 2087 2651 quin
2116 2583 2446 2638 societatem
2475 2599 2605 2637 cum
2646 2596 2719 2636 eo

529 2678 812 2739 ullatenus
853 2673 1074 2739 ineat2⁸
1113 2681 1231 2737 imo
1257 2682 1589 2737 societatem
1616 2680 1774 2755 prius
1812 2680 2008 2735 initam
2050 2698 2183 2737 cum
2223 2698 2293 2737 eo
2330 2680 2467 2737 licet
2502 2678 2723 2737 contin-

533 2775 721 2837 nare-⁹
1097 2848 1102 2852 ι

607 2882 706 2936 68.
753 2878 856 2935 VI.
889 2878 1066 2937 Irritae
1091 2892 1224 2936 sunt
1235 2880 1429 2954 gratiae
1457 2878 2319 2952 apostoncae-excommunicatis
2346 2866 2717 2936 concessae.¹⁰

612 2980 710 3034 69.
756 2977 894 3035 VII.
937 2978 1492 3036 Excommunicatus
1519 2976 1772 3052 privatur
1798 2976 2087 3051 sepultura
2109 2977 2517 3042 ecclesiastica,
2550 2977 2719 3051 juxta

531 3075 670 3133 illud
696 3097 710 3133 :
758 3085 796 3111 ‘⁶
821 3076 1018 3135 Sacris·
1039 3086 1129 3133 est
1153 3078 1464 3135 canonibus
1491 3077 1831 3143 institutum,
1858 3086 1921 3132 ut
1956 3078 2161 3147 quibus
2188 3094 2303 3134 non
2332 3076 2718 3133 communica-

529 3175 716 3234 vimus
743 3176 911 3240 viviS,
940 3190 1054 3232 non
1085 3176 1575 3239 communicemus
1618 3174 1923 3242 defunctiS,
1967 3185 2023 3232 et
2064 3186 2127 3233 ut
2167 3185 2395 3233 careant
2418 3174 2717 3232 ecclesias-

530 3272 642 3327 tica
667 3271 980 3346 sepultura,
1009 3273 1110 3341 qui
1151 3274 1308 3345 prius
1351 3283 1511 3329 erant
1552 3273 1622 3328 ab
1661 3273 2049 3331 ecclesiastica
2086 3275 2295 3332 unitate
2338 3274 2581 3350 praecisi,
2610 3290 2717 3331 nec

525 3370 584 3427 in
611 3371 845 3428 articulo
875 3372 1071 3427 mortis
1099 3370 1352 3429 ecclesiae
1391 3372 1735 3431 reconciliati
1764 3366 2093 3431 fuerint..”¹¹
2176 3372 2465 3431 Caeterum
2507 3381 2548 3407 ‘⁶
2568 3372 2705 3430 tole-

527 3472 632 3529 rati
658 3471 812 3529 licite
840 3470 1194 3545 sepeliuntur
1221 3471 1277 3529 in
1303 3471 1434 3529 loco
1459 3488 1641 3539 sacro,
1671 3474 1722 3530 si
1764 3491 1897 3529 cum
1940 3474 2123 3549 signis
2167 3472 2511 3548 poenitentiae
2540 3490 2571 3529 e
2599 3470 2715 3527 vita

531 3570 962 3647 migraverint.”
977 3562 1025 3599 ¹²
1062 3569 1154 3627 De
1175 3571 1394 3627 caeteris
1415 3569 1721 3629 dicendum
1742 3590 1873 3629 cum
1896 3572 1960 3629 S.
1984 3571 2204 3639 Leone,
2236 3580 2274 3606 “
2300 3570 2525 3629 Horum
2547 3588 2722 3627 causa

422 3663 431 3673 ’
530 3668 641 3727 Dei
663 3669 882 3747 judic-io
909 3670 1250 3727 reservanda
1275 3680 1382 3737 est,
1411 3670 1470 3726 in
1497 3670 1661 3745 cujus
1684 3690 1853 3729 manu
1881 3672 2005 3738 fuit,
2024 3681 2087 3728 ut
2106 3671 2299 3735 talium
2321 3671 2507 3728 obitus
2528 3684 2715 3740 usque

531 3768 600 3825 ad
628 3769 1046 3826 communionis
1073 3769 1386 3827 remedium
1429 3768 1768 3843 differretur.
1854 3770 1983 3829 Nos
2024 3780 2213 3827 autem
2242 3771 2449 3843 quibus
2477 3768 2721 3825 viventi-

531 3866 634 3923 bus
663 3885 778 3923 non
805 3870 1376 3936 communicavi'mUS,
1409 3868 1647 3926 mortuis
1667 3871 2108 3929 communicare
2138 3890 2251 3929 non
2282 3857 2723 3947 possumus.'’¹³

598 4039 622 4102 (
630 4040 683 4103 1)
725 4038 784 4085 C.
810 4039 1286 4091 Excommunicalos
1309 4048 1358 4089 et
1387 4041 1523 4090 Cum
1539 4042 1988 4105 excommunicato,
2010 4044 2077 4093 xi.
2088 4049 2265 4127 “qaeusu
2288 4042 2354 4091 iii.

604 4123 689 4188 (2)
731 4121 792 4170 G.
825 4124 1090 4185 Quoniam,
1114 4126 1312 4175 Ibidem.
1788 4126 1881 4192 (3)
1914 4128 2035 4191 Cap.
2060 4128 2179 4177 xliii.
2202 4126 2260 4177 de
2280 4130 2405 4175 sent.
2428 4141 2611 4177 excom.

604 4210 688 4275 (4)
731 4208 852 4272 Cap.
877 4209 1046 4261 xxxiv.
1063 4217 1112 4258 et
1134 4228 1238 4275 cap.
1261 4210 1398 4261 xxxi.
1421 4210 1527 4260 eod.
1550 4211 1624 4260 tit.
1791 4214 1875 4281 (5)
1916 4212 1968 4259 S.
1994 4213 2141 4276 Alph.
2165 4212 2196 4260 1.
2219 4212 2301 4260 vii.
2322 4228 2371 4261 n.
2395 4214 2503 4259 192.

601 4295 686 4359 (6)
725 4292 922 4365 Ibidem,
945 4308 995 4341 n.
1024 4294 1135 4341 193.
1786 4298 1871 4361 (7)
1912 4294 2111 4355 Ibidem,
2133 4310 2181 4343 n.
2212 4296 2320 4341 195.

601 4382 685 4444 (8)
725 4378 922 4434 Ibidem,
944 4392 994 4426 n.
1025 4378 1134 4425 194.
1788 4381 1872 4446 (9)
1911 4380 2108 4439 Ibidem,
2132 4397 2182 4428 n.
2206 4382 2322 4428 201.

585 4445 716 4531 '(10)
757 4464 878 4527 Cap.
902 4464 932 4512 i.
953 4463 1009 4513 de
1031 4462 1252 4531 rescript.
1271 4464 1324 4512 in
1344 4466 1390 4511 6.
1790 4468 1908 4531 (11)
1948 4465 2073 4529 Cap.
2098 4466 2181 4514 xii.
2205 4465 2264 4515 de
2284 4464 2463 4531 sepult.

598 4551 716 4615 (12)
757 4549 810 4597 S.
834 4549 984 4613 Alph.
1007 4550 1038 4598 1.
1062 4548 1143 4598 vii.
1162 4564 1212 4598 n.
1237 4552 1348 4597 187.
1790 4553 1907 4619 (13)
1948 4550 2043 4614 Ep.
2066 4550 2126 4599 ad
2150 4550 2333 4599 Rustic.
2358 4550 2573 4599 Narbon.
