3117 5217
524 594 647 651 246
1357 590 1471 648 DE
1516 590 1896 650 SIMONIA.

532 768 591 817 et
614 776 825 819 munus
854 757 1139 832 quoddam
1180 766 1235 814 et
1276 758 1481 834 pignus
1515 759 1638 835 jam
1669 756 1783 825 det,
1825 756 2002 816 altero
2041 758 2168 834 ejus
2209 776 2384 836 opera
2423 768 2634 817 evecto
2663 756 2734 814 ad

529 860 944 937 episcopatum,
986 857 1153 915 realis
1195 867 1282 913 est
1320 859 1588 916 simonia.
1675 856 1935 915 Simonia
1961 855 2336 935 confidentia:
2363 869 2451 915 est
2489 856 2732 930 quando

534 958 664 1032 quis
689 958 847 1017 alteri
875 967 1139 1034 procurat
1176 956 1538 1025 beneficium,
1583 966 1749 1032 pacto
1789 974 2066 1033 expresso
2091 957 2185 1015 vel
2225 958 2411 1024 tacito,
2454 958 2625 1024 inito,
2671 966 2734 1013 ut
2789 986 2791 988 ·

538 1058 669 1124 sibi,
702 1058 789 1115 vel
816 1057 975 1115 alteri
1002 1055 1140 1115 illud
1168 1058 1439 1133 resignet,
1471 1056 1557 1113 vel
1602 1056 1940 1131 pensionem
1969 1074 2044 1114 ex
2071 1074 2142 1115 eo
2169 1058 2372 1115 solvat.
2433 1054 2731 1114 Damnata

534 1165 623 1214 est
650 1176 683 1213 a
708 1156 953 1214 PioqlV.
982 1166 1039 1213 et
1064 1176 1096 1213 a
1124 1156 1233 1213 Pio
1260 1152 1367 1214 V.¹

950 1390 999 1463 §.
1032 1390 1111 1449 Il.
1196 1389 1291 1449 Dr:
1322 1390 1590 1449 Smonm
1617 1408 1683 1449 m
1712 1408 1913 1448 sxcrus
1940 1408 2307 1448 MUNERIBUs.

620 1562 718 1617 61.
762 1560 1131 1617 Sacramenta
1149 1558 1433 1635 imprimis
1457 1557 1826 1616 ministranda
1845 1567 1979 1615 sunt
2006 1559 2175 1635 gratis
2199 1578 2213 1615 ε
2243 1578 2376 1615 nam
2405 1566 2444 1595 ‘⁴
2464 1561 2730 1635 accipere

544 1659 844 1737 pecuniam
871 1676 975 1734 pro
1015 1658 1292 1734 spirituali
1333 1666 1816 1717 sacramentorum
1857 1659 2032 1733 gratia
2069 1668 2156 1715 est
2181 1658 2399 1716 crimen
2437 1660 2731 1723 simoniae,

547 1756 702 1832 quod
730 1758 883 1815 nulla
908 1757 1319 1815 consuetudine
1360 1766 1547 1833 potest
1571 1757 1853 1824 excusari,
1883 1758 2017 1829 quia
2057 1756 2411 1815 consuet-udo
2438 1778 2554 1816 non
2585 1750 2732 1834 prae-

539 1858 758 1936 judicat
795 1858 913 1934 juri
960 1858 1198 1915 naturali
1244 1857 1337 1913 vel
1382 1856 1644 1913 divin0.’'
1670 1897 1684 1912 .
1712 1897 1726 1912 .
1753 1897 1767 1912 .
1810 1856 2150 1932 “Accipere
2191 1866 2379 1914 autem
2425 1858 2618 1930 aliqua
2661 1856 2732 1913 ad

544 1958 1009 2013 sustentationem
1038 1974 1253 2022 eorum,
1282 1958 1381 2027 qui
1406 1964 1756 2012 sacramenta
1789 1954 2008 2013 Christi
2035 1956 2374 2023 ministrant,
2404 1956 2728 2015 secundum

544 2053 957 2111 ordinationem
985 2052 1285 2121 Ecclesiae,
1330 2062 1388 2110 et
1425 2052 1866 2111 consuetudines
1907 2055 2261 2131 approbatae,
2299 2075 2415 2114 non
2443 2066 2532 2113 est
2557 2058 2731 2113 simo-

547 2154 661 2217 nia,
690 2171 878 2225 neque
906 2161 1203 2228 peccatum
1229 2172 1243 2209 ε
1274 2171 1389 2211 non
1418 2153 1575 2211 enim
1596 2154 1837 2211 sumitur
1855 2163 2142 2225 tamquam
2162 2154 2404 2229 pretium
2426 2154 2730 2222 mercediS‚

548 2252 649 2310 sed
676 2261 960 2326 tamquam
989 2252 1339 2329 stipendium
1365 2253 1740 2310 necessitatis·
1799 2247 1970 2310 Unde
1998 2272 2171 2329 super
2197 2254 2336 2311 illud
2371 2260 2395 2312 l
2430 2254 2500 2312 ad
2529 2254 2732 2341 Timo·

546 2352 745 2411 theum
771 2371 823 2408 v.
909 2360 924 2386 ‘
944 2352 1061 2417 Qui
1087 2352 1233 2408 bene
1262 2362 1514 2427 praesunt
1552 2351 1888 2427 presbyteri,
1931 2362 2041 2409 etc.
2087 2351 2223 2410 dicit
2251 2354 2449 2411 Gloss,
2479 2354 2728 2431 August.

548 2449 849 2535 Accipiam
873 2444 1338 2508 sustentationem
1370 2452 1725 2509 necessitatis
1765 2470 1798 2507 a
1824 2444 2058 2527 populo,
2088 2452 2408 2509 mercedem
2436 2452 2734 2529 dispensa·

547 2550 719 2607 tionis
738 2569 769 2607 a
788 2541 1141 2609 Domin0.”²
1158 2548 1287 2607 Hac
1303 2550 1518 2607 ratione
1534 2559 1874 2608 excusantur
1889 2550 2206 2608 sacerdotes
2224 2552 2568 2627 accipientes
2587 2553 2734 2611 elee-

552 2667 828 2727 mosynas
858 2670 889 2707 a
908 2651 1123 2726 populo
1137 2651 1203 2707 'in
1222 2650 1331 2707 hac
1350 2650 1581 2726 regione
1603 2650 1794 2715 offerri
1821 2660 2122 2707 consuetas
2144 2653 2444 2709 occasione
2465 2651 2735 2729 baptismi

551 2758 607 2809 et
646 2750 992 2807 matrimonii
1018 2749 1377 2807 celebrandi:
1429 2757 1731 2825 peccarent
1757 2756 1942 2806 autem
1968 2750 2067 2822 ‘qui
2095 2768 2188 2807 eas
2217 2752 2531 2826 exigerent,
2561 2750 2732 2810 dene-

553 2848 741 2925 gando
762 2858 1109 2905 sacramenta
1132 2867 1147 2915 3
1186 2830 1445 2919 quamiris
1468 2858 1599 2924 post
1618 2866 1682 2903 ea
1699 2848 1902 2905 collata
1919 2848 2086 2905 liceat
2108 2849 2230 2929 (vix
2258 2858 2446 2909 tamen
2472 2846 2730 2926 expedit)

547 2946 831 3023 postulare
863 2964 987 3031 quae
1015 2964 1088 3004 ex
1116 2947 1527 3005 consuetudine
1554 2948 1776 3005 dantur.
1862 2956 1902 2982 ‘⁶
1924 2947 2202 3025 Accipere
2231 2958 2327 3007 aut
2353 2950 2485 3008 dare
2513 2948 2729 3023 aliquid

549 3064 652 3121 pro
679 3046 1085 3104 sustentatione
1126 3046 1558 3104 ministrantium
1591 3047 1921 3122 spiritualia,
1965 3049 2276 3106 secundum
2315 3050 2733 3108 ordinationem

551 3144 854 3213 Ecclesiae,
880 3152 936 3204 et
954 3144 1425 3203 consuetudinem
1448 3146 1834 3221 approbatam,
1855 3148 2075 3204 licitum
2105 3158 2227 3205 est:
2259 3148 2335 3205 ita
2361 3157 2549 3207 tamen
2578 3146 2732 3222 quod

550 3242 703 3299 desit
725 3243 964 3300 intentio
992 3230 1321 3318 emptioniS‚
1349 3242 1441 3299 vel
1480 3244 1859 3312 venditionis:
1903 3256 1961 3302 et
1987 3247 2137 3319 quod
2176 3248 2244 3305 ab
2272 3247 2462 3305 invitis
2491 3267 2607 3306 non
2635 3266 2731 3305 ex-

550 3342 731 3417 igatur
755 3358 859 3417 per
884 3338 1263 3418 spiritualium
1291 3342 1726 3400 subtractionem
1752 3363 1876 3415 quae
1905 3355 2038 3402 sunt
2055 3344 2406 3404 exhibenda:
2439 3348 2548 3405 hoc
2578 3350 2731 3405 enim

548 3440 781 3498 haberet
807 3440 1112 3513 quamdam
1140 3440 1485 3499 venditionis
1529 3444 1800 3518 speciem.
1889 3444 2082 3502 Gratis
2120 3454 2308 3503 tamen
2347 3448 2731 3523 spiritualibus

533 3541 711 3617 ¹prius
741 3540 1030 3609 exhibitis,
1059 3542 1211 3600 licite
1238 3552 1482 3617 possunt
1509 3551 1726 3600 statutae
1755 3552 1812 3600 et
1837 3554 2119 3602 consuetae
2160 3545 2494 3614 oblationes,
2524 3556 2581 3604 et
2607 3548 2730 3620 qui·

553 3660 801 3713 cumque
831 3641 925 3699 alii
955 3652 1261 3717 proventus
1292 3642 1446 3718 exigi
1474 3660 1504 3697 a
1531 3642 1876 3709 nolentibuS,
1907 3652 1962 3699 et
1987 3644 2302 3703 valentibus
2332 3646 2570 3713 solvere,
2602 3666 2730 3704 auc·

555 3741 774 3797 toritate
814 3742 1125 3817 superioris
1167 3734 1678 3799 interveniente.”³
1758 3740 1983 3799 Rituale
2013 3744 2338 3803 Romanum
2367 3744 2488 3803 haec
2524 3745 2725 3803 habet:

556 3846 595 3872 ‘⁶
621 3838 776 3906 Illud,
812 3858 978 3914 porro
1020 3840 1319 3917 diligenter
1363 3849 1556 3897 caveat
1605 3838 1961 3919 (parochus),
2009 3862 2081 3900 ne
2128 3844 2187 3900 in
2234 3844 2729 3902 Sacramentorum

556 3934 1043 3997 administratione
1090 3938 1318 4012 aliquod
1364 3940 1563 4011 quavis
1593 3940 1662 3996 de
1709 3959 1878 3997 causa
1917 3942 2008 3999 vel
2048 3943 2349 4001 occasione
2391 3943 2601 4001 directe
2642 3943 2732 4001 vel

556 4034 827 4091 indirecte
855 4038 1047 4114 exigat
1072 4047 1168 4095 aut
1194 4047 1365 4114 petat,
1410 4038 1514 4095 sed
1553 4058 1621 4095 ea
1659 4040 1830 4115 gratis
1871 4042 2168 4110 ministret,
2198 4051 2254 4099 et
2281 4045 2348 4101 ab
2377 4044 2533 4100 omni
2560 4044 2730 4101 simo-

555 4134 664 4190 niae
694 4141 861 4204 atque
890 4137 1132 4193 avaritiae
1160 4138 1508 4213 suspicione,
1539 4138 1748 4195 nedum
1779 4140 2040 4209 crimine}
2071 4142 2406 4217 longissime
2436 4142 2598 4200 absit.
2669 4142 2729 4199 Si

556 4230 695 4305 quid
711 4231 856 4326 'vero
898 4236 1129 4292 nomine
1156 4228 1566 4313 eleemosynae,
1609 4247 1702 4295 aut
1740 4238 2060 4297 devotionis
2103 4240 2312 4308 studio,
2353 4242 2580 4316 peracto
2611 4243 2730 4318 jam

625 4436 710 4501 (1)
750 4434 896 4483 Bulla
916 4436 1084 4484 lxxxv·
1106 4442 1156 4483 et
1177 4435 1323 4488 Bulla
1344 4452 1449 4499 quae
1472 4438 1674 4501 incipit:
1713 4439 2060 4493 Intolerabilis.

628 4520 713 4590 (2)
754 4518 807 4566 S.
830 4518 1009 4567 Thom.
1028 4522 1075 4567 2.
1099 4522 1145 4569 2.
1170 4536 1251 4582 qu.
1274 4535 1315 4569 c.
1339 4527 1423 4568 art.
1445 4520 1494 4569 ii.
1567 4522 1716 4589 Resp.
1923 4526 2002 4591 (3)
2039 4525 2234 4586 Ibidem,
2257 4532 2342 4575 art.
2363 4524 2430 4575 iii.
2499 4523 2648 4591 Κεφ.
