3117 5217
774 574 890 634 DE
933 573 1548 634 CORREPTIONE
1592 575 2071 638 FRATERNA.
2388 579 2507 635 313

1215 1132 1502 1194 CAPUT
1550 1135 1627 1193 V.

961 1341 1040 1382 DE
1082 1341 1504 1384 coRREPTmNE
1548 1344 1893 1386 FRATBRNA.

413 1493 549 1547 109.
597 1487 904 1565 Correptio
924 1489 1168 1548 fraterna
1183 1502 1270 1550 est
1297 1492 1609 1550 admonitio
1638 1511 1750 1564 qua
1776 1493 1905 1564 quis
1931 1470 2257 1568 proximum
2284 1504 2519 1554 conatur

326 1606 590 1647 revocare
620 1609 653 1646 a
677 1598 933 1663 peccato.
1019 1589 1167 1667 Ejus
1195 1593 1595 1650 necessitatem
1626 1591 1901 1668 colligunt
1921 1591 2171 1670 theologi
2199 1611 2273 1649 ex
2296 1591 2516 1652 Christi

325 1689 510 1745 verbis
545 1687 698 1763 apud
727 1689 1097 1757 Matthaeum3
1135 1708 1263 1764 quae
1292 1699 1481 1748 tamen
1507 1691 1706 1768 culpas
1736 1690 1795 1748 in
1822 1709 1928 1748 nos
1970 1691 2249 1748 admissas
2281 1711 2515 1768 praeser-

332 1789 434 1847 tim
462 1788 814 1862 respiciunt:
861 1795 899 1823 ‘⁶
922 1787 972 1844 si
999 1791 1322 1864 peccaverit
1347 1791 1406 1847 in
1434 1802 1486 1847 te
1515 1789 1685 1848 frater
1710 1798 1859 1858 tuuS,
1890 1789 2039 1848 vade
2057 1800 2114 1846 et
2132 1792 2355 1868 corripe
2382 1808 2517 1849 eum

329 1887 474 1944 inter
499 1895 554 1942 te
581 1894 638 1942 et
662 1887 852 1962 ipsum
883 1887 1092 1944 solum.
1138 1889 1203 1946 Si
1231 1898 1284 1946 te
1313 1889 1571 1956 audierit,
1600 1888 1847 1947 lucratus
1866 1889 1977 1946 eris
2004 1890 2232 1948 fratrem
2263 1883 2519 1948 tuum.'’¹

330 1983 624 2058 Equidem
653 1987 781 2062 ipsa
808 1985 1050 2043 charitas
1092 2006 1198 2045 nos
1245 1997 1438 2046 movet
1482 1988 1553 2046 ad
1602 1990 1918 2064 peccatoris
1966 1987 2421 2048 emendationem
2464 1998 2520 2046 et

329 2085 567 2142 salutem
598 2084 996 2156 quaerendam3
1041 2097 1389 2163 quapropter
1428 2089 1526 2162 qui
1552 2088 1793 2164 negligit
1830 2107 1962 2145 eum
1988 2099 2309 2165 opportune
2348 2089 2519 2147 corri-

329 2202 487 2260 pere,
511 2194 706 2241 contra
733 2184 1095 2243 dilectionem
1125 2185 1424 2244 fraternam
1451 2205 1686 2262 peccare
1715 2187 2091 2244 convincitur.

415 2285 552 2340 110.
598 2283 946 2356 Plerumque
973 2303 1087 2342 non
1117 2294 1204 2342 est
1229 2285 1495 2362 obligatio
1541 2284 1887 2360 corripiendi
1913 2285 2113 2343 leviter
2140 2293 2471 2361 peccantem
2496 2304 2513 2351 3

332 2373 511 2456 quum
555 2384 710 2440 enim
758 2383 940 2460 culpae
987 2385 1237 2441 veniales
1281 2387 1398 2442 sint
1439 2384 1582 2442 adeo
1630 2384 1975 2457 frequenteS,
2018 2385 2185 2442 etiam
2230 2386 2287 2442 in
2320 2385 2515 2462 justiS,

332 2483 506 2538 nimis
534 2499 704 2557 grave
732 2481 877 2540 soret
902 2501 1048 2539 onus
1077 2501 1173 2540 eas
1199 2468 1691 2558 reprehendendi;
1734 2492 1793 2541 et
1834 2483 2095 2541 molestia
2124 2483 2255 2541 inde
2284 2484 2519 2542 inferre-

333 2591 421 2637 tur
447 2579 596 2648 aliis,
626 2579 778 2637 haud
799 2583 924 2638 sine
951 2582 1164 2639 invidia
1185 2583 1378 2657 pietati
1401 2581 1663 2640 conflata.
1709 2578 1995 2638 Caeterum
2020 2582 2282 2656 praelatus
2306 2581 2521 2640 ordinis

332 2679 592 2756 religiosi
618 2696 772 2754 saepe
801 2691 1020 2737 tenetur
1045 2682 1150 2737 sub
1177 2683 1333 2757 gravi
1361 2689 1597 2757 peccato
1643 2679 1924 2754 corrigere
1969 2680 2125 2736 leves
2167 2680 2521 2738 subditorum

335 2779 558 2854 culpae,
588 2797 685 2835 eas
713 2780 1026 2854 praesertim
1057 2798 1184 2852 quae
1213 2779 1573 2856 disciplinam
1600 2778 1870 2856 paulatim
1898 2786 2152 2836 evertere
2180 2789 2445 2854 possunt,

419 2883 444 2934 l
459 2881 486 2934 1
503 2882 528 2933 l
541 2919 555 2934 .
576 2877 720 2942 Quae
735 2878 876 2936 fiunt
891 2889 1085 2936 contra
1097 2879 1286 2955 legem
1307 2889 1540 2948 naturae,
1558 2878 1649 2936 vel
1665 2878 1969 2955 positivam
1985 2879 2229 2951 aliquam
2245 2879 2524 2936 sanction-

333 2995 444 3044 em,
463 2963 547 3034 εἰ
560 2978 879 3054 ignorantia
904 2978 1242 3048 invincibili,
1264 2978 1432 3054 culpa
1459 2996 1639 3050 quum
1666 2989 1911 3046 careant,
1941 2997 2055 3036 non
2086 2978 2374 3054 postulant
2400 2997 2521 3036 cor-

338 3077 680 3156 reptionem,
713 3076 821 3133 nisi
850 3096 982 3152 spes
1012 3078 1086 3134 sit
1111 3076 1321 3133 fructus
1346 3096 1360 3132 :
1404 3085 1633 3152 praestat
1650 3077 1802 3134 enim
1818 3076 1967 3134 bona
1986 3076 2099 3134 fide
2128 3096 2194 3132 ea
2221 3077 2363 3144 fieri,
2390 3077 2525 3134 licet

340 3175 598 3247 alioquin
628 3175 815 3242 vetita,
851 3195 1019 3248 quam
1049 3186 1245 3233 contra
1288 3175 1718 3234 conscientiam.
1804 3175 1921 3234 Sed
1968 3194 2070 3251 spe
2112 3174 2525 3234 emendationis

341 3273 668 3351 affulgente,
699 3273 1092 3333 admonendus
1121 3284 1208 3332 est
1233 3276 1333 3347 qui
1361 3277 1477 3352 agit
1521 3284 1717 3333 contra
1742 3276 1931 3354 legem
1974 3287 2220 3343 naturae;
2263 3294 2394 3334 nam
2424 3276 2531 3335 im-

342 3373 626 3450 pedienda
649 3383 738 3430 est
763 3392 866 3448 pro
894 3376 1108 3432 viribus
1136 3393 1226 3432 res
1255 3393 1358 3450 per
1383 3393 1446 3431 se
1494 3375 1676 3432 mala:
1720 3375 1838 3432 imo
1880 3376 1978 3446 qui
2002 3375 2189 3451 legem
2218 3376 2523 3450 positivam

342 3472 416 3530 ita
443 3473 638 3539 violat,
663 3473 872 3548 pariter
896 3483 984 3532 est
1009 3473 1420 3541 admonendUS‚
1440 3473 1610 3549 juxta
1636 3473 1972 3530 sententiam
2000 3471 2183 3547 magis
2214 3475 2525 3547 probatam,

343 3590 520 3644 quum
544 3572 692 3648 legis
719 3573 948 3630 violatio
975 3573 1049 3630 sit
1074 3571 1242 3640 mala,
1280 3572 1525 3643 ideoque
1566 3569 1949 3647 impedienda.
2034 3570 2191 3628 Hinc
2233 3572 2327 3642 qui
2371 3570 2533 3626 novit

346 3671 584 3729 alterum
623 3671 902 3747 justitiam
930 3672 1162 3738 violare,
1205 3672 1352 3728 bona
1377 3670 1510 3737 fide,
1539 3680 1602 3728 ut
1641 3669 1879 3736 videtur,
1928 3668 2094 3726 debet
2134 3687 2264 3726 eum
2295 3686 2527 3726 monere

343 3771 570 3839 erroris,
601 3769 652 3827 si
681 3772 1001 3829 verosimile
1030 3773 1104 3828 sit
1131 3789 1262 3828 eum
1291 3770 1454 3827 aliam
1496 3767 1769 3844 deinceps
1810 3768 2016 3846 agendi
2058 3769 2337 3826 rationem
2364 3787 2529 3826 secu-

347 3880 554 3927 turum.
639 3868 768 3927 Imo
795 3871 893 3942 qui
912 3870 1068 3928 videt
1091 3869 1324 3927 alterum
1345 3887 1546 3926 carnes
1568 3868 1659 3926 die
1680 3869 1853 3926 vetito
1881 3887 1954 3925 ex
1983 3867 2269 3926 oblivione
2297 3868 2531 3926 mandu-

345 3978 592 4036 cantem,
621 3967 790 4026 debet
815 3969 874 4050 ei·
897 3970 1227 4026 memoriam
1258 3967 1542 4026 refricare.
2349 3951 2369 3962 ’

432 4072 570 4126 112.
613 4067 900 4145 Obligatio
927 4068 1304 4145 correptionis
1345 4068 1530 4144 gravis
1571 4076 1678 4134 est,
1708 4048 2183 4140 quandocumque
2210 4079 2475 4144 peccator
2503 4089 2536 4127 a

349 4165 556 4226 delicto
584 4168 834 4244 graviori
861 4177 1051 4244 potest
1091 4187 1159 4225 ea
1201 4166 1364 4224 facile
1410 4167 1687 4225 revocari.
1772 4166 2077 4234 praesules,
2108 4179 2391 4244 parenteS,
2420 4188 2538 4226 ma-

349 4265 532 4342 gistri,
561 4266 800 4334 domini,
829 4267 1038 4342 aliique
1087 4267 1289 4340 quibus
1335 4266 1576 4324 aliorum
1624 4285 1759 4325 cura
1798 4275 1885 4324 est
1922 4268 2251 4336 commissa,
2295 4269 2540 4343 graviter

352 4376 615 4440 peccant,
645 4365 695 4422 si
723 4367 1012 4446 negligant
1037 4365 1294 4428 subditos
1333 4367 1643 4442 corripere,
1684 4375 1740 4422 et
1781 4366 1865 4424 sic
1903 4365 2062 4424 laxas
2110 4365 2359 4423 habenas
2396 4363 2543 4429 ‚dent

1187 4542 1272 4608 (1)
1311 4540 1453 4590 Matt.
1476 4541 1611 4590 xviii.
1640 4543 1716 4589 15.

517 4617 672 4676 Vol„
703 4619 949 4677 11.—28
