3117 5217
545 505 662 560 398
1175 503 1288 562 DE
1329 501 2107 564 IRREGULARITATE.

548 677 660 747 gat,
713 668 816 728 sed
863 687 940 728 ex
1001 687 1174 728 causa
1231 669 1442 738 illicita,
1497 681 1555 728 et
1618 689 1747 728 cum
1816 669 2069 747 periculo
2132 668 2333 726 mortis
2398 669 2733 745 conjuncta,

547 767 896 826 contrahitur
919 769 1297 844 irregularitas
1317 763 1366 826 :¹
1391 787 1508 828 non
1535 770 1631 836 ita,
1652 770 1702 826 si
1728 787 1919 837 causa,
1940 769 2197 841 quamvis
2224 766 2443 849 illicita,
2473 766 2737 843 periculo

547 867 880 944 plerumque
907 875 1086 934 vacet,
1113 879 1172 926 et
1195 867 1492 946 diligentia
1515 868 1841 926 necessaria
1866 867 2113 926 adhibita
2126 867 2229 933 sit,
2250 875 2387 942 puta
2406 866 2459 922 si
2486 865 2734 923 clericus

547 967 790 1026 ferarum
817 966 1102 1024 venationi
1127 967 1270 1026 dans
1297 985 1552 1046 operam,
1580 985 1715 1026 casu
1744 967 1972 1027 occidat
1990 959 2339 1024 Ιιοῐιιίηοῐιι.2
2418 965 2519 1021 Eo
2545 964 2734 1044 magis

545 1065 870 1142 irregularis
909 1083 1026 1124 non
1065 1077 1156 1125 est
1177 1066 1494 1134 habendus,
1523 1069 1622 1139 qui
1660 1085 1795 1124 casu
1840 1067 2135 1124 hominem
2162 1064 2453 1131 interficit,
2484 1063 2624 1121 dum
2650 1062 2735 1119 rei

545 1163 802 1222 honestae
829 1159 1155 1232 incumbit‚³
1181 1165 1292 1223 nisi
1317 1166 1595 1225 cautelam
1620 1155 2394 1239 necessariamneglexerit?¹
2468 1162 2632 1220 Idem
2660 1160 2734 1218 de

547 1263 922 1331 mutilatione,
965 1265 1328 1340 proportione
1369 1273 1609 1332 servata,
1650 1265 1955 1325 dicendum
2000 1260 2141 1322 est!
2218 1262 2615 1338 Irregularitas
2658 1279 2738 1317 ex

543 1361 858 1420 homicidio
885 1363 1200 1422 voluntario
1227 1383 1332 1440 per
1355 1364 1699 1441 baptismum
1726 1353 1988 1430 tollitur‚⁶
2006 1363 2099 1421 vel
2120 1381 2223 1438 per
2238 1361 2737 1436 dispensationem

545 1461 880 1528 Pontificis3
907 1481 1024 1520 non
1053 1473 1238 1522 autem
1267 1456 1581 1540 episcopi‚⁷
1598 1464 1700 1535 ‘qui
1725 1473 1912 1520 tamen
1942 1462 2091 1520 valet
2114 1461 2445 1536 dispensare
2466 1461 2525 1517 in
2549 1459 2740 1516 homi-

545 1560 698 1618 cidio
725 1559 970 1628 occulto,
993 1561 1146 1632 quod
1171 1581 1326 1632 casu,
1357 1581 1472 1620 non
1499 1561 1783 1620 voluntate
1808 1562 2065 1638 contigit,
2092 1562 2225 1618 licet
2250 1578 2380 1616 cum
2410 1560 2502 1616 cul
2508 1579 2583 1634 pa
2602 1576 2739 1616 con-

541 1661 804 1738 junctum
831 1660 922 1718 sit.
1009 1661 1072 1718 Si
1111 1661 1351 1720 clericus
1391 1661 1735 1737 chirurgiam
1770 1679 2047 1718 exercens
2089 1659 2285 1716 mortis
2324 1658 2499 1715 fuerit
2536 1676 2733 1723 causa,

549 1759 832 1834 imperitia
875 1759 963 1817 vel
1004 1759 1367 1837 negligentia,
1404 1761 1613 1836 poterit
1648 1757 2131 1836 dispensationem
2170 1759 2239 1814 ab
2278 1756 2555 1832 episcopo
2596 1755 2738 1812 reci-

549 1875 704 1934 pere.
789 1857 902 1923 Qui
933 1859 1226 1916 mulierem
1255 1871 1636 1936 praegnantem
1676 1858 2044 1934 percutiendo
2070 1857 2285 1914 abortui
2322 1853 2481 1912 dedit
2518 1856 2736 1921 locum,

547 1965 750 2032 proeter
804 1955 1199 2023 intentionem,
1251 1967 1340 2014 est
1382 1957 1552 2014 etiam
1600 1956 1843 2016 idonens
1896 1955 2311 2034 dispensationi
2364 1953 2732 2030 recipiendae.

547 2053 862 2129 Regulares
891 2055 1223 2113 confessarii
1263 2066 1508 2132 possunt
1531 2055 1865 2131 dispensare
1894 2056 2193 2114 saeculares
2234 2055 2291 2113 in
2328 2055 2493 2111 omni
2521 2055 2739 2128 irregu-

547 2154 762 2212 laritate
805 2152 861 2210 in
888 2171 1000 2226 qua
1039 2165 1280 2230 possunt
1315 2156 1575 2231 episcopi
1615 2175 1743 2214 cum
1784 2157 1907 2213 suis
1944 2155 2205 2220 subditis,
2236 2172 2313 2211 ex
2352 2153 2737 2212 concessione

549 2252 700 2310 Sixti
729 2243 870 2309 lv.⁸

631 2354 764 2406 118.
807 2349 906 2406 Ex
934 2353 1218 2426 apostasia
1243 2371 1276 2408 a
1297 2351 1433 2420 fide,
1457 2352 1550 2410 vel
1576 2353 1781 2410 haeresi
1806 2363 2063 2419 externa,
2092 2353 2225 2409 licet
2248 2351 2497 2417 occulta,
2522 2351 2737 2425 irregu-

545 2450 736 2509 laritas
765 2449 1114 2508 contrahitur
1133 2443 1180 2508 :⁹
1219 2469 1344 2523 quae
1371 2453 1538 2509 etiam
1570 2451 1639 2510 ad
1666 2451 1815 2512 filios
1842 2461 1901 2508 et
1936 2460 2173 2527 nepotes
2201 2448 2547 2507 extenditur.
2636 2448 2738 2505 At-

553 2559 738 2606 tamen
763 2548 910 2625 apud
940 2567 1066 2617 nos,
1095 2551 1244 2608 sieut
1267 2563 1326 2608 et
1350 2551 1408 2608 in
1453 2551 1680 2618 Galliis,
1708 2559 1765 2608 et
1809 2550 2142 2617 Germania,
2169 2549 2422 2606 haeretici
2462 2547 2533 2606 ad
2561 2547 2738 2605 fidem

625 2761 710 2825 (1)
753 2759 853 2810 Tit.
879 2757 938 2811 de
961 2759 1193 2811 hmnicid.
1215 2760 1400 2813 volunt.
1422 2760 1502 2812 vel
1515 2761 1705 2814 casual.

625 2847 710 2910 (2)
751 2847 804 2894 S.
827 2846 977 2909 Alph.
1000 2847 1032 2895 1.
1055 2847 1136 2896 vii.
1158 2863 1209 2896 n.
1233 2851 1349 2897 387.
1417 2857 1447 2882 “
1465 2847 1635 2898 When
1656 2847 1941 2910 archbishop
1962 2849 2125 2896 Abbot
2143 2847 2209 2910 by
2236 2863 2301 2896 an
2321 2846 2641 2896 unfortunate
2662 2860 2739 2893 ac-

547 2929 710 2980 cident
730 2929 830 2978 had
849 2931 996 2980 killed
1011 2947 1042 2980 a
1061 2933 1374 2996 park-keeper
1394 2933 1448 2982 in
1470 2933 1697 2994 shooting
1718 2939 1769 2982 at
1789 2949 1819 2981 a
1838 2933 1949 2986 deer
1970 2932 2091 2982 with
2113 2949 2143 2980 a
2178 2933 2433 2989 crossbow‚
2468 2930 2665 2990 though
2696 2929 2737 2977 it

551 3028 652 3060 was
675 3013 878 3062 allowed
901 3029 966 3062 no
987 3015 1146 3064 blame
1169 3015 1312 3064 could
1333 3017 1393 3064 be
1415 3016 1635 3080 imputed
1656 3023 1707 3064 ιο
1740 3016 1821 3064 the
1855 2999 2144 3080 archbishop
2174 3015 2263 3064 but
2296 3014 2423 3063 from
2456 3014 2541 3061 the
2563 3020 2740 3061 nature

549 3097 607 3144 of
633 3097 714 3144 the
737 3097 993 3158 diversion,
1013 3106 1097 3162 yet
1118 3099 1156 3148 it
1190 3116 1290 3147 was
1313 3085 1522 3161 thou‘ght
1543 3108 1594 3148 to
1616 3101 1755 3162 bring
1776 3101 1899 3159 such
1919 3100 2117 3148 scandal
2140 3115 2272 3163 upon
2294 3099 2376 3147 the
2398 3097 2599 3156 chus-ch,
2636 3096 2745 3144 that

550 3195 611 3227 an
639 3181 844 3242 apology
876 3197 978 3227 was
1000 3183 1254 3242 published
1277 3198 1411 3244 upon
1434 3183 1515 3232 the
1553 3185 1792 3244 occasion,
1828 3186 1989 3234 which
2020 3201 2123 3233 was
2144 3185 2345 3246 warmly
2369 3183 2468 3231 and
2490 3181 2739 3244 leamedly

549 3261 796 3312 answered
817 3263 882 3326 by
907 3262 985 3311 Sir
1013 3264 1184 3328 Henry
1201 3264 1449 3328 Spelman,
1465 3267 1579 3315 who
1596 3269 1896 3320 maintained
1916 3271 2019 3318 that
2040 3270 2123 3318 the
2144 3268 2432 3331 archbishop
2452 3283 2559 3315 was
2578 3267 2633 3315 in
2658 3266 2742 3314 the

547 3347 759 3398 exercise
781 3348 838 3396 of
863 3364 928 3397 an
951 3355 1028 3398 act
1053 3349 1322 3413 prohibited
1341 3352 1406 3414 by
1429 3351 1514 3400 the
1535 3368 1723 3402 canons
1754 3355 1851 3404 and
1892 3355 2175 3403 ordinances
2210 3353 2269 3402 of
2291 3353 2375 3402 the
2411 3352 2612 3410 charoli,
2638 3351 2739 3400 and

549 3431 656 3482 that
677 3431 740 3482 he
760 3447 864 3481 was
884 3447 1007 3482 even
1037 3431 1340 3496 disqualified
1361 3435 1487 3485 from
1509 3437 1781 3500 exercising
1801 3439 1877 3488 his
1900 3438 2117 3501 spiritual
2147 3437 2408 3488 functions.
2478 3436 2591 3484 The
2612 3435 2739 3496 king

552 3518 756 3568 referred
777 3519 860 3568 the
879 3519 1242 3582 consideration,
1271 3520 1328 3568 of
1353 3520 1435 3570 the
1471 3523 1656 3587 subject
1686 3530 1737 3571 ιο
1773 3523 1855 3572 the
1888 3523 1991 3572 lord
2010 3524 2187 3587 keeper
2222 3522 2321 3574 and
2354 3521 2537 3570 several
2571 3521 2629 3570 of
2654 3520 2741 3568 the

547 3604 726 3668 judges
748 3605 844 3653 and
865 3603 1075 3668 bishops,
1098 3605 1210 3654 who
1230 3607 1597 3655 recommended
1618 3608 1657 3656 it
1678 3615 1727 3656 to
1748 3608 1825 3656 his
1848 3609 2049 3674 majesty
2071 3616 2121 3656 to
2156 3614 2295 3670 grant
2315 3607 2391 3655 his
2414 3621 2557 3668 grace
2578 3622 2609 3654 a
2644 3605 2742 3654 dis.-

549 3689 806 3752 pensation
828 3688 885 3738 in
910 3691 1148 3757 majorem
1169 3688 1430 3749 cautelam,
1451 3691 1498 3740 si
1519 3708 1619 3757 qua
1631 3689 1769 3760 sorte
1790 3692 1857 3744 eit
1880 3692 2231 3760 irregularitas
2244 3718 2264 3751 ,-
2300 3691 2464 3740 which
2486 3707 2591 3739 was
2612 3691 2746 3739 done

552 3772 847 3834 acordingly.
915 3772 1008 3820 See
1031 3773 1260 3835 Reliquiae
1285 3773 1468 3836 Spelm.
1495 3775 1639 3823 107.”
1710 3776 1922 3840 Ohitty’s
1947 3778 2253 3837 Blackstone‚
2268 3779 2299 3827 l.
2320 3793 2371 3826 11
2385 3793 2439 3827 n.
2460 3779 2579 3835 413,
2602 3784 2743 3824 note.

551 3851 635 3902 En
658 3871 755 3917 quo
778 3855 1119 3920 archiepiscopi
1141 3857 1349 3918 dignitas
1372 3859 1502 3922 apud
1524 3860 1715 3920 Anglos
1735 3860 1943 3910 deducta
1962 3863 2064 3911 est!
2392 3919 2397 3924 ⁸

623 3941 708 4003 (3)
749 3940 808 3987 G.
827 3941 894 3990 ix.
918 3941 975 3990 de
993 3939 1220 3992 homicid.
1826 3947 1909 4013 (4)
1952 3946 2012 3996 C.
2028 3946 2111 3996 xii.
2134 3948 2234 4000 eod.
2252 3947 2330 4000 tit.

621 4022 707 4085 (5)
747 4019 808 4068 C.
825 4022 888 4070 iv.
910 4023 969 4073 de
990 4030 1179 4090 raptor.
1201 4032 1250 4074 et
1272 4041 1376 4088 cap.
1393 4026 1483 4076 ult.
1502 4025 1560 4076 de
1582 4025 1815 4077 homicid.

622 4106 706 4170 (6)
747 4102 808 4160 0.,
833 4105 889 4154 Si
911 4108 1034 4169 quis,
1058 4109 1172 4159 dist.
1198 4113 1278 4158 50.

623 4192 708 4256 (7)
749 4189 883 4238 Trid.
909 4189 1062 4240 Conc-
1088 4193 1217 4242 Sess.
1242 4194 1376 4244 xxiv·
1398 4195 1456 4246 de
1480 4195 1597 4265 Res.
1619 4213 1661 4246 c.
1685 4198 1749 4247 vi.

628 4278 711 4341 (8)
751 4275 898 4324 Bulla
921 4275 988 4323 ix.

624 4362 708 4426 (9)
750 4359 872 4423 Cap.
894 4360 943 4410 ii.
966 4357 1023 4410 de
1047 4357 1211 4412 haeret.
1233 4361 1351 4442 ³¹³3·
1375 4371 1423 4412 et
1445 4381 1550 4428 cap.
1578 4367 1993 4432 &labem-imum,
2019 4373 2051 4422 i.
2077 4391 2157 4438 qu.
2177 4375 2263 4424 vii.
