3117 5217
632 599 748 654 302
989 593 1103 655 DE
1147 591 1642 654 CHARITATE
1685 591 1917 652 ERGA
1956 591 2432 652 PROXIMUM.

631 761 892 822 ditantes
939 751 1228 839 baptizare
1273 779 1388 820 non
1437 761 1651 828 licere;
1704 777 1881 834 quum
1926 759 2134 836 injuria
2178 761 2495 836 parentibus
2534 756 2701 819 fieret,
2736 751 2777 808 si

635 860 794 938 pueri
821 877 1018 919 eorum
1045 863 1306 938 potestati
1335 851 1832 925 subducerentur,²
1870 867 1929 916 et
1956 867 2371 917 sacramentum
2398 868 2595 915 temere
2620 851 2773 910 admi·

633 959 980 1027 nisti-aretur,
1023 958 1323 1018 deficiente
1376 959 1656 1036 probabili
1705 973 1809 1034 spe
1862 975 2069 1034 pueros
2134 957 2411 1015 catholice
2438 949 2773 1014 educandos.

633 1057 812 1132 Spem
839 1057 988 1116 hanc
1013 1059 1350 1134 plerumque
1377 1057 1579 1116 adesse
1608 1056 1836 1130 quando
1856 1057 1971 1132 ipsi
2000 1065 2261 1132 parentes
2290 1073 2389 1114 eos
2414 1054 2641 1112 afferunt
2661 1049 2777 1121 bap·

637 1153 892 1214 tizandos
919 1159 1144 1216 censuit
1167 1157 1474 1216 concilium
1501 1156 1552 1214 Ι.
1582 1147 2051 1214 ΒεΙιὶιῐιοτειιεε.’

711 1257 809 1312 85.
855 1253 1066 1312 Gravis
1091 1255 1737 1332 necessitas-spiritualis
1764 1273 1834 1312 ea
1858 1254 2081 1321 dicitur,
2110 1255 2173 1312 in
2198 1271 2311 1326 qua
2344 1251 2495 1309 salus
2522 1259 2706 1307 aeterna
2726 1243 2780 1298 fit

631 1351 902 1420 difficilis,
947 1353 1131 1426 qualis
1169 1364 1257 1412 est
1299 1355 1560 1414 omnium
1604 1353 1925 1413 adultorum
1972 1351 2460 1418 moribundorum,
2512 1358 2565 1406 et
2606 1359 2779 1403 eorum

629 1452 890 1510 omnium
915 1453 1014 1526 qui
1037 1462 1234 1512 carent
1257 1454 1575 1512 ministerio
1598 1471 1782 1511 sacro.
1870 1461 1909 1488 “
1932 1453 1999 1510 Si
2036 1452 2339 1528 proximus
2380 1451 2457 1507 sit
2484 1451 2543 1508 in
2564 1439 2779 1504 necessi·

631 1559 739 1608 tate
769 1561 978 1610 tantum
1007 1553 1184 1630 gravi,
1213 1571 1328 1611 non
1357 1553 1568 1610 teneris
1594 1554 1649 1610 ei
1676 1569 2006 1610 succurrere
2032 1569 2163 1608 cum
2185 1549 2439 1629 periculo
2459 1551 2597 1612 vitae,
2616 1543 2777 1602 famae,

631 1649 723 1706 vel
747 1651 1046 1719 bonorum,
1073 1651 1188 1710 nisi
1213 1652 1292 1708 sis
1325 1661 1538 1728 pastor,
1571 1692 1586 1708 .
1620 1694 1633 1708 .
1667 1693 1682 1708 .
1712 1651 1803 1708 vel
1842 1651 1955 1708 nisi
1994 1659 2153 1707 tuum
2192 1649 2465 1714 damnum
2504 1637 2779 1718 temporale

632 1759 784 1806 esset
807 1749 954 1807 leve.
985 1791 1001 1807 .
1033 1791 1049 1807 .
1082 1791 1096 1807 .
1180 1749 1338 1808 Hinc
1379 1750 1577 1808 dicunt
1612 1749 2094 1812 Salmanticenses
2124 1790 2139 1805 .
2172 1789 2186 1805 .
2220 1790 2233 1804 .
2264 1747 2417 1820 quod
2460 1764 2573 1805 non
2598 1735 2776 1798 teneris

631 1847 914 1908 retrahere
939 1859 1264 1924 peccatores
1303 1868 1434 1907 cum
1474 1849 1572 1905 tali
1601 1848 1888 1924 pericu103
1931 1867 2037 1906 nec
2076 1846 2147 1904 ad
2184 1845 2360 1904 Indos
2402 1835 2779 1904 convertendos

629 1946 914 2020 navigare,
941 1965 1072 2004 cum
1101 1948 1214 2004 sint
1237 1947 1334 2004 alii
1360 1948 1459 2018 qui
1485 1947 1596 2004 hoc
1622 1947 1807 2004 facere
1834 1954 2091 2022 possunt,
2118 1954 2177 2003 et
2214 1944 2353 2002 alias
2380 1945 2588 2002 fructus
2610 1941 2677 1996 sit
2708 1936 2778 1992 in·

629 2053 834 2099 certus·
865 2083 881 2099 .
914 2084 928 2100 .
962 2084 977 2100 .
1063 2044 1246 2102 Secus
1274 2043 1406 2102 vero
1448 2053 1502 2102 te
1542 2046 1721 2103 teneri
1747 2043 1945 2103 dicunt
1986 2050 2038 2102 l.
2078 2043 2592 2108 Salmanticenses;
2621 2079 2635 2094 .
2663 2079 2675 2093 .
2702 2075 2715 2091 .
2740 2031 2783 2086 Si

629 2142 1010 2200 communitas
1056 2144 1247 2216 aliqua
1289 2154 1442 2202 esset
1485 2144 1545 2201 in
1584 2145 1743 2220 gravi
1784 2145 2117 2202 necessitate
2156 2142 2469 2217 spirituali;
2509 2141 2636 2213 quia
2674 2145 2781 2189 tunc

629 2259 800 2316 grave
824 2241 1096 2300 damnum
1122 2262 1427 2302 commune
1455 2241 1888 2318 praecavendum
1916 2251 2021 2310 est,
2052 2242 2232 2324 magis
2261 2259 2435 2312 quam
2467 2250 2617 2298 tuum
2646 2228 2785 2309 parfi-

630 2339 838 2396 culare.
909 2340 1068 2397 Hinc
1087 2341 1334 2398 inferunt
1359 2343 1536 2399 teneri
1566 2359 1697 2398 cum
1724 2341 1980 2418 periculo
2010 2343 2135 2398 vitae
2159 2340 2477 2397 ministrare
2504 2345 2785 2416 sacramen·

629 2444 684 2493 ta
709 2437 946 2514 populo,
975 2439 1074 2510 qui
1101 2440 1240 2496 alias
1268 2449 1419 2498 esset
1444 2441 1503 2498 in
1532 2441 1786 2516 periculo
1814 2439 2110 2501 amittendi
2136 2439 2342 2505 fidem;
2372 2439 2466 2495 vel
2492 2438 2541 2493 si
2565 2443 2783 2506 tempore

629 2539 809 2612 pestis
841 2537 1088 2612 populus
1113 2539 1188 2595 sit
1211 2541 1370 2598 omni
1397 2539 1689 2597 sacerdote
1717 2532 2113 2596 destitutus.”³
2192 2539 2446 2614 Egregie
2474 2539 2582 2593 hoc
2607 2541 2783 2590 munus

631 2634 916 2708 charitatis
962 2635 1356 2710 impleverunt,
1404 2646 1673 2712 regnante
1715 2636 2075 2703 Elizabetha,
2122 2637 2351 2712 plurimi
2399 2632 2702 2692 sacerdotes
2738 2625 2787 2680 in

632 2734 840 2810 Anglia
865 2743 924 2790 et
950 2731 1248 2802 Hibernia,
1277 2735 1577 2810 suppliciis
1605 2752 1709 2809 pro
1734 2733 1847 2790 fide
1874 2729 2159 2808 gloriosi.⁴
2240 2743 2278 2769 ‘⁴
2301 2734 2518 2792 Dicunt
2542 2731 2615 2788 II.
2636 2722 2787 2786 teneri

633 2833 690 2890 in
719 2833 876 2908 gravi
903 2834 1260 2899 necessitate,
1290 2820 1488 2904 quiex
1513 2831 1706 2888 officio
1732 2831 1903 2888 debet
1926 2832 2250 2898 subvenire,
2271 2833 2447 2890 modo
2464 2838 2644 2907 speret
2666 2827 2789 2884 fruc·

633 2939 771 2986 tum.
858 2929 916 2985 H
922 2931 1014 2984 inc
1044 2939 1302 2988 tenentur
1326 2948 1400 2986 ex
1420 2929 1645 3006 justitia
1671 2938 1947 3005 pastores,
1976 2930 2197 2987 scilicet
2218 2931 2483 3006 episcopi
2509 2938 2565 2987 et
2587 2922 2791 3004 parochi

633 3045 764 3086 eum
795 3026 1052 3102 periculo
1079 3030 1228 3095 vitae,
1253 3025 1569 3086 ministrare
1597 3028 1798 3085 ovibus
1827 3029 2193 3086 Sacramenta
2218 3030 2571 3086 neceesaria:
2599 3038 2657 3084 ut
2674 3025 2789 3096 bap-

633 3128 864 3184 tismum
893 3135 948 3182 et
973 3129 1123 3201 poen‘
1250 3129 1377 3193 ἐπι,
1407 3145 1523 3185 non
1549 3124 1683 3183 vero
1710 3126 1839 3184 alia.
1896 3127 2023 3183 Nec
2050 3137 2243 3202 pastor
2266 3135 2457 3204 potest
2480 3138 2609 3186 tunc
2623 3121 2787 3182 officio

631 3225 982 3306 renunciare,
1011 3137 1351 3298 noeman
1375 3226 1518 3282 alios
1547 3225 1886 3282 substituere
1912 3243 2044 3283 cum
2077 3227 2234 3302 justa
2257 3227 2489 3284 licentia
2516 3219 2787 3284 ordinarii,

630 3329 692 3378 ut
717 3318 1046 3399 Laymarm
1075 3339 1148 3379 ex
1175 3321 1500 3380 communi.
1533 3365 1549 3380 .
1583 3364 1597 3380 .
1631 3364 1646 3379 .
1731 3322 1907 3381 Addit
1932 3323 2233 3382 Suaresius
2261 3324 2415 3396 quod
2456 3335 2643 3404 pastor
2665 3331 2791 3378 tene·

633 3429 722 3478 tur
748 3421 918 3478 etiam
945 3439 1074 3478 curn
1101 3439 1309 3498 magno
1339 3439 1444 3479 suo
1470 3420 1680 3480 damno
1708 3422 2008 3498 temporali
2047 3441 2346 3498 procurare
2376 3441 2637 3501 magnam
2668 3417 2791 3480 utili·

636 3529 806 3578 tatem
843 3520 1193 3596 spiritualem
1229 3517 1534 3579 subditi.”⁵
1615 3521 1707 3582 De
1746 3521 2013 3580 omnibus
2052 3521 2439 3581 sacerdotibus
2480 3522 2707 3579 affirmat
2736 3517 2789 3572 S.

636 3619 990 3696 Alphonsus,
1033 3637 1134 3677 eos
1180 3621 1376 3687 teneri,
1426 3621 1595 3678 etiarn
1642 3603 1794 3678 cum
1820 3620 1946 3676 vitae
1987 3619 2259 3695 periculo,
2302 3621 2373 3678 ad
2418 3616 2790 3678 absolvendum

637 3719 1040 3778 moribundum
1085 3720 1182 3791 qui
1230 3720 1605 3776 ‘sshabituatus
1652 3720 1729 3776 sit
1769 3719 1826 3778 in
1872 3719 2143 3793 peccatiS,
2180 3727 2237 3774 et
2280 3719 2357 3776 sit
2392 3719 2537 3776 adeo
2572 3715 2714 3774 rudis
2744 3719 2793 3769 ut

610 3818 852 3892 ,nesciat
901 3829 1084 3876 actum
1139 3818 1492 3876 contritionis
1557 3817 1784 3875 elicere.
1830 3856 1846 3874 .
1892 3857 1907 3873 .
1952 3858 1968 3873 .
2052 3816 2343 3891 Tempore
2402 3827 2591 3875 autem
2638 3812 2792 3890 pestis

639 3930 850 3972 censeo
901 3935 1033 3974 cum
1086 3916 1387 3992 Laymann
1419 3956 1433 3972 .
1466 3959 1481 3972 .
1514 3957 1529 3973 .
1559 3925 1755 3973 contra
1796 3914 2031 3973 Palaum
2065 3956 2079 3972 .
2111 3955 2127 3971 .
2162 3955 2176 3971 .
2209 3956 2225 3972 .
2248 3911 2433 3973 ‘teneri
2484 3912 2795 3973 sacerdotes,

636 4009 1029 4070 deficientibus
1058 4015 1203 4082 aliis,
1231 4015 1522 4078 absolvere
1551 4013 1919 4073 moribundos
1946 4033 2080 4072 cum
2119 4014 2376 4088 periculo
2411 4015 2560 4079 vitae,
2588 4012 2714 4083 quia
2747 4009 2799 4064 in

637 4116 788 4164 tanta
827 4112 1184 4170 multitudine
1226 4113 1589 4172 morientium
1630 4131 1942 4184 numquam
1982 4111 2249 4170 deficient
2284 4109 2634 4187 hujusmodi,
2660 4111 2799 4187 igno-

635 4202 925 4264 rantes.”⁵

705 4351 790 4418 (1)
837 4349 888 4397 S.
911 4347 1090 4397 Thom.
1109 4353 1156 4398 2.
1181 4353 1268 4402 2ae.
1290 4368 1371 4415 qu.
1395 4369 1444 4405 x.
1467 4361 1552 4402 art.
1576 4355 1661 4404 xii.
1732 4353 1830 4404 Sed
1842 4359 2014 4405 contra
2036 4358 2129 4404 est.

713 4436 798 4498 (2)
837 4433 978 4482 Decr-
1002 4433 1118 4481 xvii·
2118 4439 2201 4502 (a)
2241 4435 2462 4500 s.A1p11.
2485 4437 2515 4484 1.
2538 4434 2591 4485 ii.
2612 4450 2661 4482 n.
2684 4435 2759 4481 27.

725 4519 810 4581 (4)
858 4517 978 4565 Vide
999 4526 1029 4549 ‘⁴
1047 4517 1278 4567 Memoirs
1300 4519 1357 4567 of
1383 4517 1675 4584 Missionary
1697 4519 1923 4571 Priestsss’
2120 4524 2218 4588 (5).
2244 4521 2471 4588 S.A1ph.
2493 4518 2584 4570 ubi
2604 4533 2770 4585 eupra-
