3117 5217
504 577 585 632 ⁷6
842 569 957 630 DE
1000 569 1265 629 MODIS
1305 569 1841 638 ACQUIRENDI
1882 568 2351 629 DOMINIUM.

508 749 783 812 quatenus
812 755 959 813 opus
986 737 1079 803 sit,
1102 736 1367 806 vendere,
1396 747 1459 795 ut
1497 736 1751 794 defuncti
1777 755 1854 794 aes
1895 736 2167 804 alienum,
2197 746 2254 794 et
2277 735 2460 812 legata
2485 732 2687 792 solvat.

508 837 800 913 Imprimis
826 835 1131 894 curationis
1155 836 1212 893 in
1240 835 1441 893 ultimo
1481 835 1680 892 morbo
1702 833 1973 902 defuncti,
1995 845 2054 892 et
2079 835 2294 892 funeris
2317 835 2615 910 impensae,
2635 841 2692 888 et

508 935 851 993 famulorum
874 933 1157 1012 stipendia
1179 933 1452 992 solvenda
1472 945 1639 992 sunt:
1671 932 1940 1008 deinceps
1963 951 2150 991 annua
2168 934 2372 1009 pensio
2393 929 2690 995 domicilii,
2752 917 2760 921 ”

506 1035 568 1092 in
594 1053 708 1106 quo
730 1033 991 1092 ultimum
1018 1051 1227 1104 annum
1257 1033 1383 1090 vitae
1410 1032 1583 1108 degit.
1625 1033 1692 1090 In
1715 1041 2044 1090 caeterorum
2065 1032 2377 1090 debitorum
2407 1030 2690 1088 solutione

510 1131 651 1192 ordo
680 1151 795 1191 non
822 1143 913 1190 est
936 1131 1269 1190 servanduS.
1355 1130 1525 1197 Quod
1552 1132 1604 1188 si
1631 1132 1780 1188 bona
1805 1130 2058 1189 defuncti
2087 1150 2203 1189 non
2229 1130 2533 1195 sufficiant,
2563 1145 2689 1199 quae

507 1232 665 1307 prius
694 1230 1069 1288 indicavimus
1098 1229 1371 1289 solvenda
1398 1239 1551 1298 sunt,
1572 1239 1772 1286 caetera
1798 1228 2069 1306 deinceps
2089 1249 2194 1306 pro
2221 1241 2338 1286 rata
2365 1237 2556 1306 parte:
2585 1225 2690 1283 sed

511 1348 603 1388 res
634 1328 900 1406 judicatae
928 1339 984 1386 et
1009 1329 1352 1406 hypothecae
1380 1330 1495 1387 vim
1524 1328 1736 1386 habent
1761 1329 2094 1404 specialem.
2179 1329 2278 1386 Sic
2304 1329 2474 1386 habet
2500 1326 2692 1383 Penn-

495 1429 785 1504 ‚sylvanioe
812 1425 959 1486 lex.¹
1024 1428 1137 1488 Est
1162 1428 1438 1491 nonnulla
1462 1429 1657 1504 legum
1686 1425 1985 1485 diversitas
2013 1429 2070 1484 in
2098 1429 2223 1486 aliis
2253 1427 2504 1484 Statibus
2528 1445 2544 1491 ;
2587 1424 2692 1481 sed

506 1527 840 1604 plerumque
866 1527 1081 1585 funeris
1110 1539 1165 1586 et
1191 1527 1379 1586 ultimi·
1396 1527 1579 1585 morbi
1608 1528 1882 1602 impensae
1911 1527 2194 1602 imprimis
2215 1524 2504 1584 solvendae
2533 1533 2684 1588 sunt;

510 1625 779 1702 deinceps
808 1644 932 1697 quae
959 1626 1099 1683 fisco
1127 1645 1395 1702 supremo
1427 1625 1721 1692 debentur,
1761 1635 1818 1682 et
1844 1645 1969 1698 quae
2002 1625 2221 1700 judicio
2247 1626 2481 1701 probata
2519 1633 2684 1680 sunt:

510 1733 710 1782 caetera
738 1723 983 1795 denique
1013 1727 1133 1801 pari
1161 1727 1307 1782 inter
1332 1743 1397 1782 se
1424 1720 1698 1784 18110118.Β
1776 1725 1844 1784 In
1885 1724 2314 1800 Pennsylvania
2339 1743 2465 1797 quae
2507 1721 2692 1778 Stat-ui

490 1822 780 1898 debentur
821 1822 1021 1881 ultimo
1062 1833 1349 1899 ponuntur
1384 1823 1513 1881 loco
1534 1819 1582 1880 :³
1621 1824 1681 1880 in
1719 1823 2006 1882 nonnullis
2049 1824 2172 1881 aliis
2201 1824 2450 1881 Statibus
2492 1821 2688 1898 hujus-

508 1920 663 1979 modi
692 1921 880 1979 debita
905 1923 1031 1979 aliis
1058 1922 1451 1998 praeferuntur.

588 2023 685 2076 88.
731 2019 943 2076 Nullus
973 2019 1124 2095 apud
1163 2039 1269 2078 nos
1296 2031 1453 2078 actus
1494 2021 1796 2091 requiritur
1836 2041 1952 2094 quo
1993 2021 2301 2080 haereditati
2329 2021 2456 2094 quis
2482 2037 2690 2078 renun-

508 2117 624 2175 tiet.
712 2117 855 2184 Quae
884 2118 1048 2176 alicui
1076 2121 1433 2195 contingunt,
1462 2119 1576 2177 alio
1603 2119 1932 2188 decedente,
1953 2121 2086 2197 jura
2111 2121 2299 2178 valent
2323 2122 2453 2196 ipso
2479 2139 2548 2176 ea
2569 2119 2690 2176 vin-

509 2215 747 2273 dicante.
792 2216 961 2284 Quod
988 2218 1036 2275 si
1058 2219 1394 2294 neglexerit,
1418 2219 1509 2276 vel
1538 2237 1640 2274 sua
1663 2220 1851 2296 culpa,
1877 2221 1965 2277 vel
1994 2219 2147 2291 quod
2174 2230 2415 2276 mortem
2443 2219 2692 2275 defuncti

510 2315 873 2388 ignoraverit,
922 2317 1127 2392 poterit
1170 2317 1439 2393 deinceps
1488 2319 1585 2394 jus
1632 2335 1801 2376 suum
1855 2319 2125 2395 prosequi
2171 2337 2358 2376 coram
2407 2317 2688 2383 tribunali,

510 2412 681 2470 modo
708 2412 1033 2473 diuturnum
1076 2424 1299 2492 tempus
1343 2416 1570 2492 lapsum
1612 2435 1727 2475 non
1769 2418 1860 2485 sit,
1903 2417 2044 2475 adeo
2083 2426 2147 2474 ut
2182 2417 2279 2475 lex
2319 2435 2444 2489 quae
2484 2415 2690 2472 dicitur

507 2509 947 2572 [imitationum
988 2516 1190 2572 obstet.
1278 2515 1341 2573 Si
1394 2509 1716 2572 haere'dibus
1769 2535 1886 2575 non
1927 2517 2431 2592 innotescentibuS,
2479 2515 2690 2591 conjux

508 2621 681 2668 totam
722 2613 832 2670 sibi
872 2613 1121 2671 vindicet
1162 2613 1594 2676 haereditatem,'
1614 2616 1782 2692 juxta
1823 2615 2010 2692 legem
2053 2615 2513 2691 Pennsylvaniae,
2559 2623 2692 2688 post

510 2729 722 2769 annum
752 2731 783 2767 a
809 2722 1010 2780 morte,
1040 2714 1097 2770 in
1126 2712 1583 2788 ephemeridibus
1627 2725 1929 2772 monentur
1968 2733 2170 2772 omnes
2203 2715 2300 2789 qui
2317 2715 2416 2791 jus
2457 2711 2686 2784 aliquod

506 2809 613 2865 sibi
650 2809 954 2876 vindicant,
995 2821 1057 2867 ut
1095 2821 1460 2886 compareant
1504 2811 1564 2867 in
1591 2813 1778 2869 curia:
1821 2813 2052 2870 nemine
2087 2822 2284 2886 autem
2327 2821 2686 2886 comparente

506 2907 660 2962 curia
688 2915 858 2963 totam
888 2909 1117 2984 conjugi
1142 2909 1428 2982 superstiti
1466 2908 1798 2967 tradendam
1839 2905 2143 2970 decernit.⁴
2223 2912 2286 2968 Si
2315 2911 2502 2968 nullus
2529 2927 2685 2984 pror-

508 3020 606 3059 sus
634 3004 991 3079 propinquus
1030 3007 1103 3062 sit
1129 3005 1294 3062 alicui
1336 3005 1626 3076 defuncto,
1667 3009 1840 3067 fiscus
1878 3011 2028 3070 bona
2069 3012 2196 3088 ejus
2243 3010 2353 3067 sibi
2387 3001 2688 3065 vindicat.⁵

507 3099 661 3156 Intra
690 3112 908 3177 septem
936 3123 1114 3162 annos
1142 3116 1385 3179 possunt
1410 3108 1716 3182 propinqui
1736 3109 1866 3186 jura
1909 3127 2014 3166 sua
2053 3111 2110 3168 in
2145 3108 2459 3167 immobilia
2498 3123 2688 3183 prose-

509 3199 641 3270 qui3
687 3201 832 3258 intra
857 3202 1321 3272 quinquennium·
1344 3206 1403 3262 in
1430 3197 1722 3263 1110111118.ὃ

578 3367 661 3432 (1)
702 3366 827 3415 Vide
850 3367 1091 3417 Purdon's
1113 3369 1303 3432 Digest,
1326 3379 1410 3420 art.
1434 3373 1712 3424 Executors
1735 3375 1843 3425 and
1861 3373 2297 3433 Administrators,
2319 3380 2434 3422 sect.
2455 3373 2554 3422 xxi.

574 3452 658 3516 (2)
698 3459 727 3482 ‘⁴
740 3451 996 3516 Expenses
1016 3454 1074 3502 of
1086 3454 1167 3503 the
1190 3455 1281 3503 last
1312 3457 1542 3517 siclmess‚
1584 3459 1680 3506 and
1717 3459 1904 3507 funeral
1943 3459 2041 3507 and
2086 3461 2280 3522 probate
2315 3459 2526 3519 charges,
2558 3457 2682 3505 have

500 3550 642 3598 every
659 3536 820 3585 where
841 3536 923 3585 the
945 3539 1238 3601 preference3
1262 3541 1355 3589 and
1378 3543 1620 3606 generally
1644 3543 1778 3591 debts
1800 3544 1895 3592 due
1917 3551 1966 3592 to
1989 3545 2071 3593 the
2094 3543 2276 3593 United
2294 3543 2452 3592 States
2467 3543 2563 3592 and
2587 3544 2669 3592 the

500 3620 634 3670 State
657 3638 736 3671 are
756 3630 877 3672 next
896 3624 1145 3686 preferred,
1168 3625 1264 3673 and
1304 3626 1417 3674 then
1460 3627 1522 3675 all
1546 3627 1682 3675 other
1703 3627 1838 3676 debts
1860 3644 1939 3676 are
1961 3628 2132 3692 placed
2153 3644 2218 3676 on
2241 3643 2306 3676 an
2329 3628 2555 3691 equality,
2579 3627 2676 3675 and

498 3710 611 3773 paid
632 3713 858 3778 rateably,
879 3712 934 3761 in
967 3713 1049 3762 the
1082 3731 1191 3762 case
1226 3715 1282 3762 of
1308 3732 1337 3764 a
1370 3715 1636 3778 deficiency
1659 3715 1715 3764 of
1743 3723 1918 3775 assets;
1952 3718 2040 3765 but
2071 3716 2193 3765 with
2227 3717 2311 3765 the
2337 3715 2591 3778 exception
2613 3731 2680 3763 no

501 3794 651 3843 doubt
672 3796 728 3844 of
752 3799 877 3858 legal
898 3799 1036 3859 liens,
1058 3800 1103 3849 if
1116 3801 1247 3850 there
1268 3804 1326 3850 be
1350 3818 1446 3865 any
1469 3802 1591 3852 such
1613 3803 1896 3864 recognized
1916 3804 1981 3865 by
2005 3801 2146 3852 law..''
2217 3802 2392 3851 Kent's
2423 3800 2681 3850 Commen-

500 3879 595 3926 vol.
618 3879 666 3926 ii.
689 3887 795 3941 part
815 3897 861 3928 v.
884 3882 970 3930 lec.
992 3886 1179 3934 xxxvii.
1213 3903 1261 3933 n.
1284 3889 1401 3935 419.

570 3964 657 4027 (3)
697 3963 824 4013 Vide
847 3965 1058 4014 Purdon'
1062 3985 1085 4015 s
1108 3969 1291 4030 Digest,
1315 3973 1420 4020 loco
1440 3973 1520 4022 cit.
1614 3991 1621 3998 ·

576 4048 661 4112 (4)
700 4048 899 4108 Ibidem,
922 4051 1019 4099 Act
1040 4052 1097 4099 of
1123 4053 1209 4100 oth
1233 4055 1289 4101 of
1314 4056 1468 4118 April,
1495 4061 1641 4118 1833,
1665 4066 1749 4108 art.
1774 4058 2002 4111 Escheat.

574 4133 711 4196 (5)‘
715 4132 789 4180 ‘If
815 4149 911 4196 any
933 4149 1122 4196 person,
1143 4136 1257 4184 who
1278 4143 1330 4185 at
1350 4139 1431 4187 the
1452 4141 1570 4190 time
1592 4143 1650 4190 of
1676 4143 1754 4191 his
1794 4161 1848 4192 or
1879 4144 1966 4192 her
1996 4143 2155 4204 death,
2176 4160 2280 4193 was
2319 4143 2476 4192 seized
2499 4159 2553 4192 or
2572 4159 2680 4208 pos-

508 4215 670 4264 sessed
704 4217 759 4264 of
785 4234 883 4281 any
916 4219 1013 4267 real
1046 4235 1100 4267 or
1130 4223 1349 4283 persona!
1382 4230 1531 4272 estate
1567 4226 1739 4275 within
1771 4227 1867 4289 this
1900 4228 2318 4286 commonwealth,
2351 4227 2430 4276 die
2463 4230 2685 4278 intestato

514 4300 722 4350 without
741 4303 883 4363 heirs,
906 4320 959 4352 or
980 4319 1076 4366 any
1099 4298 1283 4354 known
1303 4307 1519 4368 kindsed,
1542 4311 1666 4360 such
1697 4318 1846 4360 estate
1879 4313 2001 4362 shall
2034 4315 2228 4363 escheat
2261 4321 2311 4364 to
2332 4315 2415 4364 the
2436 4330 2682 4364 common-

502 4385 692 4444 wealth,
716 4387 899 4451 subject
918 4394 968 4436 to
990 4388 1054 4436 all
1076 4389 1201 4450 legal
1222 4390 1454 4440 demands
1475 4409 1541 4442 on
1563 4394 1645 4443 the
1666 4395 1845 4444 same.''
1915 4397 2112 4458 Ibidem,
2135 4398 2235 4448 Act
2255 4399 2313 4448 of
2327 4396 2448 4450 29th
2470 4400 2528 4448 of
2541 4399 2674 4462 Sept.

514 4472 658 4519 1787.
913 4507 916 4511 .
1522 4479 1610 4544 (6)
1649 4479 1845 4540 Ibidem.
