3117 5217
599 543 718 605 33⁰
1151 537 1264 598 DE
1303 535 1643 598 JUDICIO
1684 535 2209 598 TEMERARIO.

607 715 647 742 ‘⁶
671 706 880 766 melius
905 703 1172 778 estquod
1195 673 1402 777 aliquis
1427 703 1751 777 frequenter
1777 704 2015 772 fallatur,
2034 705 2251 762 habens
2296 704 2501 762 bonam
2542 705 2734 782 opinio-

599 825 732 866 nem
751 805 820 862 de
837 805 1026 876 aliquo
1051 805 1204 862 malo
1231 803 1488 872 homine,
1505 821 1675 875 quam
1704 802 1859 875 quod
1882 803 2061 862 rarius
2089 803 2309 861 fallatur
2334 803 2543 860 habens
2560 804 2739 861 malam

601 905 928 983 opinionem
973 901 1046 960 de
1083 903 1274 975 aliquo
1315 885 1548 960 homine
1588 903 1775 969 bon03
1818 904 1955 974 quia
1990 921 2066 962 ex
2110 903 2221 960 hoc
2264 902 2328 958 fit
2352 903 2553 978 injuria
2571 902 2737 968 alicui,

600 1023 716 1064 non
743 1011 932 1060 autem
957 1018 1035 1058 ex
1059 996 1340 1078 primo.”¹
1423 1001 1556 1059 Hoc
1584 1002 1819 1059 interest
1843 1001 2192 1060 discriminis
2219 1003 2366 1059 inter
2390 1019 2479 1058 res
2506 1011 2559 1058 et
2582 1001 2740 1059 homi·

601 1121 723 1169 nes,
739 1099 894 1174 quod
911 1099 1256 1176 judiciorum
1277 1101 1482 1158 veritas
1497 1100 1569 1158 de
1596 1102 1765 1158 rebus
1795 1102 2043 1158 maxime
2060 1098 2361 1172 quaerenda
2386 1100 2478 1167 sit,
2506 1116 2744 1157 neci-mre

597 1200 888 1266 labamur3
915 1197 1018 1256 sed
1039 1198 1109 1256 de
1135 1199 1464 1258 hominibus
1486 1200 1791 1276 benignius
1810 1199 2090 1276 judicium
2117 1199 2457 1275 plerumque
2482 1198 2749 1257 ferendum

601 1301 676 1358 sit
699 1317 774 1358 ex
799 1298 1084 1356 charitatis
1111 1298 1342 1366 affectu,
1371 1299 1466 1356 ubi
1493 1300 1577 1356 rei
1602 1299 1806 1356 veritas
1848 1287 1963 1356 non
2004 1307 2173 1373 patet.
2260 1306 2301 1333 ‘⁶
2319 1297 2495 1354 Aliud
2520 1308 2605 1356 est
2620 1296 2747 1375 judi·

601 1415 730 1458 care
755 1397 828 1457 de
855 1397 1046 1464 rebus,
1075 1406 1134 1455 et
1157 1396 1308 1456 aliud
1333 1396 1404 1454 de
1435 1397 1787 1456 hominibus.
1871 1397 1941 1455 In
1979 1396 2203 1473 judicio
2244 1397 2399 1454 enim
2453 1397 2513 1454 in
2552 1415 2659 1469 quo
2692 1395 2749 1453 de

601 1497 768 1556 rebus
787 1495 1132 1573 judicamus,
1157 1514 1272 1554 non
1297 1495 1599 1554 attenditur
1622 1497 1836 1554 bonum
1862 1495 1952 1553 vel
1978 1496 2193 1554 malum
2212 1513 2285 1552 ex
2311 1505 2469 1570 parte
2497 1497 2669 1572 ipsius
2687 1497 2754 1553 rei

601 1595 674 1654 de
700 1614 812 1669 qua
829 1594 1174 1672 judicamuS,
1195 1597 1288 1652 cui
1313 1595 1460 1652 nihil
1487 1605 1655 1653 nocet
1678 1594 2165 1667 qualitercumque
2182 1593 2512 1672 judicemus
2533 1593 2602 1651 de
2618 1597 2754 1672 ipsa:

609 1695 712 1753 sed
737 1693 1036 1754 attenditur
1061 1694 1139 1752 ibi
1161 1694 1351 1751 solum
1369 1695 1581 1751 bonum
1598 1692 1926 1770 judicantis,
1944 1693 1994 1750 si
2019 1711 2151 1750 vere
2170 1692 2411 1770 judicet,
2435 1695 2529 1751 vel
2550 1695 2757 1761 malum,

609 1797 660 1853 si
686 1792 830 1852 falso
855 1813 869 1849 :
911 1794 1046 1864 quia
1071 1811 1264 1850 verum
1293 1801 1382 1849 est
1405 1794 1617 1850 bonum
1643 1793 1980 1860 intellectus,
2010 1791 2216 1851 falsum
2246 1802 2431 1849 autem
2460 1801 2549 1849 est
2570 1794 2757 1851 malum

609 1893 812 1968 ipsius.
845 1932 860 1947 .
893 1931 908 1946 .
939 1931 955 1946 .
986 1891 1068 1948 Et
1105 1889 1236 1948 ideo
1275 1892 1669 1963 unusquisque
1710 1890 1879 1948 debet
1916 1892 2019 1948 niti
2058 1891 2127 1948 ad
2170 1890 2302 1958 hoc,
2332 1891 2490 1964 quod
2518 1893 2590 1950 de
2615 1893 2761 1950 rebus
2814 1940 2825 1944 -

599 1989 819 2067 judicet
843 1988 1159 2045 secundum
1187 1987 1340 2061 quod
1368 1997 1520 2045 sunt.
1605 1988 1723 2046 Sed
1750 1991 1808 2047 in
1829 1989 2049 2067 judicio
2076 2008 2191 2063 quo
2221 1989 2553 2067 judicamus
2592 1991 2659 2050 de
2683 1991 2766 2050 ho-

607 2087 876 2152 minibus,
905 2087 1190 2162 praecipue
1217 2085 1516 2144 attenditur
1539 2088 1756 2146 bonum
1782 2099 1840 2146 et
1863 2089 2075 2146 malum
2100 2107 2176 2146 ex
2215 2099 2371 2164 parte
2406 2091 2537 2166 ejus
2574 2090 2645 2148 de
2670 2109 2767 2163 quo

596 2186 919 2266 judicatur:
949 2186 1050 2258 qui
1074 2187 1134 2244 in
1160 2186 1270 2243 hoc
1295 2186 1422 2262 ipso
1442 2185 1788 2245 honorabilis
1810 2187 2063 2256 habetur,
2086 2187 2238 2261 quod
2260 2188 2445 2246 bonus
2463 2189 2765 2264 judicatur3

610 2295 666 2344 et
685 2285 1144 2360 contemptibilia,
1174 2286 1222 2342 si
1243 2282 1530 2362 judicetur
1556 2287 1757 2344 malua.
1845 2286 1925 2344 Et
1951 2285 2080 2344 ideo
2108 2287 2179 2344 ad
2203 2287 2313 2345 hoc
2340 2289 2531 2366 potius
2560 2288 2768 2346 tendere

611 2384 888 2442 debemus
915 2385 974 2440 in
1003 2383 1098 2440 tali
1115 2382 1358 2458 judici0‚
1376 2383 1532 2456 quod
1555 2383 1853 2443 hominem
1872 2385 2203 2462 judicemus
2220 2388 2457 2455 bonum,
2478 2388 2591 2445 nisi
2607 2387 2766 2444 mani-

606 2483 749 2541 festa
774 2483 916 2540 ratio
943 2483 1000 2541 in
1028 2482 1366 2540 contrarium
1397 2479 1771 2560 appareat.”²

701 2585 835 2642 167.
878 2582 962 2640 Ut
997 2599 1166 2659 grave
1195 2581 1251 2639 in
1271 2581 1492 2659 judicio
1533 2583 1830 2640 temerario
1856 2583 1933 2639 sit
1969 2593 2283 2658 peccatum,
2312 2576 2597 2642 temeritas
2624 2583 2776 2641 debet

615 2700 744 2738 esse
773 2682 1063 2739 notabilis:
1103 2681 1336 2739 sienim
1376 2681 1585 2740 indicia
1623 2688 1926 2757 suppetant
1963 2683 2173 2757 gravia,
2208 2682 2341 2740 licet
2380 2702 2495 2741 non
2542 2683 2776 2741 efficiant

613 2779 1028 2847 certitudinem,
1058 2784 1426 2838 temeritatem
1449 2781 1654 2856 judicii
1694 2778 2001 2838 admodum
2030 2783 2311 2840 minuunt.
2400 2783 2501 2840 Sic
2525 2802 2639 2840 non
2664 2800 2779 2857 gra-

615 2880 760 2935 viter
785 2888 1052 2954 peccatur
1069 2877 1379 2954 judicando
1419 2878 1713 2936 mulierem
1753 2897 1882 2936 esse
1924 2879 2253 2948 adulteram,
2284 2899 2455 2954 quam
2496 2883 2623 2953 quis
2648 2880 2782 2938 vidit

617 2978 808 3035 minus
837 2977 1038 3052 pudice
1067 2995 1230 3053 agere
1269 2995 1398 3034 cum
1441 2976 1631 3050 aliquo
1672 2978 1909 3036 occulte.
1993 2977 2044 3034 A
2073 2981 2379 3037 temeritate
2424 2982 2595 3038 etiam
2622 2999 2781 3038 excu-

616 3086 790 3144 satur,
819 3077 918 3148 qui
936 3075 1156 3151 judicat
1180 3077 1429 3148 aliquem
1453 3095 1585 3134 esse
1626 3077 1863 3144 ebrium,
1904 3095 2075 3149 quem
2104 3078 2241 3135 alias
2280 3081 2442 3137 novit
2472 3080 2662 3137 nimiae
2688 3099 2779 3156 po-

616 3176 811 3230 tationi
838 3173 1170 3250 indulgere;
1213 3174 1565 3232 consuetudo
1593 3177 1745 3232 enim
1764 3175 2191 3234 fundamentum
2220 3179 2431 3253 praebet
2456 3177 2782 3256 suspicandi

616 3289 748 3328 eum
788 3270 1004 3327 ebrium
1051 3289 1202 3338 esse,
1249 3271 1383 3328 licet
1422 3273 1550 3342 quis
1595 3291 1711 3330 non
1748 3274 1953 3332 debeat
1990 3294 2122 3332 eum
2161 3276 2421 3352 judicare
2466 3296 2651 3345 reum,
2678 3278 2781 3337 nisi

615 3368 840 3428 indiciis
875 3369 1210 3427 manifestis.

701 3473 835 3528 168.
879 3467 1120 3527 Certum
1149 3469 1323 3527 animi
1342 3467 1647 3546 judicium,
1690 3481 1747 3529 et
1786 3472 2161 3531 voluntarium
2206 3475 2281 3531 sit
2319 3474 2661 3552 plerumque
2698 3493 2786 3534 ne-

618 3589 782 3628 cesse
819 3577 924 3636 est,
952 3577 1014 3626 ut
1037 3588 1208 3647 grave
1235 3570 1310 3625 sit
1333 3580 1630 3646 peccatum
1654 3591 1668 3627 ε
1710 3590 1841 3628 nam
1868 3591 1997 3644 quae
2022 3573 2198 3630 menti
2238 3575 2619 3633 obversantur
2642 3577 2785 3653 cogi-

619 3672 884 3736 tationes,
937 3669 1406 3745 suspicionesque
1459 3669 1793 3744 plerumque
1844 3672 2030 3728 caveri
2088 3682 2396 3744 nequeunt,
2450 3684 2508 3731 et
2559 3693 2786 3732 assensu

619 3768 940 3835 deficiente,
967 3787 1083 3826 non
1109 3769 1470 3844 imputantur.
1559 3766 1711 3826 Hinc
1752 3770 1833 3845 pii
1871 3769 2131 3827 homines
2174 3774 2305 3849 angi
2343 3791 2456 3829 non
2490 3773 2703 3832 debent
2725 3773 2790 3831 ob

610 3865 830 3943 judicia
855 3885 982 3938 quae
1011 3867 1116 3924 sibi
1144 3867 1402 3924 videntur
1422 3866 1609 3925 facere
1630 3869 1955 3926 temeraria:
1986 3887 2117 3927 nam
2138 3872 2228 3928 vel
2254 3883 2568 3948 suppetunt
2589 3873 2790 3932 indicia

620 3964 737 4022 fere
765 3973 934 4032 certa,
964 3966 1054 4023 vel
1082 3966 1254 4023 animi
1273 3965 1554 4043 judicium
1592 3968 1924 4042 plerumque
1952 3986 2070 4026 non
2096 3979 2183 4026 eet
2206 3988 2353 4046 pene
2381 3972 2788 4038 voluntarium3

521 4133 530 4146 ι
619 4060 864 4132 ideoque
905 4064 1093 4138 gravis
1134 4065 1332 4122 saltem
1371 4065 1528 4122 abest
1566 4066 1751 4142 culpa.
1835 4065 2123 4126 Caeterum
2164 4072 2434 4146 temporis
2479 4089 2645 4129 mora
2680 4089 2790 4129 non

621 4158 886 4217 definitur
901 4159 1105 4236 judicii
1133 4164 1436 4220 temeritas.

1180 4354 1264 4418 (1)
1304 4357 1352 4400 2.
1375 4357 1422 4401 2.
1446 4369 1528 4416 qu.
1551 4355 1621 4404 lx.
1644 4362 1729 4404 art.
1750 4356 1815 4404 iv.
1883 4357 1971 4407 Ad
1976 4358 2228 4426 primum.

1177 4437 1260 4504 (2)
1301 4437 1498 4486 Ibidem.
1568 4441 1654 4491 Ad
1671 4441 1963 4493 seeundum.
