3117 5217
527 581 649 637 266
1216 574 1330 633 DE
1374 574 1606 635 FIDEI
1648 576 2020 635 NATURA.

528 742 689 808 dixit,
728 740 1011 797 Dominus
1036 758 1199 803 meus
1226 751 1282 797 et
1309 740 1469 798 Deus
1510 737 1772 799 meus.”¹
1855 742 1958 800 Sic
1999 740 2268 801 Ecclesia
2291 742 2556 799 sensibus
2581 740 2724 797 sub·

524 842 697 917 jacet,
726 849 814 895 est
838 839 995 897 enim
1024 838 1321 896 hominum
1350 848 1529 897 coetus
1553 846 1588 909 ς’
1613 840 1718 898 sed
1755 840 1870 898 fide
1911 842 2284 917 agnoscimus
2321 840 2448 916 ejus
2473 838 2636 895 dotes
2665 847 2728 893 et

533 937 829 1014 privilegia
852 936 1126 995 divinitus
1154 938 1380 995 tributa.

612 1040 671 1093 8.
712 1035 859 1102 Quae
884 1038 1143 1095 sciuntur
1166 1053 1283 1093 non
1322 1043 1565 1110 possunt
1601 1034 1714 1093 fide
1757 1036 1954 1103 teneri,
1997 1055 2066 1093 ea
2105 1036 2304 1093 saltem
2347 1035 2566 1091 ratione
2606 1051 2729 1103 qua

538 1134 791 1194 scientiae
818 1142 1046 1210 patent:
1090 1132 1233 1191 fides
1272 1134 1425 1191 enim
1465 1144 1553 1190 est
1591 1149 1860 1192 assensus
1899 1136 1982 1193 rei
2021 1154 2138 1191 non
2181 1133 2500 1191 manifestae
2545 1132 2724 1187 nixus

536 1232 859 1302 auctoritate
900 1232 1033 1291 Dei.
1120 1230 1276 1289 Hinc
1316 1232 1537 1289 videtur
1577 1232 1643 1289 S.
1673 1233 1934 1291 Thomas
1975 1233 2204 1298 sentire,
2235 1248 2367 1289 eum
2393 1232 2508 1296 cui,
2545 1228 2722 1286 certis

534 1330 882 1407 argumentis
910 1350 983 1388 ex
1024 1348 1209 1391 rerum
1254 1342 1471 1397 natura,
1501 1331 1592 1387 vel
1634 1330 1746 1388 alio
1785 1331 1940 1388 sonte
1983 1330 2242 1397 naturali,
2275 1328 2561 1394 derivatis,
2591 1345 2724 1402 per-

536 1448 769 1486 suasum
798 1438 885 1485 est
904 1429 1093 1488 Deum
1116 1430 1383 1497 existere,
1407 1446 1521 1486 non
1542 1447 1716 1503 posse
1733 1428 1904 1486 fidem
1927 1428 2033 1485 hac
2059 1428 2130 1486 de
2157 1447 2218 1487 re
2245 1420 2506 1492 habere?
2523 1444 2727 1496 quam-

535 1528 621 1585 vis
648 1527 883 1585 fateatur
909 1528 1071 1604 plura
1096 1526 1205 1585 alia
1228 1527 1341 1585 fide
1380 1526 1574 1601 excipi
1600 1544 1792 1602 posse,
1835 1545 1962 1598 quae
2003 1528 2146 1584 ratio
2187 1544 2302 1583 non
2343 1522 2488 1583 adeo
2525 1533 2726 1598 aperte

534 1624 916 1683 demonstrat:
961 1634 999 1660 ‘⁴
1024 1625 1211 1683 Multa
1236 1644 1339 1701 per
1380 1624 1553 1683 fidem
1595 1635 1852 1683 tenemus
1895 1625 1964 1683 de
2011 1625 2160 1691 Deo,
2189 1642 2314 1696 quae
2351 1622 2594 1680 naturali
2631 1640 2722 1677 ra-

534 1726 686 1783 tione
716 1725 1051 1800 investigare
1079 1723 1413 1800 philosophi
1438 1742 1555 1781 non
1585 1732 1922 1799 potuerunt:
1965 1732 2098 1798 puta
2123 1724 2274 1779 circa
2301 1720 2724 1797 providentiam

532 1825 657 1899 ejus
686 1836 745 1879 et
770 1824 1261 1896 omnipotentiam,
1290 1832 1347 1879 et
1373 1820 1525 1892 quod
1552 1822 1676 1896 ipse
1703 1821 1860 1879 solus
1887 1822 1960 1877 sit
1995 1819 2268 1877 colendus
2293 1840 2308 1877 ε
2357 1838 2484 1891 quae
2527 1820 2730 1877 omnia

534 1922 895 1977 continentur
943 1920 1049 1977 sub
1098 1919 1334 1977 articulo
1384 1920 1614 1975 unitatis
1668 1911 1880 1976 Dei.”³
1979 1918 2268 1975 Caeterum
2319 1918 2724 1975 existimamus

532 2034 755 2081 omnes,
784 2016 955 2073 etiam
982 2017 1081 2087 qui
1108 2026 1473 2092 perspectum
1500 2017 1712 2074 habent
1735 2018 1949 2074 ratione
1975 2017 2213 2074 naturali
2235 2016 2425 2073 Deum
2453 2017 2726 2081 existere,

531 2115 735 2173 debere
754 2114 867 2171 fide
886 2124 1075 2171 tenere
1104 2123 1144 2151 ‘⁴
1160 2134 1307 2179 Qun
1332 2110 1541 2183 ns‘r;”⁴
1567 2133 1674 2172 nec
1693 2115 1916 2173 obstant
1933 2114 2446 2173 demonstrationes
2467 2114 2730 2189 philoso-

532 2212 738 2291 phicae,
770 2231 945 2284 quum
974 2232 1089 2270 non
1118 2214 1193 2269 ita
1218 2232 1281 2269 se
1309 2213 1511 2289 prodat
1531 2214 1770 2271 Numen
1798 2214 2171 2280 ratiocinanti,
2193 2223 2256 2271 ut
2281 2194 2506 2270 tollatur
2529 2212 2725 2270 omnis

530 2311 735 2387 caligo.
820 2312 955 2385 Ipse
980 2312 1294 2387 Angelicus
1320 2312 1539 2369 Doctor
1579 2312 1764 2377 docet,
1809 2320 1848 2345 ‘⁶
1873 2310 2026 2382 quod
2069 2312 2456 2369 necessarium
2495 2321 2586 2367 est
2612 2310 2719 2367 ho-

533 2410 677 2467 mini
703 2410 961 2484 accipere
991 2427 1093 2484 per
1118 2409 1348 2467 modum
1390 2409 1527 2467 fidei
1567 2428 1684 2467 non
1709 2408 1898 2472 solum
1937 2427 2006 2465 ea
2043 2428 2172 2481 quae
2199 2419 2332 2466 sunt
2355 2427 2530 2485 supra
2553 2409 2726 2466 ratio·

532 2526 685 2576 nem,
716 2507 816 2565 sed
844 2509 1013 2565 etiam
1043 2527 1109 2564 ea
1136 2526 1263 2579 quae
1290 2528 1393 2584 per
1418 2509 1692 2566 rationem
1732 2510 2003 2583 cognosci
2031 2517 2291 2584 possunt.
2324 2548 2339 2563 .
2363 2548 2378 2563 .
2402 2549 2418 2565 .
2476 2508 2558 2565 Ut
2581 2525 2725 2582 ergo

534 2616 689 2667 esset
726 2606 1055 2674 indubitata,
1096 2618 1155 2663 et
1196 2618 1347 2665 certa
1386 2607 1636 2683 cognitio
1679 2605 1829 2680 apud
1872 2606 2136 2663 homines
2179 2604 2250 2662 de
2295 2605 2444 2673 Deo,
2473 2607 2730 2681 oportuit

532 2705 687 2781 quod
712 2704 905 2764 divina
930 2707 1015 2762 eis
1042 2724 1143 2781 per
1170 2706 1405 2763 modum
1443 2703 1580 2762 fidei
1605 2704 1972 2771 traderentur,
1999 2706 2164 2777 quasi
2205 2724 2238 2761 a
2264 2704 2394 2761 Deo
2419 2704 2588 2770 dicta,
2617 2705 2722 2776 qui

538 2806 768 2865 mentiri
795 2824 913 2863 non
940 2798 1225 2879 potest.”⁵

614 2907 671 2958 9.
718 2910 757 2937 ‘⁴
780 2900 903 2958 Per
929 2920 990 2958 ae
1030 2902 1097 2960 ad
1126 2901 1301 2959 fidem
1330 2902 1614 2976 pertinent
1657 2902 1770 2969 illa,
1801 2922 1927 2975 quae
1967 2903 2178 2960 directe
2217 2921 2322 2960 nos
2363 2902 2627 2960 ordinant
2649 2902 2726 2962 ad

532 3000 705 3069 vitam
734 3008 1023 3067 aiter-nam,
1052 3002 1201 3058 sicut
1224 3009 1357 3059 sunt
1382 3011 1495 3059 tres
1517 3020 1780 3075 personae
1799 3002 2208 3077 omnipotentis
2225 3002 2359 3068 Dei,
2381 3000 2726 3077 mysterium

534 3098 935 3156 incarnationis
966 3097 1203 3165 Christi,
1232 3110 1289 3157 et
1327 3099 1435 3156 alia
1476 3098 1827 3175 hujusmodi.
1914 3100 1996 3157 Et
2029 3100 2344 3158 secundum
2383 3101 2490 3157 ista
2525 3098 2726 3157 distin·-

534 3205 783 3271 guuntur
810 3196 1025 3251 articuli
1052 3196 1207 3252 fidei.
1293 3196 1572 3262 Quaedam
1597 3215 1733 3254 vero
1758 3208 2149 3273 proponuntur
2168 3200 2228 3255 in
2249 3214 2409 3255 sacra
2427 3198 2726 3271 Scriptura

535 3302 599 3348 ut
632 3290 929 3357 credenda,
976 3302 1093 3349 non
1117 3294 1299 3363 .quasi
1339 3294 1729 3369 principaliter
1764 3297 1996 3363 intenta,
2049 3295 2151 3354 sed
2201 3296 2272 3353 ad
2326 3296 2726 3371 praedictorum

535 3388 1083 3449 manifestationem:
1127 3392 1275 3447 sicut
1310 3392 1463 3466 quod
1502 3392 1792 3451 Abraham
1833 3392 2032 3452 habuit
2067 3394 2212 3451 duos
2253 3394 2422 3462 filios,
2467 3393 2618 3466 quod
2649 3392 2720 3451 ad

533 3498 739 3547 tactum
784 3490 1003 3547 ossium
1043 3489 1243 3548 Elisaei
1282 3492 1582 3551 suscitatus
1605 3500 1696 3548 est
1733 3502 2022 3568 mortuus:
2052 3501 2110 3551 et
2147 3491 2255 3549 alia
2291 3485 2723 3568 hujusmodi.”⁶

534 3589 623 3647 Ita
661 3588 973 3665 Angelicus
1014 3588 1251 3647 Doctor.
1334 3590 1435 3649 Sic
1474 3592 1772 3647 auctoritas
1811 3590 2120 3665 praesulum
2160 3590 2441 3647 Ecclesiae
2473 3590 2532 3647 in
2569 3606 2722 3647 novo
2789 3574 2800 3583 ⁰

537 3689 911 3746 Testamento
940 3697 1029 3745 est
1053 3706 1124 3747 eo
1150 3686 1380 3756 directa,
1408 3697 1471 3744 ut
1494 3686 1645 3744 certo
1670 3689 2032 3746 innotescant
2055 3686 2338 3746 credenda
2355 3688 2544 3745 divina
2563 3704 2722 3762 mys·

536 3786 708 3851 teria3
736 3784 981 3857 ideoque
996 3804 1109 3863 per
1135 3804 1197 3844 ae
1222 3786 1293 3843 ad
1318 3786 1489 3843 fidem
1519 3804 1636 3843 non
1661 3788 1924 3861 pertinet,
1955 3787 2214 3857 quamvis
2251 3786 2486 3845 omnino
2513 3786 2587 3842 sit
2611 3784 2724 3842 fide

531 3883 893 3957 excipienda.

618 3984 712 4037 10.
753 3981 1161 4056 Progredicnte
1188 3990 1445 4061 tempore
1472 3982 1636 4039 Deus
1662 3999 1724 4037 se
1759 3999 1976 4053 suaque
2016 3981 2254 4040 consilia
2291 3980 2537 4057 amplius
2565 3997 2723 4039 reve-

532 4077 707 4143 lavit3
738 4077 871 4133 fidei
892 4088 1078 4138 tamen
1108 4080 1418 4137 substantia
1455 4079 1658 4137 eadem
1697 4081 1923 4148 mansit,
1951 4098 2084 4139 nam
2113 4080 2240 4156 ipso
2278 4078 2544 4137 credendi
2571 4080 2724 4155 prin-

534 4175 687 4252 cipio
727 4177 917 4232 omnia
958 4176 1398 4235 includebantur.
1482 4185 1523 4213 ‘⁴
1547 4176 1770 4235 Omnes
1797 4177 2014 4251 articuli
2053 4179 2328 4254 implicite
2369 4179 2728 4235 continentur

610 4314 695 4378 (l)
736 4314 783 4359 2.
806 4314 894 4359 2ae.
916 4328 998 4374 qu.
1020 4312 1052 4361 i.
1070 4320 1159 4360 art.
1182 4314 1231 4359 4·
1265 4312 1348 4361 Ad
1367 4314 1401 4362 i.
1745 4317 1830 4381 (2)
1869 4314 2069 4374 Ibidem,
2092 4323 2178 4365 art.
2199 4316 2264 4364 iv.
2334 4316 2484 4382 Resp.

609 4399 694 4463 (3)
733 4396 931 4454 Ibidem,
956 4402 1041 4443 art.
1068 4391 1177 4443 viii:
1202 4396 1284 4444 Ad
1305 4397 1339 4444 i.
1747 4400 1832 4464 (4)
1871 4399 1998 4447 He'b.
2019 4400 2088 4447 xi.
2115 4402 2162 4447 6.

608 4485 693 4549 (5)
734 4485 781 4531 2.
804 4486 891 4530 20.
913 4497 995 4545 qu.
1016 4480 1067 4529 ii.
1090 4487 1176 4531 art.
1200 4480 1263 4529 iv.
1332 4481 1482 4547 Κεφ.
1729 4485 1814 4549 (6)
1853 4484 2052 4542 Ibidem,
2074 4500 2156 4547 qu.
2173 4484 2206 4533 i.
2240 4490 2326 4533 art.
2348 4484 2412 4533 vi.
2447 4484 2526 4532 Ad
2545 4484 2578 4532 i.
