3117 5217
797 598 911 659 DE
958 600 1221 660 FAMAE
1264 601 1381 658 ET
1424 599 1803 660 HONORIS
1845 600 2262 662 LAESIONE.
2508 603 2616 660 101

424 777 551 826 sent
579 768 767 826 minus
808 770 1035 846 peccari
1076 770 1311 829 mortuis
1354 769 1724 837 detrahendo,
1767 789 1938 842 quam
1985 770 2152 837 vivis,
2195 789 2373 842 quum
2414 771 2604 829 minus

434 865 722 942 indigeant
745 867 913 936 sama,
942 878 1001 926 et
1025 871 1216 927 minus
1244 887 1391 944 aegrc
1419 870 1602 926 serant
1625 870 1750 946 ejus
1771 869 2072 946 jacturam.

505 969 636 1022 151.
682 967 765 1024 Ut
790 977 1058 1043 peccetur
1108 967 1359 1045 graviter
1396 967 1746 1026 detrahendo
1786 968 1978 1044 gravis
2017 969 2322 1038 requiritur
2362 969 2614 1036 materia,

432 1074 490 1120 et
511 1083 680 1141 grave
708 1065 873 1126 famae
899 1076 1327 1126 nocumentum.
1412 1067 1477 1125 Si
1504 1086 1596 1125 res
1626 1086 1750 1140 quae
1777 1066 1850 1124 de
1877 1067 2068 1140 aliquo
2095 1067 2364 1125 asseritur
2386 1066 2530 1123 levis
2557 1068 2616 1126 in

432 1181 493 1220 se
520 1165 613 1232 sit,
640 1163 743 1222 sed
772 1183 847 1222 ex
872 1167 1167 1224 communi
1194 1184 1323 1238 quoe
1350 1167 1555 1224 alicubi
1577 1167 1730 1242 viget
1747 1165 2030 1225 sentiendi
2055 1165 2294 1232 ratione,
2317 1167 2614 1241 probrosa,

430 1264 637 1338 poterit
675 1281 845 1340 grave
886 1265 1159 1335 damnum
1199 1265 1365 1322 famoe
1411 1265 1626 1330 inferri,
1675 1264 1921 1336 ideoque
1961 1283 2130 1341 grave
2173 1263 2392 1324 admitti
2435 1263 2616 1322 detra-

428 1361 621 1420 hendo
650 1372 965 1438 peccatum.
1050 1364 1151 1420 Sic
1178 1362 1247 1420 de
1274 1363 1566 1420 sacerdote
1593 1351 1646 1422 si
1685 1362 1840 1420 dicas
1867 1381 2000 1421 eum
2027 1363 2224 1422 ludere
2251 1363 2482 1430 chartis,
2503 1364 2618 1440 ipsi
2643 1346 2650 1352 ³

428 1478 637 1536 magna
675 1461 739 1516 fit
776 1461 981 1537 injuria
1028 1461 1185 1538 apud
1222 1462 1545 1538 plerosque,
1593 1462 1651 1518 in
1697 1445 1806 1519 hac
1845 1463 2100 1538 regione,
2148 1463 2248 1535 qui
2290 1463 2613 1522 chartarum

433 1558 647 1625 lusum,
678 1560 851 1617 etiam
880 1558 951 1618 ad
978 1561 1231 1621 animum
1259 1559 1650 1628 recreandum,
1691 1578 1853 1619 sacro
1893 1561 2152 1619 ministro
2178 1579 2410 1636 prorsus
2438 1561 2619 1640 indig-

429 1675 569 1716 num
598 1666 851 1719 censent.
939 1660 1041 1718 Sic
1067 1677 1158 1717 res
1186 1659 1329 1717 levis
1357 1667 1547 1736 potest
1571 1658 1696 1718 fieri
1735 1660 1949 1737 gravisi,
1979 1660 2279 1720 occasione
2305 1659 2614 1737 dignitatis,

432 1773 531 1813 seu
562 1757 814 1816 muneris
842 1775 957 1829 quo
984 1759 1113 1832 quis
1140 1759 1410 1834 fungitur.
1494 1757 1586 1816 De
1625 1759 1902 1835 episcopo
1941 1759 1992 1816 si
2019 1757 2174 1816 dicas
2201 1776 2332 1816 eum
2364 1759 2617 1834 jocando

427 1855 650 1915 mentiri
677 1873 1073 1926 consuescere,
1102 1857 1345 1916 multum
1372 1857 1428 1914 ei
1455 1855 1609 1933 apud
1635 1876 1838 1916 omnes
1879 1857 2130 1914 detrahis
2153 1857 2262 1924 ;.si
2289 1856 2360 1915 de
2387 1856 2614 1916 medico

434 1953 681 2014 affirmes
708 1973 839 2015 eum
868 1957 1039 2016 nimis
1068 1957 1417 2014 familiariter
1442 1975 1505 2014 se
1528 1974 1660 2014 cum
1687 1956 2022 2016 mulieribus
2050 1975 2268 2034 gerere,
2293 1935 2536 2032 grauiter
2563 1959 2618 2016 ei

432 2071 627 2120 noees3
656 2073 763 2112 nec
792 2055 945 2114 enim
972 2056 1137 2114 facile
1164 2056 1288 2132 ejus
1314 2075 1491 2132 opera
1516 2055 1786 2114 mulieres
1813 2064 2082 2134 spectatae
2109 2055 2340 2116 familiae
2366 2065 2612 2118 utentur.

514 2156 648 2212 152.
674 2145 813 2210 ‘Res
840 2155 1026 2230 gravis
1054 2153 1359 2227 aliquando
1386 2154 1531 2212 levis
1572 2153 1829 2222 habetur,
1857 2155 2110 2216 admissa
2145 2155 2216 2212 ab
2243 2155 2327 2212 eis
2369 2173 2614 2228 quorum

435 2249 685 2313 conditio
712 2251 842 2311 vilis
868 2271 1058 2312 mores
1086 2254 1425 2331 plerumque
1452 2253 1671 2314 inducit
1697 2253 1952 2313 vitiosos.
2001 2254 2094 2313 De
2119 2254 2382 2329 operario
2408 2253 2618 2311 referre

436 2350 589 2421 quod
628 2351 829 2411 ebriuss
847 2353 1049 2420 fueriti
1076 2353 1148 2410 de
1176 2353 1555 2428 plaustrorum
1597 2352 1949 2421 ductoribus,
1979 2351 2132 2439 quod
2159 2354 2274 2410 sint
2304 2352 2506 2420 rixati3
2549 2351 2619 2413 de

434 2449 707 2509 militibus
732 2450 883 2521 quod
903 2452 1251 2527 juraverint3
1294 2452 1365 2508 de
1410 2452 1712 2528 mancipiis
1739 2451 1898 2525 quod
1935 2453 2082 2511 furta
2121 2451 2358 2512 fecerint
2399 2453 2616 2516 minuta

436 2547 495 2606 in
518 2546 689 2607 domo
717 2548 858 2616 heri,
886 2550 1223 2626 plerumque
1250 2551 1376 2608 leve
1403 2562 1509 2608 est.
2177 2537 2181 2542 ’

520 2649 653 2706 153.
696 2645 1183 2722 Quotiescumque
1210 2648 1431 2706 occulta
1476 2647 1714 2706 crimina
1753 2648 1946 2724 gravia
1983 2647 2304 2706 reuelantur
2327 2647 2400 2706 de
2428 2647 2618 2720 aliquo

435 2745 596 2805 bonae
622 2745 877 2818 alioquin
903 2749 1089 2815 samm,
1119 2747 1425 2812 videndum
1446 2757 1636 2804 utrum
1665 2746 1817 2823 apud
1845 2744 2128 2805 auditores
2155 2745 2352 2805 relatio
2379 2745 2619 2806 multum

434 2843 638 2905 habeat
664 2848 959 2906 momenti.
1022 2847 1167 2913 Quae
1194 2849 1341 2908 inter
1368 2846 1575 2922 pocula
1601 2846 1893 2922 proferunt
1919 2844 2182 2904 homines
2207 2863 2326 2904 non
2353 2863 2620 2922 magnam

438 2942 773 3018 plerumque
800 2946 1055 3004 obtinent
1077 2945 1251 3005 fidem
1276 2966 1289 3002 τ
1334 2965 1461 3018 quae
1480 2947 1726 3023 juvenes
1753 2944 1823 3002 de
1865 2944 2069 3020 puellis
2097 2964 2130 3002 a
2155 2963 2218 3002 se
2245 2945 2450 3006 vitiatis
2477 2943 2620 3002 rese·

436 3053 582 3110 runt,
603 3044 857 3120 jactandi
886 3063 1077 3112 causa,
1106 3063 1261 3120 saepe
1288 3044 1419 3102 ficta
1442 3055 1780 3104 censentur:
1825 3063 1950 3116 quae
1978 3043 2156 3102 homo
2184 3043 2434 3104 mendax
2461 3044 2618 3102 habi·

437 3150 546 3211 tus,
574 3141 713 3203 dicit
737 3143 809 3202 de
836 3144 949 3202 alio
976 3153 1239 3220 spectatae
1270 3145 1509 3212 virtutis,
1547 3142 1932 3206 calumniandi
1961 3153 2019 3201 et
2062 3143 2373 3205 mentiendi
2399 3143 2622 3201 libidini

441 3242 775 3301 tribuuntur.
848 3293 855 3296 .
2151 3233 2154 3236 ⁴

521 3344 652 3401 154.
684 3341 929 3408 Quando
948 3359 1137 3400 mores
1158 3341 1398 3419 alicujus
1418 3343 1756 3420 generaliter
1769 3342 2180 3409 describuntur,
2197 3361 2304 3400 ex:
2337 3361 2432 3418 gr:
2463 3341 2620 3414 quod

440 3441 515 3498 sit
538 3441 841 3516 superbae,
868 3441 1221 3518 tyrannicuS‚
1251 3442 1495 3518 gravitas
1520 3441 1882 3502 detractionis
1908 3460 1985 3500 ex
2011 3442 2289 3518 adjunctis
2315 3449 2404 3498 est
2417 3440 2622 3516 dijudi-

442 3539 619 3599 canda
643 3559 659 3608 ;
689 3541 738 3596 si
764 3542 917 3600 enim
946 3541 1119 3600 verba
1144 3540 1239 3598 illa
1264 3541 1668 3600 dominationis
1703 3551 1760 3600 et
1781 3540 2064 3618 superbire
2092 3539 2341 3611 enormis
2369 3539 2626 3613 ingerant

316 3643 331 3654 ‘
436 3639 749 3706 notionem,
778 3642 967 3717 gravis
994 3639 1281 3698 censenda
1306 3647 1395 3698 est
1420 3639 1708 3700 detractio.
1778 3638 2068 3698 Caeterum
2096 3638 2402 3713 opinamur
2424 3635 2520 3710 huj
2531 3653 2622 3726 us-

442 3737 597 3796 modi
626 3757 793 3796 voces
823 3741 1157 3814 plerumque
1182 3739 1383 3798 leviter
1420 3740 1686 3815 proximo
1721 3738 2048 3802 detrahere3
2099 3735 2188 3794 vel
2207 3734 2363 3792 enim
2390 3751 2623 3790 censen·

438 3847 524 3894 tur
550 3855 624 3894 ex
654 3838 847 3914 animo
875 3838 1036 3898 valde
1064 3848 1353 3898 commoto
1380 3839 1718 3913 provenire3
1763 3837 1852 3894 vel
1881 3835 1951 3892 de
1987 3835 2164 3895 animi
2201 3829 2422 3900 indole‚'
2443 3843 2500 3890 et
2525 3851 2622 3892 ex-

441 3953 601 3994 cessu
632 3937 877 4009 quodam
906 3937 1057 3997 haud
1082 3939 1238 4013 gravi
1268 3936 1668 4012 excipiuntur3
1715 3935 1806 3994 vel
1833 3935 1948 4012 ipsi
1986 3951 2174 3994 mores
2203 3933 2452 3992 hominis
2483 3932 2624 3990 adeo

444 4051 505 4092 se
535 4034 815 4110 produnt3
846 4047 907 4096 ut
933 4037 1059 4096 talis
1088 4055 1119 4092 a
1144 4036 1434 4112 plerisque
1461 4034 1753 4093 habeatur.

524 4139 656 4192 155.
701 4135 945 4210 Quando
970 4135 1163 4211 plures
1188 4135 1343 4192 leves
1371 4133 1553 4209 culpae
1575 4132 1646 4192 de
1673 4133 1862 4205 aliquo
1887 4132 2224 4199 referuntur,
2253 4133 2332 4190 ita
2356 4140 2419 4194 ut
2443 4132 2626 4209 gravi-

439 4243 522 4289 ter
548 4233 709 4293 famae
739 4247 797 4292 et
822 4234 1179 4292 aestimationi
1222 4234 1346 4312 ejus
1386 4242 1679 4299 noceatur,
1709 4231 1864 4305 quod
1903 4231 2065 4289 facile
2094 4231 2390 4307 contingit,
2421 4229 2624 4287 iisdem

442 4331 818 4400 audientibus,
868 4351 1039 4410 grave
1088 4332 1305 4390 videtur
1349 4342 1664 4408 peccatum,
1711 4332 1792 4388 uti
1838 4330 1928 4390 De
1975 4331 2140 4406 Lugo
2187 4327 2621 4386 animadvertit:

1508 4433 1618 4487 10*
