3117 5217
443 576 562 632 330
1115 574 1228 635 DE
1273 568 1964 635 COOPERATIONEL

446 742 578 801 vero
605 742 656 799 si
681 742 874 818 exigat
895 759 1118 809 usuras,
1147 743 1282 816 quia
1305 742 1530 800 exactio
1553 750 1645 799 est
1674 742 2023 817 co·operatio
2062 740 2379 817 proximior
2404 736 2475 795 ad
2500 755 2640 815 pec-

444 850 634 901 catum
659 840 916 907 usurarii,
945 840 1168 899 etiamsi
1193 840 1565 900 amicabiliter
1590 850 1737 917 agat.
1820 838 1991 905 Quod
2016 839 2064 895 si
2104 841 2362 915 exigeret
2386 857 2487 914 per
2513 834 2637 895 vim

444 951 542 999 aut
565 940 772 1006 minas,
797 957 918 997 non
955 939 1142 998 solum
1175 950 1460 1018 peccaret,
1501 939 1605 997 sed
1626 940 1881 1015 ‚insuper
1918 947 2202 997 teneretur
2238 936 2311 995 ad
2334 936 2641 995 restitutio·

443 1033 672 1097 nem.”¹
753 1038 966 1095 Scribae
1007 1039 1159 1115 apud
1199 1040 1515 1098 mensarios
1553 1057 1671 1097 non
1726 1047 1982 1097 tenentur
2020 1035 2093 1095 ad
2136 1035 2507 1113 judicandum
2560 1032 2635 1090 de

447 1155 642 1195 eorum
677 1137 885 1213 agendi
924 1138 1138 1197 ratione
1179 1148 1366 1197 utrum
1400 1140 1554 1215 justa
1580 1139 1690 1205 sit3
1717 1156 1825 1195 nec
1850 1134 2477 1195 censentur-efficaciter
2500 1150 2635 1191 con·

445 1252 672 1295 currere
697 1234 768 1293 ad
795 1234 1074 1304 fraudem,
1099 1239 1149 1295 si
1189 1238 1380 1296 forsan
1421 1235 1588 1304 adsit,
1616 1255 1795 1309 quum
1834 1235 2049 1295 nudum
2076 1243 2346 1310 praestent
2380 1233 2634 1291 ministe-

441 1336 587 1393 rium
606 1334 774 1409 juxta
797 1333 1058 1391 definitas
1083 1336 1324 1413 regulas.
1409 1337 1591 1393 Secus
1622 1333 1927 1393 dicendum
1960 1334 2015 1393 si
2038 1333 2151 1409 ipsi
2178 1332 2307 1391 aliis
2334 1328 2636 1410 persuade-

442 1441 568 1491 rent
593 1432 971 1509 chirographa
996 1434 1242 1492 vendere
1265 1436 1446 1511 pretio
1473 1435 1706 1511 injusto.

528 1535 663 1589 15⁶.
710 1531 925 1590 “Licet
947 1532 1080 1590 dare
1107 1543 1368 1591 mutuum
1397 1534 1660 1599 abusum,
1678 1532 1729 1589 si
1754 1531 1903 1609 adsit
1926 1550 2119 1598 causa,
2148 1530 2367 1588 scilicet
2390 1531 2441 1588 si
2470 1528 2631 1585 aliter

444 1631 542 1688 ille
567 1630 806 1689 multum
829 1632 1014 1707 possit
1031 1626 1338 1689 nocere.”²
1419 1632 1518 1689 Sic
1544 1630 1664 1689 dari
1694 1640 1883 1707 potest
1899 1630 2147 1707 pecunia
2166 1637 2359 1689 mutua
2374 1626 2637 1706 prodigo,

447 1730 540 1788 cui
565 1727 835 1805 denegari
861 1731 1062 1802 nequit
1087 1733 1227 1802 quin
1255 1732 1607 1807 gravissimae
1634 1730 1953 1789 conflentur
1976 1729 2308 1787 inimicitiae.

529 1832 664 1886 156.
711 1829 916 1887 Utrum
942 1830 1112 1889 liceat
1136 1829 1456 1905 bibliopolis
1485 1831 1544 1887 in
1574 1829 1683 1887 hac
1708 1830 1941 1907 regione
1965 1828 2143 1887 libros
2185 1844 2387 1886 omnes
2428 1825 2641 1895 absque

445 1927 776 1985 discrimine
803 1926 1047 1985 vendere
1075 1928 1358 1999 quaeritur.
1443 1928 1510 1985 In
1531 1929 1861 2005 regionibus
1888 1929 1951 1985 in
1976 1926 2181 1999 quibus
2208 1928 2404 2001 vigent
2427 1923 2639 1999 regulae

448 2023 684 2089 Indicis,
705 2032 928 2083 constat
947 2025 1284 2102 bibliopolas
1301 2045 1416 2084 non
1433 2044 1605 2101 posse
1625 2027 1830 2085 vetitos
1850 2044 2243 2098 quoscumque
2258 2026 2433 2082 libros
2446 2032 2641 2080 tenere

448 2125 663 2195 absque
693 2123 876 2190 venia,
907 2124 998 2181 vel
1035 2142 1136 2183 eos
1163 2128 1238 2184 iis
1265 2124 1510 2183 vendere
1537 2126 1639 2197 qui
1675 2126 1963 2183 licentiam
2001 2124 2230 2201 legendi
2270 2120 2419 2181 haud
2461 2124 2642 2196 impe-

447 2230 676 2281 trarunt.
762 2222 880 2281 Sed
906 2241 973 2281 ea
999 2235 1090 2283 est
1111 2242 1300 2283 rerum
1325 2224 1579 2282 conditio
1596 2226 1653 2282 in
1676 2243 1791 2297 qua
1806 2240 2116 2295 versamur,
2136 2233 2201 2281 ut
2219 2223 2386 2299 pauci
2407 2219 2640 2278 omnino

445 2320 576 2379 libri
601 2340 634 2377 e
660 2321 820 2397 prelo
847 2321 1139 2397 prodeant,
1163 2324 1260 2395 qui
1277 2325 1422 2381 inter
1439 2322 1614 2381 libros
1642 2323 1959 2400 prohibitos
1982 2340 2099 2379 non
2128 2323 2314 2380 forent
2337 2337 2641 2377 recensen-

449 2418 528 2477 di.
613 2418 770 2476 Hinc
795 2419 1087 2478 catholicis
1115 2424 1186 2479 ab
1211 2422 1402 2480 officio
1427 2421 1859 2499 bibliopolarum
1894 2421 2013 2479 fere
2052 2418 2447 2479 abstinendum
2474 2418 2638 2484 soret,

451 2519 504 2587 si
529 2517 738 2595 regulae
765 2518 874 2575 illae
905 2528 1076 2577 totam
1099 2540 1264 2603 'suam
1293 2523 1409 2579 vim
1451 2520 1791 2579 obtinerent.
1876 2518 2199 2579 Dicendum
2240 2520 2410 2596 igitur
2435 2534 2643 2575 censeo

450 2617 624 2675 libros
677 2620 916 2676 omnino
971 2620 1272 2678 obscoenos
1327 2632 1384 2677 et
1441 2628 1633 2695 turpes
1672 2621 1890 2679 nemini
1929 2620 2103 2677 licere
2143 2617 2389 2677 vendere
2413 2636 2427 2673 :
2469 2616 2645 2674 libros

451 2726 648 2774 contra
673 2716 807 2773 fidei
835 2717 1127 2777 catholicae
1155 2718 1420 2795 dogmata
1447 2737 1564 2775 non
1590 2738 1721 2776 esse
1750 2718 2104 2785 vendendos,
2132 2719 2244 2776 nisi
2283 2716 2354 2773 iis
2390 2716 2488 2788 qui
2519 2716 2646 2791 jus·

451 2825 569 2873 tam
595 2815 806 2872 habent
829 2835 1060 2875 causam
1087 2817 1338 2883 emendi,
1366 2834 1577 2893 nempe
1617 2817 2025 2885 sacerdotibus,
2054 2816 2146 2875 vel
2185 2817 2309 2874 aliis
2341 2815 2441 2888 qui
2479 2811 2645 2871 refel-

450 2913 606 2973 lendi
633 2931 804 2969 causa
829 2932 930 2971 eos
952 2924 1228 2987 quaerunt.
1314 2914 1483 2982 Quod
1525 2918 1578 2973 si
1605 2915 1919 2974 vendantur
1958 2917 2083 2974 aliis
2110 2914 2487 2989 quaerentibus
2516 2912 2647 2971 libri

439 3012 524 3093 ‚ab
551 3011 879 3071 acatholicis
921 3010 1116 3089 scripti
1155 3013 1226 3073 de
1253 3015 1550 3091 religione,
1581 3017 1677 3089 qui
1706 3024 1894 3073 tamen
1932 3015 2067 3073 fidei
2106 3013 2373 3090 dogmata
2398 3030 2515 3070 non
2543 3013 2647 3069 im-

451 3119 725 3187 pugnant,
752 3120 810 3168 et
833 3114 1065 3171 nonnisi
1092 3115 1275 3172 obiter
1301 3115 1593 3171 continent
1616 3114 1903 3181 haeresim,
1932 3114 2127 3185 quales
2148 3121 2282 3170 sunt
2304 3109 2647 3170 introductio

453 3208 526 3265 ad
549 3209 884 3285 scripturam
911 3211 980 3268 ab
1010 3210 1256 3279 Hormo,
1285 3213 1415 3269 libri
1442 3210 1512 3268 de
1555 3212 1895 3269 Trinitate‘a
1921 3212 2136 3279 Bullio,
2164 3230 2279 3269 non
2314 3210 2643 3269 damnarem

457 3305 820 3363 catholicum
847 3308 1240 3384 bibliopolam,
1270 3326 1444 3381 quum
1471 3328 1591 3367 non
1625 3308 1769 3368 adeo
1809 3320 2127 3388 repugnent
2160 3309 2424 3387 religioni
2448 3316 2511 3367 ut
2547 3325 2651 3384 per

453 3424 518 3465 se
544 3406 702 3464 vetiti
731 3406 1042 3467 videantur.

539 3510 675 3566 157.
720 3507 810 3566 De
838 3509 962 3566 aliis
986 3508 1170 3576 libris,
1199 3509 1297 3580 qui
1323 3509 1456 3567 licet
1479 3527 1556 3567 ex
1582 3510 1843 3585 professo
1868 3520 2065 3569 contra
2089 3508 2263 3569 fidem
2304 3527 2423 3567 non
2448 3515 2641 3584 agunt,

455 3607 702 3684 plurima
729 3617 918 3665 tamen
945 3608 1238 3667 continent
1259 3609 1343 3666 rei
1383 3609 1674 3667 catholicae
1715 3610 1971 3677 adversa,
1998 3611 2059 3668 in
2098 3627 2289 3667 rerum
2328 3616 2645 3666 nostrarum

442 3705 802 3778 conditione,
829 3709 1046 3783 peccati
1071 3706 1338 3766 damnare
1359 3727 1476 3765 non
1504 3706 1687 3766 audeo
1713 3727 1813 3767 eos
1844 3710 1942 3780 qui
1968 3710 2181 3784 passim
2212 3708 2485 3774 vendunt,
2514 3724 2648 3765 nam

457 3807 599 3864 alias
624 3805 949 3882 bibliopolae
976 3806 1200 3864 muneri
1215 3805 1330 3863 fere
1357 3806 1813 3866 renuntiandum.
1898 3806 2187 3867 Caeterum
2210 3804 2649 3865 commendandi

457 3912 592 3961 sunt
617 3903 983 3961 vehementer
1007 3905 1294 3974 catholici,
1312 3907 1420 3978 'qui
1459 3905 1956 3964 emendatissimos
1996 3917 2212 3965 tantum
2238 3916 2296 3964 et
2321 3904 2647 3982 probatissi-

457 4020 586 4061 mos
611 4002 786 4061 libros
813 4004 1084 4064 vendunt.
1170 4004 1555 4081 Typographi
1592 4006 1749 4078 quie
1776 4007 1936 4081 prelo
1978 4006 2155 4065 edunt
2192 4006 2382 4064 Biblia
2420 4003 2650 4061 Protes-

459 4101 683 4166 tantica,
712 4102 803 4157 vel
828 4102 1002 4161 libros
1029 4121 1104 4161 ex
1143 4102 1402 4178 professo
1441 4103 1709 4161 adversos
1750 4104 1883 4162 fidei
1917 4105 2008 4162 vel
2032 4106 2197 4163 bonis
2228 4104 2502 4170 moribus,
2530 4119 2647 4159 non

457 4208 591 4259 sunt
615 4199 946 4266 excusandi,
973 4220 1208 4276 operam
1235 4203 1388 4260 enim
1417 4198 1686 4279 praestant
1704 4204 1985 4261 erroribus
2006 4202 2398 4280 divulgandis;
2428 4199 2529 4259 sed
2550 4199 2651 4273 qui

458 4300 618 4378 prelo
647 4297 964 4371 torquendo
989 4310 1208 4368 vacant,
1239 4301 1376 4374 quin
1403 4310 1576 4378 typos
1604 4311 1967 4378 componant,
1997 4320 2114 4361 non
2152 4309 2454 4361 censentur
2478 4314 2649 4357 nosse

665 4504 748 4571 (1)
789 4502 842 4551 S.
867 4502 1167 4567 Alphonsus,
1191 4504 1224 4552 l.
1245 4502 1294 4553 ii.
1318 4519 1372 4553 n.
1395 4508 1476 4555 78.
2125 4509 2209 4573 (23
2250 4505 2450 4557 Ibidem.
