3117 5217
465 555 580 612 106
1140 551 1255 610 ΒΕ
1298 543 1972 608 RESTITUTIONE.

1338 1069 1626 1129 CAPUT
1665 1068 1776 1126 111.

1272 1287 1351 1326 DE
1392 1283 1862 1326 Rsss'rl'ru'rlonss.

1178 1466 1229 1540 §.
1260 1465 1309 1523 1.
1392 1465 1489 1524 Da
1532 1483 1610 1522 as
1651 1480 1944 1522 Acestam.

560 1641 695 1696 166.
736 1634 1068 1694 Restitutio
1095 1643 1185 1692 est
1224 1645 1382 1693 actus
1414 1633 1654 1711 justitiae
1700 1650 1816 1704 quo
1856 1648 1948 1688 res
1989 1627 2216 1685 alterius
2255 1625 2528 1692 redditur,
2570 1624 2664 1682 vel

474 1734 744 1794 damnum
772 1736 825 1792 ei
852 1735 1068 1794 illatum
1088 1744 1393 1809 reparatur.
1478 1732 1626 1789 Haec
1660 1741 1749 1788 est
1793 1728 1936 1786 adeo
1964 1727 2287 1786 necessaria
2311 1736 2375 1783 ut
2400 1724 2552 1782 nulla
2577 1724 2652 1780 sit

477 1836 659 1892 veniae
686 1852 821 1910 spes
848 1834 947 1892 ubi
972 1834 1133 1890 abest
1158 1831 1416 1890 voluntas
1454 1829 1830 1889 restituendi:
1873 1829 2002 1905 ipsa
2045 1826 2261 1904 quippe
2306 1826 2450 1883 ratio
2489 1821 2664 1880 dictat

477 1950 795 2008 repugnare
814 1932 1052 2008 justitiae
1078 1949 1201 1989 rem
1228 1931 1473 1988 alienam
1501 1929 1764 2012 retinere,
1781 1928 1875 1985 vel
1895 1926 2168 1984 damnum
2196 1923 2346 1983 haud
2364 1922 2659 1982 resarcire.

478 2029 639 2088 Hinc
684 2029 969 2088 Ezechiel
1020 2030 1167 2088 inter
1226 2029 1576 2106 poenitentiae
1638 2027 1850 2086 indicia
1904 2025 2191 2084 recensuit
2253 2023 2408 2096 quod
2452 2021 2664 2095 impius

478 2137 517 2164 ‘⁶
540 2129 751 2205 pignus
778 2130 1098 2197 restituerit,
1120 2129 1493 2206 rapinamque
1520 2121 1926 2186 reddiderit.”¹
2008 2124 2227 2182 Tobias
2255 2123 2424 2180 etiam
2452 2121 2662 2178 timens

477 2245 551 2286 ne
592 2226 797 2285 hoedus
842 2227 992 2287 furto
1037 2229 1207 2286 suerit
1250 2229 1489 2296 ablatus,
1518 2246 1653 2285 eum
1685 2227 1865 2303 jussit
1903 2222 2290 2283 reddendum:
2338 2231 2378 2258 ‘⁴
2400 2219 2551 2278 Vide
2592 2236 2664 2274 ne

477 2326 619 2384 sorte
665 2326 907 2386 furtivus
944 2328 1037 2385 sit.
1122 2326 1367 2386 Reddite
1412 2346 1545 2384 eum
1573 2326 1822 2386 dominis
1850 2324 1992 2391 suis,
2020 2324 2156 2395 quia
2185 2341 2301 2380 non
2339 2322 2476 2379 licet
2499 2317 2662 2376 nobis

478 2435 575 2481 aut
596 2424 768 2484 edere
794 2444 871 2483 ex
896 2425 1045 2485 furto
1072 2426 1306 2499 aliquid,
1348 2437 1443 2484 aut
1480 2414 1914 2502 contingere.”²
1995 2423 2355 2498 Quapropter
2391 2415 2664 2496 Augusti-

478 2541 588 2582 nus
614 2525 828 2600 optime
854 2523 1060 2583 docet:
1106 2534 1145 2572 ‘-‘
1164 2526 1231 2583 Si
1256 2543 1348 2583 res
1376 2526 1579 2592 aliena,
1609 2534 1844 2601 propter
1871 2541 2043 2596 quam
2071 2529 2368 2598 peccatum
2397 2529 2503 2586 est,
2534 2532 2666 2574 cum

478 2620 641 2682 reddi
680 2625 882 2698 possit,
931 2644 1047 2684 non
1089 2625 1360 2704 redditur,
1410 2643 1527 2683 non
1569 2625 1754 2700 agitur
1791 2621 2144 2698 poenitentia,
2175 2618 2276 2677 sed
2303 2618 2572 2695 fingitur:
2617 2613 2668 2668 si

478 2732 666 2780 autem
688 2725 960 2782 veraciter
986 2725 1186 2801 agitur,
1216 2743 1333 2782 non
1358 2725 1677 2782 remittetur
1700 2731 1998 2798 peccatum
2024 2719 2138 2778 nisi
2169 2719 2491 2777 restituatur
2517 2713 2664 2772 abla-

483 2829 625 2888 tum,
654 2820 777 2886 sed,
804 2831 871 2878 ut
892 2821 1035 2889 dixi,
1064 2841 1197 2880 cum
1238 2823 1459 2881 restitui
1500 2811 1790 2896 potest.'’³
1872 2818 2043 2878 Hanc
2082 2820 2186 2878 rite
2227 2817 2420 2893 posuit
2457 2832 2667 2887 excep·

481 2920 719 2984 tionem,
748 2937 901 2985 nam,
928 2920 1015 2976 uti
1052 2919 1449 2978 animadvertit
1486 2918 1551 2977 S.
1603 2915 1967 2975 Bernardus:
2013 2925 2051 2951 “
2072 2916 2331 2974 voluntas
2371 2932 2474 2990 pro
2515 2913 2665 2968 sacto

481 3024 793 3092 reputatur,
814 3016 914 3075 ubi
940 3017 1148 3075 sactum
1178 3016 1432 3076 excludit
1457 3008 1870 3075 necessitas.”⁴
1920 3016 2056 3091 Ipsa
2080 3014 2450 3072 restitutionis
2470 3009 2664 3070 dilatio

480 3114 749 3190 injuriam
776 3113 943 3171 insert
969 3117 1272 3191 proximo:
1321 3117 1515 3188 “quia
1558 3133 1665 3192 per
1703 3115 1816 3173 hoc
1863 3112 2016 3186 quod
2057 3113 2266 3187 aliquis
2303 3111 2519 3168 detinet
2543 3127 2664 3168 rem

480 3211 725 3270 alienam
764 3213 942 3271 invito
970 3212 1225 3281 domino,
1269 3214 1511 3290 impedit
1548 3232 1680 3270 eum
1724 3214 1793 3272 ab
1819 3231 1925 3270 usu
1967 3213 2053 3271 rei
2091 3231 2231 3278 suae,
2260 3221 2318 3268 et
2341 3211 2426 3268 sic
2452 3211 2508 3268 ei
2535 3208 2666 3266 facit

486 3305 852 3385 injuriam.''⁵

569 3411 702 3468 167.
747 3409 1015 3481 Quinque
1060 3421 1462 3469 enumerantur
1498 3411 1868 3469 restitutionis
1915 3409 2155 3477 radices,
2197 3427 2406 3483 nempe
2446 3425 2537 3464 res
2579 3427 2668 3466 ac-

484 3517 667 3584 cepta,
696 3509 905 3586 injusta
932 3511 1205 3585 acceptio,
1235 3511 1444 3587 injusta
1469 3509 1739 3578 detentio,
1770 3509 1980 3585 injusta
2007 3508 2202 3566 damni
2229 3508 2424 3575 illatio,
2453 3516 2512 3564 et
2537 3524 2669 3565 con-

449 3617 710 3691 ·tractuffl
753 3607 845 3665 vel
882 3608 1157 3667 officium.
1241 3608 1351 3667 Eae
1391 3626 1451 3666 re
1496 3614 1734 3684 accepta
1773 3617 2033 3666 tenentur
2071 3608 2364 3665 restituere
2405 3607 2504 3678 qui
2549 3623 2665 3663 rem

484 3705 727 3764 alienam
752 3709 923 3766 etiam
952 3709 1101 3766 bona
1127 3707 1237 3766 fide
1266 3714 1553 3782 acceptam
1585 3706 1735 3782 apud
1761 3725 1824 3763 se
1867 3706 2094 3764 habent.
2181 3705 2280 3763 Sic
2329 3705 2429 3776 qui
2470 3725 2504 3761 a
2545 3703 2667 3760 fure

484 3804 625 3860 emit
651 3823 769 3863 rem
810 3806 1074 3874 alienam,
1103 3807 1254 3865 haud
1282 3806 1586 3882 suspicans
1614 3805 1844 3873 furtum,
1873 3813 2095 3862 tenetur
2120 3823 2247 3862 eam
2274 3803 2510 3861 domino
2544 3802 2669 3860 red-

486 3899 642 3958 dere.
726 3900 835 3959 Ex
875 3903 1114 3983 injusta
1169 3905 1505 3982 acceptione
1556 3913 1820 3962 tenentur
1867 3903 1965 3975 qui
2018 3919 2138 3960 rem
2181 3903 2422 3961 alienam
2463 3902 2671 3977 injuria

486 4008 847 4074 usurparunt,
877 4002 1025 4059 furto
1070 4002 1361 4060 fraudeve.
1443 4001 1553 4060 Ex
1592 4003 1830 4082 injusta
1870 4000 2206 4060 detentione
2231 4010 2493 4059 tenentur
2516 4001 2678 4057 resti-

488 4106 643 4154 tuere
672 4097 771 4168 qui
819 4116 941 4155 rem
988 4099 1253 4166 alienam,
1295 4118 1658 4174 quacumque
1703 4103 1922 4160 ratione
1970 4111 2282 4176 acceptam,
2323 4099 2676 4156 retinuerunt

559 4298 644 4363 (1)
686 4295 865 4345 Ezech.
887 4298 1060 4348 xxxiii.
1088 4302 1165 4347 15.
1303 4300 1389 4366 (2)
1428 4301 1553 4350 Tob.
1574 4302 1625 4351 ii.
1643 4306 1724 4352 21.
1864 4304 1949 4371 (3)
1987 4303 2083 4368 Ep.
2102 4303 2214 4353 cliii.
2233 4303 2294 4352 ad
2313 4301 2500 4352 Maced.
2517 4317 2568 4349 n.
2586 4303 2668 4348 20.

558 4387 643 4452 (4)
682 4384 777 4449 EP-
800 4385 966 4435 lxxvfi-
1296 4389 1381 4455 (5)
1421 4390 1474 4438 S.
1498 4391 1733 4452 Thomas,
1757 4395 1805 4441 2.
1830 4395 1877 4440 2.
1901 4408 1983 4455 qu.
2005 4393 2110 4442 lxii.
2133 4399 2219 4441 art.
2241 4391 2342 4442 viii.
2410 4390 2560 4457 Resp.
