3117 5217
509 566 630 622 226
1395 560 1510 621 DE
1553 560 1808 621 VOTO.

588 740 688 793 22.
733 734 954 791 Votum
981 732 1153 808 igitur
1175 731 1402 789 definiri
1428 739 1617 807 potest
1642 731 1952 806 promissio
1976 729 2280 789 deliberata
2304 741 2362 788 et
2386 739 2699 806 spontanea

513 835 643 892 Deo
669 833 816 890 facta
841 831 910 889 de
939 832 1090 889 bono
1119 831 1342 888 meliori
1362 840 1418 887 et
1437 830 1719 906 possibili.
1805 830 2123 887 Promissio
2140 839 2327 887 autem
2348 850 2382 885 a
2400 830 2698 904 proposito

511 930 908 1007 distinguenda
932 942 1038 995 est,
1068 931 1442 1006 proponimus
1464 930 1679 1005 quippe
1698 929 1859 1004 plura
1876 928 2082 996 facere,
2102 931 2241 1000 quin
2262 928 2333 985 ad
2350 946 2418 985 ea
2438 927 2698 985 facienda

509 1049 616 1089 nos
658 1031 1037 1105 promissione
1079 1029 1420 1105 obligemus.
1505 1028 1800 1095 Peccator,
1842 1045 2016 1100 quem
2056 1027 2389 1085 delictorum
2434 1027 2691 1101 poenitet,

510 1130 797 1207 proponit,
842 1126 1204 1203 promittendi
1245 1145 1386 1185 voce
1427 1145 1857 1198 nonnumquam
1894 1136 2182 1201 usurpata,
2218 1146 2251 1183 a
2291 1123 2578 1200 peccando
2605 1143 2695 1181 ca-

509 1247 674 1285 vere:
705 1246 812 1285 nec
839 1237 1024 1285 tamen
1053 1227 1243 1284 violati
1273 1226 1386 1283 voti
1411 1243 1542 1281 reus
1570 1224 1863 1283 habendus
1890 1234 1995 1291 est,
2020 1226 2069 1281 si
2096 1236 2294 1301 postea
2320 1224 2378 1280 in
2400 1232 2695 1298 peccatum

507 1327 741 1393 labatur,
771 1326 881 1383 nisi
905 1344 1100 1383 revera
1121 1325 1348 1384 vinculo
1369 1324 1467 1382 illo
1493 1342 1556 1380 se
1586 1324 1825 1381 voluerit
1846 1322 2217 1399 adstringere,
2238 1323 2308 1379 ad
2330 1320 2695 1379 minuendam

509 1426 782 1504 peccandi
811 1425 1169 1483 facilitatem:
1199 1422 1354 1497 quod
1379 1423 1558 1481 rarius
1586 1422 1999 1481 consulendum
2026 1431 2131 1479 est.
2215 1422 2409 1480 Animi
2428 1420 2698 1477 delibera-

511 1527 590 1585 tio
616 1525 785 1601 plena
812 1522 880 1579 ad
908 1542 1136 1598 gravem
1165 1524 1312 1581 hanc
1339 1522 1743 1597 obligationem
1762 1521 2203 1579 contrahendam
2231 1520 2562 1592 requiriturt
2592 1536 2697 1576 nec

509 1626 664 1683 enim
691 1624 1019 1681 subitaneus
1047 1624 1222 1681 animi
1250 1630 1460 1687 motus,
1487 1619 1577 1678 vel
1606 1629 1817 1677 temere
1857 1630 2123 1696 usurpata
2148 1618 2395 1677 vovendi
2419 1636 2557 1684 vox,
2584 1618 2699 1673 voti

510 1724 626 1781 vim
654 1723 761 1780 sibi
789 1721 1054 1779 vindicat.
1139 1720 1426 1778 Caeterum
1445 1720 1715 1795 temporis
1742 1719 1987 1796 spatium
2020 1737 2283 1795 mag-num
2314 1716 2695 1775 necessarium

511 1840 629 1881 non
673 1831 763 1879 est
799 1819 870 1877 ad
905 1818 1268 1885 vovendum;
1313 1838 1520 1877 vovere
1560 1820 1739 1885 enim,
1782 1820 1933 1877 sicut
1964 1827 2022 1875 et
2058 1836 2313 1893 peccare,
2342 1816 2471 1887 quis
2512 1824 2699 1891 potest

513 1927 806 1979 momento
831 1916 1002 1976 veluti
1029 1927 1140 1975 tem
1149 1918 1322 1992 poriS,
1343 1917 1657 1976 dummodo
1674 1919 1813 1975 satis
1841 1917 2091 1976 advertat
2114 1934 2176 1973 se
2196 1926 2390 1973 votum
2420 1916 2694 1973 emittere.

515 2018 674 2077 Hinc
700 2017 889 2074 valent
917 2026 1041 2073 vota
1069 2015 1286 2073 furente
1314 2024 1667 2092 tempestate,
1691 2016 1783 2073 vel
1802 2018 1913 2075 alio
1940 2016 2197 2093 periculo
2222 2015 2419 2071 mortis
2439 2022 2693 2090 urgente,

516 2117 746 2175 emissa.
831 2117 1050 2191 Sponte
1077 2113 1300 2173 edenda
1335 2124 1468 2174 sunt
1505 2124 1668 2173 vota:
1707 2134 1871 2174 secus
1898 2134 2013 2173 non
2040 2114 2257 2180 valent;
2299 2116 2350 2171 si
2388 2116 2539 2171 enim
2568 2112 2697 2184 quis

515 2225 732 2275 metum
761 2233 994 2291 gravem
1021 2214 1132 2271 alio
1153 2215 1363 2290 injuste
1393 2216 1719 2282 incutiente,
1741 2224 1943 2273 voveat
1968 2214 2200 2285 aliquid,
2220 2214 2333 2270 voti
2356 2213 2699 2289 obligatione

509 2334 634 2373 non
661 2316 958 2372 tenebitur.
1043 2315 1143 2371 Sic
1169 2314 1340 2371 etiam
1369 2313 1518 2389 haud
1546 2314 1737 2371 valent
1760 2324 1891 2371 vota
1916 2334 1989 2371 ex
2017 2332 2205 2370 errore
2226 2313 2439 2370 emissa
2457 2312 2701 2384 quisub-

517 2414 777 2471 stantiam
806 2414 888 2470 rei
917 2421 1152 2487 spectat,
1184 2412 1274 2469 vel
1301 2412 1563 2489 adjuncta
1590 2413 1957 2470 substantiam
1999 2412 2322 2479 afficientia,
2356 2411 2445 2468 vel
2472 2413 2700 2467 causam

513 2512 778 2571 finalem:
827 2512 1016 2569 valent
1051 2520 1238 2569 autem
1281 2514 1332 2568 si
1371 2530 1528 2569 error
1561 2510 1825 2589 adjuncta
1863 2511 2017 2569 haud
2056 2512 2247 2587 magni
2288 2511 2581 2576 momenti,
2612 2508 2703 2565 vel

515 2630 746 2669 causam
773 2630 944 2682 quam
985 2622 1192 2669 vocant
1229 2610 1622 2689 impulsivam
1664 2620 1899 2679 tantum,
1928 2618 2168 2686 spectet.
2253 2610 2481 2667 Bonum
2511 2626 2701 2665 neces-

513 2712 664 2769 sario
707 2711 1128 2786 respiciendum
1165 2720 1252 2768 est
1285 2712 1344 2767 in
1389 2711 1569 2766 votis:
1626 2702 1757 2767 Deo
1784 2710 1941 2768 enim
1985 2712 2257 2785 irrogaret
2294 2709 2558 2785 injuriam
2598 2708 2699 2779 qui

511 2808 722 2880 aliquid
765 2809 897 2866 mali
927 2828 990 2866 se
1031 2809 1308 2866 facturum
1343 2809 1397 2864 ei
1435 2807 1817 2883 polliceretur,
1850 2808 1943 2865 vel
1980 2826 2099 2866 rem
2148 2806 2358 2864 nullius
2400 2806 2695 2865 momenti.

515 2905 686 2972 Quod
714 2917 900 2964 autem
927 2907 964 2964 J
967 2906 1140 2982 epthe
1170 2908 1384 2965 voverit
1409 2924 1472 2963 se
1493 2906 1623 2963 Deo
1644 2907 2061 2964 immolaturum
2091 2906 2365 2979 quiequid
2384 2906 2439 2963 ei
2467 2904 2698 2965 domum

517 3008 820 3063 revertenti
861 3006 1185 3073 occurrerit,
1217 3007 1268 3064 si
1301 3004 1370 3062 de
1411 3006 1748 3063 mactatione
1788 3016 1845 3062 et
1879 3014 2061 3065 morte
2103 3006 2431 3081 accipiatur,
2466 3022 2700 3062 necesse

521 3104 627 3161 erit
651 3123 782 3160 cum
811 3103 1176 3179 Hieronymo
1201 3104 1410 3161 dicere.
1497 3112 1536 3139 ‘⁶
1556 3105 1626 3162 In
1653 3104 1913 3162 vovendo
1954 3105 2059 3162 fuit
2086 3104 2311 3171 stultuS,
2341 3106 2474 3177 quia
2498 3104 2707 3161 discre-

523 3203 734 3261 tionem
777 3221 894 3260 non
933 3201 1146 3283 habuit,
1193 3212 1249 3257 et
1286 3203 1344 3258 in
1385 3202 1677 3261 reddendo
1716 3200 2025 3279 impiuS.”¹
2108 3203 2395 3261 Caeterum
2436 3213 2570 3261 sunt
2605 3205 2703 3275 qui

497 3298 659 3356 ·illud
713 3299 1011 3375 impletum
1066 3309 1322 3367 censent,
1375 3301 1494 3357 filia
1551 3299 1769 3376 virgine
1810 3302 2068 3361 dicanda.
2154 3302 2367 3360 Melius
2422 3322 2524 3359 seu
2577 3321 2701 3377 per·

516 3397 718 3455 fectius
747 3400 958 3456 bonum
986 3400 1155 3456 etiam
1185 3401 1413 3457 voventi
1439 3400 1874 3476 proponendum
1916 3411 2039 3469 est;
2069 3403 2119 3459 si
2158 3403 2311 3459 enim
2353 3402 2542 3460 minus
2582 3420 2706 3477 per-

515 3498 729 3571 fectum
757 3498 972 3572 aliquid
1000 3500 1127 3571 quis
1156 3499 1285 3557 Deo
1325 3501 1635 3575 promittat,
1664 3499 1989 3575 perfectiori
2028 3502 2366 3577 postposito,
2395 3500 2590 3559 divino
2625 3500 2702 3556 vi-

517 3596 677 3655 detur
695 3597 988 3657 detrahere
1015 3598 1242 3657 honori.
1329 3598 1485 3655 Hinc
1511 3580 1705 3656 votum
1732 3598 1981 3657 nubendi
2007 3617 2122 3656 non
2151 3599 2315 3666 valet,
2338 3600 2450 3657 nisi
2478 3600 2705 3656 voventi

515 3697 592 3753 sit
627 3697 944 3757 remedium
987 3698 1104 3755 sere
1146 3698 1554 3755 necessarium.
1640 3705 1680 3733 ‘⁴
1704 3696 1856 3754 Vota
1892 3716 2029 3755 vero
2072 3700 2200 3770 quae
2246 3707 2381 3755 sunt
2418 3698 2489 3755 de
2532 3698 2701 3755 rebus
2770 3702 2779 3711 '

515 3795 677 3850 vanis
705 3805 761 3851 et
783 3797 1094 3863 inutilibus,
1123 3805 1256 3853 sunt
1280 3797 1461 3873 magis
1489 3794 1815 3863 deridenda,
1845 3814 2013 3868 quam
2056 3788 2429 3854 servanda.’'²
2510 3796 2704 3853 Possi-

515 3890 627 3948 bile
655 3890 900 3966 denique
926 3896 1138 3952 bonum
1168 3912 1294 3952 esse
1335 3894 1502 3952 debet
1533 3892 1689 3965 quod
1728 3912 1942 3951 vovens
1983 3895 2278 3970 promittit,
2307 3894 2511 3952 frustra
2550 3895 2701 3952 enim

518 3989 646 4059 quis
702 3989 832 4049 Deo
888 3993 1252 4068 polliceretur
1305 3993 1459 4063 quod
1510 3992 1789 4050 humanas
1834 3992 2061 4051 excedit
2114 3996 2284 4051 vires.
2370 3994 2510 4050 Non
2556 3993 2703 4049 valet

519 4084 691 4161 igitur
717 4099 912 4147 votum
953 4092 1165 4149 nullam
1195 4109 1426 4165 prorsus
1454 4091 1683 4166 culpam
1725 4092 2002 4149 venialem
2044 4092 2331 4167 patrandi:
2374 4092 2467 4149 vel
2508 4099 2703 4150 votnm

519 4187 978 4262 contemplationi
996 4189 1212 4265 jugiter
1238 4188 1490 4246 vacandi.
1576 4190 1640 4247 Si
1668 4209 1797 4266 pars
1824 4192 2073 4248 materiae
2102 4192 2217 4248 voti
2257 4190 2355 4248 fiat
2380 4190 2705 4266 impossibi-

792 4395 876 4459 (1)
918 4392 1015 4443 cit.
1039 4410 1070 4442 a
1091 4396 1144 4442 S.
1167 4382 1376 4455 Thema,
1401 4400 1450 4445 2.
1473 4401 1520 4446 2.
1538 4413 1621 4460 qu.
1646 4399 1871 4449 lxxxviii.
1890 4405 1975 4447 art.
1998 4399 2051 4457 ii.
2072 4397 2144 4449 ad
2160 4396 2455 4451 secundum.

787 4480 872 4545 (2)
911 4478 1108 4538 Ibidem,
1133 4478 1204 4530 ad
1221 4479 1445 4530 tertium.
