<?xml version="1.0" encoding="UTF-8"?>
<!DOCTYPE html PUBLIC "-//W3C//DTD XHTML 1.0 Transitional//EN"
    "http://www.w3.org/TR/xhtml1/DTD/xhtml1-transitional.dtd">
<html xmlns="http://www.w3.org/1999/xhtml" xml:lang="en" lang="en">
 <head>
  <title>
</title>
<meta http-equiv="Content-Type" content="text/html;charset=utf-8" />
  <meta name='ocr-system' content='tesseract 3.04.00' />
  <meta name='ocr-capabilities' content='ocr_page ocr_carea ocr_par ocr_line ocrx_word'/>
</head>
<body>
  <div class='ocr_page' id='page_1' title='image "./theologiaemoral00unkngoog_0321.png"; bbox 0 0 3117 5217; ppageno 0'>
   <div class='ocr_carea' id='block_1_1' title="bbox 779 588 2499 653">
    <p class='ocr_par' dir='ltr' id='par_1_1' title="bbox 779 588 2499 653">
     <span class='ocr_line' id='line_1_1' title="bbox 779 588 2499 653; baseline 0.002 -6"><span class='ocrx_word' id='word_1_1' title='bbox 779 588 892 648; x_wconf 92' lang='lat' dir='ltr'><strong>DE</strong></span> <span class='ocrx_word' id='word_1_2' title='bbox 935 589 1464 653; x_wconf 83' lang='lat' dir='ltr'>DILECTIONE</span> <span class='ocrx_word' id='word_1_3' title='bbox 1506 589 2063 652; x_wconf 86' lang='lat' dir='ltr'>INIMICORUM.</span> <span class='ocrx_word' id='word_1_4' title='bbox 2382 595 2499 652; x_wconf 78' lang='lat'><strong>307</strong></span> 
     </span>
    </p>
   </div>
   <div class='ocr_carea' id='block_1_2' title="bbox 317 749 2527 4098">
    <p class='ocr_par' dir='ltr' id='par_1_2' title="bbox 317 749 2506 1230">
     <span class='ocr_line' id='line_1_2' title="bbox 317 749 2501 834; baseline 0.004 -28"><span class='ocrx_word' id='word_1_5' title='bbox 317 749 448 807; x_wconf 88' lang='lat' dir='ltr'><strong>mali</strong></span> <span class='ocrx_word' id='word_1_6' title='bbox 475 753 730 826; x_wconf 86' lang='lat' dir='ltr'><strong>speciem</strong></span> <span class='ocrx_word' id='word_1_7' title='bbox 756 755 810 814; x_wconf 91' lang='lat' dir='ltr'><strong>ei</strong></span> <span class='ocrx_word' id='word_1_8' title='bbox 838 765 1170 833; x_wconf 75' lang='lat' dir='ltr'><strong>appi-ecatus</strong></span> <span class='ocrx_word' id='word_1_9' title='bbox 1197 757 1396 826; x_wconf 88' lang='lat' dir='ltr'><strong>suerit;</strong></span> <span class='ocrx_word' id='word_1_10' title='bbox 1443 757 1725 817; x_wconf 87' lang='lat' dir='ltr'><strong>desideria</strong></span> <span class='ocrx_word' id='word_1_11' title='bbox 1762 758 1977 834; x_wconf 81' lang='lat' dir='ltr'><strong>quippe</strong></span> <span class='ocrx_word' id='word_1_12' title='bbox 2002 756 2257 814; x_wconf 86' lang='lat' dir='ltr'><strong>efficacia</strong></span> <span class='ocrx_word' id='word_1_13' title='bbox 2281 758 2501 832; x_wconf 86' lang='lat' dir='ltr'><strong>specia-</strong></span> 
     </span>
     <span class='ocr_line' id='line_1_3' title="bbox 322 846 2500 934; baseline 0.005 -29"><span class='ocrx_word' id='word_1_14' title='bbox 322 846 432 907; x_wconf 87' lang='lat' dir='ltr'><strong>lem</strong></span> <span class='ocrx_word' id='word_1_15' title='bbox 463 850 677 910; x_wconf 87' lang='lat' dir='ltr'><strong>habent</strong></span> <span class='ocrx_word' id='word_1_16' title='bbox 701 855 993 923; x_wconf 88' lang='lat' dir='ltr'><strong>malitiam,</strong></span> <span class='ocrx_word' id='word_1_17' title='bbox 1021 875 1127 932; x_wconf 91' lang='lat' dir='ltr'><strong>pro</strong></span> <span class='ocrx_word' id='word_1_18' title='bbox 1153 857 1237 915; x_wconf 88' lang='lat' dir='ltr'><strong>rei</strong></span> <span class='ocrx_word' id='word_1_19' title='bbox 1262 867 1464 934; x_wconf 85' lang='lat' dir='ltr'><strong>optatae</strong></span> <span class='ocrx_word' id='word_1_20' title='bbox 1505 866 1719 915; x_wconf 87' lang='lat' dir='ltr'><strong>natura.</strong></span> <span class='ocrx_word' id='word_1_21' title='bbox 1804 854 2089 914; x_wconf 76' lang='lat' dir='ltr'><strong>Caeterum</strong></span> <span class='ocrx_word' id='word_1_22' title='bbox 2118 875 2243 929; x_wconf 84' lang='lat' dir='ltr'><strong>quae</strong></span> <span class='ocrx_word' id='word_1_23' title='bbox 2271 857 2399 927; x_wconf 89' lang='lat' dir='ltr'><strong>quis</strong></span> <span class='ocrx_word' id='word_1_24' title='bbox 2426 875 2500 916; x_wconf 85' lang='lat' dir='ltr'><strong>ex</strong></span> 
     </span>
     <span class='ocr_line' id='line_1_4' title="bbox 324 946 2505 1034; baseline 0.004 -30"><span class='ocrx_word' id='word_1_25' title='bbox 324 946 437 1005; x_wconf 93' lang='lat' dir='ltr'><strong>odii</strong></span> <span class='ocrx_word' id='word_1_26' title='bbox 463 949 684 1026; x_wconf 88' lang='lat' dir='ltr'><strong>impetu</strong></span> <span class='ocrx_word' id='word_1_27' title='bbox 713 953 871 1011; x_wconf 87' lang='lat' dir='ltr'><strong>alteri</strong></span> <span class='ocrx_word' id='word_1_28' title='bbox 909 963 1086 1031; x_wconf 86' lang='lat' dir='ltr'><strong>optat,</strong></span> <span class='ocrx_word' id='word_1_29' title='bbox 1130 954 1390 1014; x_wconf 84' lang='lat' dir='ltr'><strong>videntur</strong></span> <span class='ocrx_word' id='word_1_30' title='bbox 1429 956 1767 1034; x_wconf 88' lang='lat' dir='ltr'><strong>plerumque</strong></span> <span class='ocrx_word' id='word_1_31' title='bbox 1808 955 1916 1013; x_wconf 91' lang='lat' dir='ltr'><strong>sub</strong></span> <span class='ocrx_word' id='word_1_32' title='bbox 1956 974 2071 1014; x_wconf 91' lang='lat' dir='ltr'><strong>una</strong></span> <span class='ocrx_word' id='word_1_33' title='bbox 2110 955 2326 1012; x_wconf 86' lang='lat' dir='ltr'><strong>ratione</strong></span> <span class='ocrx_word' id='word_1_34' title='bbox 2368 955 2505 1013; x_wconf 91' lang='lat' dir='ltr'><strong>mali</strong></span> 
     </span>
     <span class='ocr_line' id='line_1_5' title="bbox 327 1049 2506 1130; baseline 0.004 -27"><span class='ocrx_word' id='word_1_35' title='bbox 327 1049 578 1126; x_wconf 83' lang='lat' dir='ltr'>concipi,</span> <span class='ocrx_word' id='word_1_36' title='bbox 607 1059 666 1107; x_wconf 90' lang='lat' dir='ltr'><strong>et</strong></span> <span class='ocrx_word' id='word_1_37' title='bbox 693 1053 969 1111; x_wconf 81' lang='lat' dir='ltr'><strong>contineri</strong></span> <span class='ocrx_word' id='word_1_38' title='bbox 994 1073 1010 1122; x_wconf 89' lang='lat'><strong>;</strong></span> <span class='ocrx_word' id='word_1_39' title='bbox 1052 1053 1297 1127; x_wconf 92' lang='lat' dir='ltr'><strong>ideoque</strong></span> <span class='ocrx_word' id='word_1_40' title='bbox 1324 1074 1439 1114; x_wconf 88' lang='lat' dir='ltr'><strong>non</strong></span> <span class='ocrx_word' id='word_1_41' title='bbox 1469 1065 1603 1112; x_wconf 86' lang='lat' dir='ltr'><strong>sunt</strong></span> <span class='ocrx_word' id='word_1_42' title='bbox 1638 1051 1961 1113; x_wconf 74' lang='lat' dir='ltr'><strong>necessario</strong></span> <span class='ocrx_word' id='word_1_43' title='bbox 2004 1051 2345 1130; x_wconf 85' lang='lat' dir='ltr'><strong>exponenda</strong></span> <span class='ocrx_word' id='word_1_44' title='bbox 2370 1073 2506 1112; x_wconf 89' lang='lat' dir='ltr'><strong>enu-</strong></span> 
     </span>
     <span class='ocr_line' id='line_1_6' title="bbox 328 1145 1848 1230; baseline 0.007 -28"><span class='ocrx_word' id='word_1_45' title='bbox 328 1145 587 1216; x_wconf 87' lang='lat' dir='ltr'><strong>cleatius,</strong></span> <span class='ocrx_word' id='word_1_46' title='bbox 617 1150 845 1222; x_wconf 91' lang='lat' dir='ltr'><strong>quando</strong></span> <span class='ocrx_word' id='word_1_47' title='bbox 871 1155 1140 1229; x_wconf 84' lang='lat' dir='ltr'><strong>specialis</strong></span> <span class='ocrx_word' id='word_1_48' title='bbox 1168 1154 1426 1213; x_wconf 85' lang='lat' dir='ltr'><strong>voluntas</strong></span> <span class='ocrx_word' id='word_1_49' title='bbox 1455 1171 1571 1211; x_wconf 87' lang='lat' dir='ltr'><strong>non</strong></span> <span class='ocrx_word' id='word_1_50' title='bbox 1598 1163 1848 1230; x_wconf 88' lang='lat' dir='ltr'><strong>apparet.</strong></span> 
     </span>
    </p>

    <p class='ocr_par' dir='ltr' id='par_1_3' title="bbox 329 1248 2516 2724">
     <span class='ocr_line' id='line_1_7' title="bbox 403 1248 2508 1330; baseline 0.002 -27"><span class='ocrx_word' id='word_1_51' title='bbox 403 1248 505 1304; x_wconf 83' lang='grc'><strong>96.</strong></span> <span class='ocrx_word' id='word_1_52' title='bbox 549 1249 786 1322; x_wconf 83' lang='lat' dir='ltr'>Absque</span> <span class='ocrx_word' id='word_1_53' title='bbox 813 1250 931 1309; x_wconf 91' lang='lat' dir='ltr'><strong>odii</strong></span> <span class='ocrx_word' id='word_1_54' title='bbox 955 1253 1112 1321; x_wconf 87' lang='lat' dir='ltr'><strong>vitio,</strong></span> <span class='ocrx_word' id='word_1_55' title='bbox 1143 1253 1402 1325; x_wconf 83' lang='lat' dir='ltr'><strong>quamvis</strong></span> <span class='ocrx_word' id='word_1_56' title='bbox 1429 1252 1683 1330; x_wconf 89' lang='lat' dir='ltr'><strong>periculo</strong></span> <span class='ocrx_word' id='word_1_57' title='bbox 1722 1272 1837 1311; x_wconf 90' lang='lat' dir='ltr'><strong>non</strong></span> <span class='ocrx_word' id='word_1_58' title='bbox 1877 1260 2054 1319; x_wconf 86' lang='lat' dir='ltr'><strong>vacet,</strong></span> <span class='ocrx_word' id='word_1_59' title='bbox 2096 1259 2290 1327; x_wconf 88' lang='lat' dir='ltr'><strong>optare</strong></span> <span class='ocrx_word' id='word_1_60' title='bbox 2318 1260 2508 1328; x_wconf 88' lang='lat' dir='ltr'><strong>potest</strong></span> 
     </span>
     <span class='ocr_line' id='line_1_8' title="bbox 329 1345 2503 1429; baseline 0.003 -28"><span class='ocrx_word' id='word_1_61' title='bbox 329 1345 454 1416; x_wconf 90' lang='lat' dir='ltr'><strong>quis</strong></span> <span class='ocrx_word' id='word_1_62' title='bbox 483 1347 646 1405; x_wconf 89' lang='lat' dir='ltr'><strong>alteri</strong></span> <span class='ocrx_word' id='word_1_63' title='bbox 672 1349 886 1407; x_wconf 86' lang='lat' dir='ltr'><strong>malurn</strong></span> <span class='ocrx_word' id='word_1_64' title='bbox 914 1349 1144 1424; x_wconf 85' lang='lat' dir='ltr'>aliquod</span> <span class='ocrx_word' id='word_1_65' title='bbox 1170 1352 1497 1429; x_wconf 84' lang='lat' dir='ltr'><strong>temporale,</strong></span> <span class='ocrx_word' id='word_1_66' title='bbox 1533 1351 1689 1425; x_wconf 91' lang='lat' dir='ltr'><strong>quod</strong></span> <span class='ocrx_word' id='word_1_67' title='bbox 1717 1353 1777 1410; x_wconf 90' lang='lat' dir='ltr'><strong>in</strong></span> <span class='ocrx_word' id='word_1_68' title='bbox 1804 1352 2007 1410; x_wconf 84' lang='lat' dir='ltr'><strong>animae</strong></span> <span class='ocrx_word' id='word_1_69' title='bbox 2034 1350 2275 1408; x_wconf 85' lang='lat' dir='ltr'><strong>salutem</strong></span> <span class='ocrx_word' id='word_1_70' title='bbox 2304 1349 2503 1408; x_wconf 86' lang='lat' dir='ltr'><strong>cedat:</strong></span> 
     </span>
     <span class='ocr_line' id='line_1_9' title="bbox 329 1447 2511 1527; baseline 0.002 -27"><span class='ocrx_word' id='word_1_71' title='bbox 329 1460 402 1500; x_wconf 84' lang='lat' dir='ltr'><strong>v:</strong></span> <span class='ocrx_word' id='word_1_72' title='bbox 433 1463 510 1520; x_wconf 87' lang='lat' dir='ltr'><strong>g:</strong></span> <span class='ocrx_word' id='word_1_73' title='bbox 553 1447 834 1516; x_wconf 80' lang='lat' dir='ltr'><strong>morbum,</strong></span> <span class='ocrx_word' id='word_1_74' title='bbox 863 1459 926 1508; x_wconf 93' lang='lat' dir='ltr'><strong>ut</strong></span> <span class='ocrx_word' id='word_1_75' title='bbox 951 1469 984 1506; x_wconf 88' lang='lat' dir='ltr'><strong>a</strong></span> <span class='ocrx_word' id='word_1_76' title='bbox 1007 1450 1302 1527; x_wconf 87' lang='lat' dir='ltr'><strong>peccando</strong></span> <span class='ocrx_word' id='word_1_77' title='bbox 1341 1451 1685 1520; x_wconf 85' lang='lat' dir='ltr'><strong>retrahatur;</strong></span> <span class='ocrx_word' id='word_1_78' title='bbox 1727 1469 1818 1510; x_wconf 87' lang='lat' dir='ltr'><strong>res</strong></span> <span class='ocrx_word' id='word_1_79' title='bbox 1848 1449 2131 1516; x_wconf 84' lang='lat' dir='ltr'><strong>adversas,</strong></span> <span class='ocrx_word' id='word_1_80' title='bbox 2160 1457 2221 1506; x_wconf 88' lang='lat' dir='ltr'><strong>ut</strong></span> <span class='ocrx_word' id='word_1_81' title='bbox 2246 1448 2511 1524; x_wconf 83' lang='lat' dir='ltr'><strong>superbia</strong></span> 
     </span>
     <span class='ocr_line' id='line_1_10' title="bbox 331 1540 2507 1627; baseline 0.002 -28"><span class='ocrx_word' id='word_1_82' title='bbox 331 1540 609 1604; x_wconf 83' lang='lat' dir='ltr'><strong>dometur.</strong></span> <span class='ocrx_word' id='word_1_83' title='bbox 654 1545 1000 1608; x_wconf 84' lang='lat' dir='ltr'><strong>Communis</strong></span> <span class='ocrx_word' id='word_1_84' title='bbox 1027 1551 1282 1608; x_wconf 82' lang='lat' dir='ltr'><strong>utilitatis</strong></span> <span class='ocrx_word' id='word_1_85' title='bbox 1301 1549 1488 1608; x_wconf 87' lang='lat' dir='ltr'><strong>studio</strong></span> <span class='ocrx_word' id='word_1_86' title='bbox 1507 1559 1695 1627; x_wconf 89' lang='lat' dir='ltr'><strong>potest</strong></span> <span class='ocrx_word' id='word_1_87' title='bbox 1712 1549 1841 1622; x_wconf 88' lang='lat' dir='ltr'><strong>quis</strong></span> <span class='ocrx_word' id='word_1_88' title='bbox 1860 1549 2049 1615; x_wconf 89' lang='lat' dir='ltr'><strong>etiam,</strong></span> <span class='ocrx_word' id='word_1_89' title='bbox 2076 1548 2287 1620; x_wconf 78' lang='lat' dir='ltr'>absque</span> <span class='ocrx_word' id='word_1_90' title='bbox 2317 1547 2507 1624; x_wconf 85' lang='lat' dir='ltr'><strong>culpa,</strong></span> 
     </span>
     <span class='ocr_line' id='line_1_11' title="bbox 329 1645 2507 1726; baseline 0.001 -25"><span class='ocrx_word' id='word_1_91' title='bbox 329 1651 546 1720; x_wconf 88' lang='lat' dir='ltr'><strong>optare,</strong></span> <span class='ocrx_word' id='word_1_92' title='bbox 573 1655 638 1702; x_wconf 85' lang='lat' dir='ltr'><strong>ut</strong></span> <span class='ocrx_word' id='word_1_93' title='bbox 660 1645 926 1724; x_wconf 84' lang='lat' dir='ltr'><strong>flagitiosi</strong></span> <span class='ocrx_word' id='word_1_94' title='bbox 953 1650 1416 1726; x_wconf 84' lang='lat' dir='ltr'><strong>comprimantur,</strong></span> <span class='ocrx_word' id='word_1_95' title='bbox 1447 1649 1728 1708; x_wconf 81' lang='lat' dir='ltr'><strong>Ecclesiae</strong></span> <span class='ocrx_word' id='word_1_96' title='bbox 1758 1656 2148 1726; x_wconf 78' lang='lat' dir='ltr'><strong>persecutores</strong></span> <span class='ocrx_word' id='word_1_97' title='bbox 2177 1647 2507 1716; x_wconf 87' lang='lat' dir='ltr'><strong>moriantur,</strong></span> 
     </span>
     <span class='ocr_line' id='line_1_12' title="bbox 331 1738 2509 1824; baseline 0 -25"><span class='ocrx_word' id='word_1_98' title='bbox 331 1738 698 1802; x_wconf 76' lang='lat' dir='ltr'><strong>dissidiorum</strong></span> <span class='ocrx_word' id='word_1_99' title='bbox 741 1755 998 1805; x_wconf 82' lang='lat' dir='ltr'><strong>auctores</strong></span> <span class='ocrx_word' id='word_1_100' title='bbox 1053 1767 1252 1824; x_wconf 87' lang='lat' dir='ltr'><strong>poenas</strong></span> <span class='ocrx_word' id='word_1_101' title='bbox 1298 1747 1514 1806; x_wconf 87' lang='lat' dir='ltr'><strong>debitas</strong></span> <span class='ocrx_word' id='word_1_102' title='bbox 1559 1749 1755 1815; x_wconf 89' lang='lat' dir='ltr'><strong>luant;</strong></span> <span class='ocrx_word' id='word_1_103' title='bbox 1812 1750 2051 1824; x_wconf 81' lang='lat' dir='ltr'><strong>insuper</strong></span> <span class='ocrx_word' id='word_1_104' title='bbox 2087 1754 2150 1802; x_wconf 90' lang='lat' dir='ltr'><strong>ut</strong></span> <span class='ocrx_word' id='word_1_105' title='bbox 2192 1747 2314 1818; x_wconf 91' lang='lat' dir='ltr'><strong>qui,</strong></span> <span class='ocrx_word' id='word_1_106' title='bbox 2356 1745 2509 1804; x_wconf 85' lang='lat' dir='ltr'><strong>vitiis</strong></span> 
     </span>
     <span class='ocr_line' id='line_1_13' title="bbox 333 1840 2513 1923; baseline 0.002 -25"><span class='ocrx_word' id='word_1_107' title='bbox 333 1840 471 1909; x_wconf 80' lang='lat' dir='ltr'><strong>suis,</strong></span> <span class='ocrx_word' id='word_1_108' title='bbox 499 1841 768 1902; x_wconf 85' lang='lat' dir='ltr'><strong>dedecori</strong></span> <span class='ocrx_word' id='word_1_109' title='bbox 793 1854 964 1904; x_wconf 89' lang='lat' dir='ltr'><strong>estet</strong></span> <span class='ocrx_word' id='word_1_110' title='bbox 987 1847 1200 1923; x_wconf 66' lang='lat' dir='ltr'><strong>probro,</strong></span> <span class='ocrx_word' id='word_1_111' title='bbox 1232 1847 1482 1916; x_wconf 81' lang='lat' dir='ltr'><strong>familiae,</strong></span> <span class='ocrx_word' id='word_1_112' title='bbox 1511 1849 1801 1906; x_wconf 86' lang='lat' dir='ltr'><strong>moriatur.</strong></span> <span class='ocrx_word' id='word_1_113' title='bbox 1883 1845 2171 1903; x_wconf 86' lang='lat' dir='ltr'><strong>Caeterum</strong></span> <span class='ocrx_word' id='word_1_114' title='bbox 2198 1863 2317 1902; x_wconf 89' lang='lat' dir='ltr'><strong>non</strong></span> <span class='ocrx_word' id='word_1_115' title='bbox 2341 1861 2513 1902; x_wconf 89' lang='lat' dir='ltr'><strong>excu-</strong></span> 
     </span>
     <span class='ocr_line' id='line_1_14' title="bbox 331 1940 2514 2023; baseline 0.002 -29"><span class='ocrx_word' id='word_1_116' title='bbox 331 1946 484 2018; x_wconf 84' lang='lat' dir='ltr'><strong>satur</strong></span> <span class='ocrx_word' id='word_1_117' title='bbox 510 1952 691 2001; x_wconf 88' lang='lat' dir='ltr'><strong>mater</strong></span> <span class='ocrx_word' id='word_1_118' title='bbox 717 1963 843 2016; x_wconf 85' lang='lat' dir='ltr'><strong>quae</strong></span> <span class='ocrx_word' id='word_1_119' title='bbox 871 1945 1002 2004; x_wconf 84' lang='lat' dir='ltr'><strong>filiae</strong></span> <span class='ocrx_word' id='word_1_120' title='bbox 1041 1956 1196 2023; x_wconf 88' lang='lat' dir='ltr'><strong>optat</strong></span> <span class='ocrx_word' id='word_1_121' title='bbox 1233 1957 1492 2015; x_wconf 87' lang='lat' dir='ltr'><strong>mortem,</strong></span> <span class='ocrx_word' id='word_1_122' title='bbox 1535 1946 1691 2020; x_wconf 88' lang='lat' dir='ltr'><strong>quod</strong></span> <span class='ocrx_word' id='word_1_123' title='bbox 1728 1945 1881 2004; x_wconf 90' lang='lat' dir='ltr'><strong>haud</strong></span> <span class='ocrx_word' id='word_1_124' title='bbox 1921 1945 1996 2002; x_wconf 90' lang='lat' dir='ltr'><strong>sit</strong></span> <span class='ocrx_word' id='word_1_125' title='bbox 2022 1942 2277 2021; x_wconf 86' lang='lat' dir='ltr'><strong>pulchra,</strong></span> <span class='ocrx_word' id='word_1_126' title='bbox 2314 1943 2405 2000; x_wconf 86' lang='lat' dir='ltr'><strong>vel</strong></span> <span class='ocrx_word' id='word_1_127' title='bbox 2444 1940 2514 2000; x_wconf 89' lang='lat' dir='ltr'><strong>ad</strong></span> 
     </span>
     <span class='ocr_line' id='line_1_15' title="bbox 333 2041 2513 2122; baseline 0.002 -26"><span class='ocrx_word' id='word_1_128' title='bbox 333 2041 757 2100; x_wconf 82' lang='lat' dir='ltr'><strong>matrimonium</strong></span> <span class='ocrx_word' id='word_1_129' title='bbox 785 2046 1040 2115; x_wconf 81' lang='lat' dir='ltr'><strong>quaesita.</strong></span> <span class='ocrx_word' id='word_1_130' title='bbox 1123 2045 1338 2104; x_wconf 87' lang='lat' dir='ltr'><strong>Mulier</strong></span> <span class='ocrx_word' id='word_1_131' title='bbox 1377 2047 1564 2104; x_wconf 89' lang='lat' dir='ltr'><strong>mariti</strong></span> <span class='ocrx_word' id='word_1_132' title='bbox 1602 2056 1805 2122; x_wconf 87' lang='lat' dir='ltr'><strong>optans</strong></span> <span class='ocrx_word' id='word_1_133' title='bbox 1834 2054 2092 2112; x_wconf 84' lang='lat' dir='ltr'><strong>mortem,</strong></span> <span class='ocrx_word' id='word_1_134' title='bbox 2123 2043 2221 2114; x_wconf 91' lang='lat' dir='ltr'><strong>qui</strong></span> <span class='ocrx_word' id='word_1_135' title='bbox 2246 2043 2513 2100; x_wconf 86' lang='lat' dir='ltr'><strong>ebrietate</strong></span> 
     </span>
     <span class='ocr_line' id='line_1_16' title="bbox 337 2138 2513 2220; baseline 0.001 -24"><span class='ocrx_word' id='word_1_136' title='bbox 337 2138 580 2213; x_wconf 85' lang='lat' dir='ltr'><strong>aliisque</strong></span> <span class='ocrx_word' id='word_1_137' title='bbox 607 2143 760 2199; x_wconf 85' lang='lat' dir='ltr'><strong>vitiis</strong></span> <span class='ocrx_word' id='word_1_138' title='bbox 797 2161 924 2200; x_wconf 88' lang='lat' dir='ltr'><strong>eam</strong></span> <span class='ocrx_word' id='word_1_139' title='bbox 951 2153 1006 2200; x_wconf 92' lang='lat' dir='ltr'><strong>et</strong></span> <span class='ocrx_word' id='word_1_140' title='bbox 1031 2144 1180 2202; x_wconf 86' lang='lat' dir='ltr'><strong>filios</strong></span> <span class='ocrx_word' id='word_1_141' title='bbox 1207 2145 1450 2220; x_wconf 86' lang='lat' dir='ltr'><strong>graviter</strong></span> <span class='ocrx_word' id='word_1_142' title='bbox 1475 2144 1647 2211; x_wconf 76' lang='lat' dir='ltr'><strong>laedit,</strong></span> <span class='ocrx_word' id='word_1_143' title='bbox 1678 2153 1734 2200; x_wconf 92' lang='lat' dir='ltr'><strong>et</strong></span> <span class='ocrx_word' id='word_1_144' title='bbox 1758 2143 2069 2206; x_wconf 88' lang='lat' dir='ltr'><strong>contristat,</strong></span> <span class='ocrx_word' id='word_1_145' title='bbox 2097 2140 2316 2198; x_wconf 88' lang='lat' dir='ltr'><strong>videtur</strong></span> <span class='ocrx_word' id='word_1_146' title='bbox 2342 2158 2513 2217; x_wconf 87' lang='lat' dir='ltr'><strong>posse</strong></span> 
     </span>
     <span class='ocr_line' id='line_1_17' title="bbox 335 2237 2513 2319; baseline 0.001 -26"><span class='ocrx_word' id='word_1_147' title='bbox 335 2242 617 2297; x_wconf 85' lang='lat' dir='ltr'><strong>excusari.</strong></span> <span class='ocrx_word' id='word_1_148' title='bbox 702 2238 987 2298; x_wconf 78' lang='lat' dir='ltr'><strong>Caeterum</strong></span> <span class='ocrx_word' id='word_1_149' title='bbox 1009 2241 1272 2300; x_wconf 87' lang='lat' dir='ltr'><strong>damnata</strong></span> <span class='ocrx_word' id='word_1_150' title='bbox 1295 2251 1384 2299; x_wconf 88' lang='lat' dir='ltr'><strong>est</strong></span> <span class='ocrx_word' id='word_1_151' title='bbox 1403 2242 1753 2319; x_wconf 84' lang='lat' dir='ltr'><strong>propositio:</strong></span> <span class='ocrx_word' id='word_1_152' title='bbox 1798 2251 1837 2276; x_wconf 76' lang='lat'><strong>‘⁵</strong></span> <span class='ocrx_word' id='word_1_153' title='bbox 1858 2241 1923 2298; x_wconf 86' lang='lat' dir='ltr'><strong>Si</strong></span> <span class='ocrx_word' id='word_1_154' title='bbox 1949 2259 2079 2298; x_wconf 90' lang='lat' dir='ltr'><strong>cum</strong></span> <span class='ocrx_word' id='word_1_155' title='bbox 2108 2238 2296 2296; x_wconf 86' lang='lat' dir='ltr'><strong>debita</strong></span> <span class='ocrx_word' id='word_1_156' title='bbox 2319 2237 2513 2296; x_wconf 90' lang='lat' dir='ltr'><strong>mode-</strong></span> 
     </span>
     <span class='ocr_line' id='line_1_18' title="bbox 333 2337 2512 2416; baseline 0 -23"><span class='ocrx_word' id='word_1_157' title='bbox 333 2337 549 2395; x_wconf 87' lang='lat' dir='ltr'><strong>ratione</strong></span> <span class='ocrx_word' id='word_1_158' title='bbox 577 2338 770 2406; x_wconf 84' lang='lat' dir='ltr'><strong>sacias,</strong></span> <span class='ocrx_word' id='word_1_159' title='bbox 799 2349 962 2414; x_wconf 89' lang='lat' dir='ltr'><strong>potes</strong></span> <span class='ocrx_word' id='word_1_160' title='bbox 989 2342 1205 2414; x_wconf 87' lang='lat' dir='ltr'><strong>absque</strong></span> <span class='ocrx_word' id='word_1_161' title='bbox 1233 2352 1466 2416; x_wconf 87' lang='lat' dir='ltr'><strong>peccato</strong></span> <span class='ocrx_word' id='word_1_162' title='bbox 1507 2340 1731 2400; x_wconf 82' lang='lat' dir='ltr'><strong>mortali</strong></span> <span class='ocrx_word' id='word_1_163' title='bbox 1770 2340 1841 2398; x_wconf 92' lang='lat' dir='ltr'><strong>de</strong></span> <span class='ocrx_word' id='word_1_164' title='bbox 1882 2340 1997 2398; x_wconf 71' lang='lat' dir='ltr'><strong>¹vita</strong></span> <span class='ocrx_word' id='word_1_165' title='bbox 2022 2338 2261 2416; x_wconf 90' lang='lat' dir='ltr'><strong>alicujus</strong></span> <span class='ocrx_word' id='word_1_166' title='bbox 2290 2337 2512 2404; x_wconf 85' lang='lat' dir='ltr'><strong>tristari,</strong></span> 
     </span>
     <span class='ocr_line' id='line_1_19' title="bbox 334 2436 2515 2516; baseline 0.001 -25"><span class='ocrx_word' id='word_1_167' title='bbox 334 2445 390 2491; x_wconf 90' lang='lat' dir='ltr'><strong>et</strong></span> <span class='ocrx_word' id='word_1_168' title='bbox 414 2436 488 2493; x_wconf 90' lang='lat' dir='ltr'><strong>de</strong></span> <span class='ocrx_word' id='word_1_169' title='bbox 530 2437 682 2494; x_wconf 87' lang='lat' dir='ltr'><strong>illius</strong></span> <span class='ocrx_word' id='word_1_170' title='bbox 723 2448 904 2496; x_wconf 90' lang='lat' dir='ltr'><strong>morte</strong></span> <span class='ocrx_word' id='word_1_171' title='bbox 944 2441 1177 2498; x_wconf 87' lang='lat' dir='ltr'><strong>naturali</strong></span> <span class='ocrx_word' id='word_1_172' title='bbox 1217 2441 1483 2516; x_wconf 86' lang='lat' dir='ltr'><strong>gaudere,</strong></span> <span class='ocrx_word' id='word_1_173' title='bbox 1526 2439 1685 2498; x_wconf 90' lang='lat' dir='ltr'><strong>illam</strong></span> <span class='ocrx_word' id='word_1_174' title='bbox 1723 2439 2007 2497; x_wconf 88' lang='lat' dir='ltr'><strong>inefficaci</strong></span> <span class='ocrx_word' id='word_1_175' title='bbox 2049 2439 2303 2514; x_wconf 87' lang='lat' dir='ltr'><strong>appetitu</strong></span> <span class='ocrx_word' id='word_1_176' title='bbox 2346 2453 2515 2512; x_wconf 87' lang='lat' dir='ltr'><strong>appe-</strong></span> 
     </span>
     <span class='ocr_line' id='line_1_20' title="bbox 337 2534 2516 2614; baseline -0.001 -22"><span class='ocrx_word' id='word_1_177' title='bbox 337 2541 474 2604; x_wconf 83' lang='lat' dir='ltr'><strong>tere,</strong></span> <span class='ocrx_word' id='word_1_178' title='bbox 503 2546 562 2592; x_wconf 90' lang='lat' dir='ltr'><strong>et</strong></span> <span class='ocrx_word' id='word_1_179' title='bbox 585 2536 928 2605; x_wconf 88' lang='lat' dir='ltr'><strong>desiderare,</strong></span> <span class='ocrx_word' id='word_1_180' title='bbox 955 2558 1072 2598; x_wconf 90' lang='lat' dir='ltr'><strong>non</strong></span> <span class='ocrx_word' id='word_1_181' title='bbox 1099 2539 1331 2612; x_wconf 90' lang='lat' dir='ltr'><strong>quidem</strong></span> <span class='ocrx_word' id='word_1_182' title='bbox 1369 2558 1443 2596; x_wconf 83' lang='lat' dir='ltr'><strong>ex</strong></span> <span class='ocrx_word' id='word_1_183' title='bbox 1482 2539 1843 2614; x_wconf 86' lang='lat' dir='ltr'><strong>displicentia</strong></span> <span class='ocrx_word' id='word_1_184' title='bbox 1879 2555 2160 2614; x_wconf 81' lang='lat' dir='ltr'><strong>personae,</strong></span> <span class='ocrx_word' id='word_1_185' title='bbox 2188 2535 2287 2592; x_wconf 86' lang='lat' dir='ltr'><strong>sed</strong></span> <span class='ocrx_word' id='word_1_186' title='bbox 2316 2535 2389 2591; x_wconf 95' lang='lat' dir='ltr'><strong>ob</strong></span> <span class='ocrx_word' id='word_1_187' title='bbox 2418 2534 2516 2592; x_wconf 86' lang='lat' dir='ltr'><strong>ali·</strong></span> 
     </span>
     <span class='ocr_line' id='line_1_21' title="bbox 339 2633 1816 2724; baseline 0.004 -31"><span class='ocrx_word' id='word_1_188' title='bbox 339 2633 492 2706; x_wconf 88' lang='lat' dir='ltr'><strong>quod</strong></span> <span class='ocrx_word' id='word_1_189' title='bbox 521 2636 832 2712; x_wconf 85' lang='lat' dir='ltr'><strong>temporale</strong></span> <span class='ocrx_word' id='word_1_190' title='bbox 867 2633 1411 2696; x_wconf 82' lang='lat' dir='ltr'><strong>emolumentum.&#39;’²</strong></span> <span class='ocrx_word' id='word_1_191' title='bbox 1807 2713 1816 2724; x_wconf 28' lang='grc' dir='ltr'><strong><em>ι</em></strong></span> 
     </span>
    </p>

    <p class='ocr_par' dir='ltr' id='par_1_4' title="bbox 339 2729 2527 4098">
     <span class='ocr_line' id='line_1_22' title="bbox 417 2729 2519 2813; baseline -0.001 -22"><span class='ocrx_word' id='word_1_192' title='bbox 417 2737 521 2792; x_wconf 80' lang='grc'><strong>97.</strong></span> <span class='ocrx_word' id='word_1_193' title='bbox 565 2735 804 2792; x_wconf 86' lang='lat' dir='ltr'><strong>Praestat</strong></span> <span class='ocrx_word' id='word_1_194' title='bbox 840 2737 1181 2813; x_wconf 80' lang='lat' dir='ltr'><strong>Angelicum</strong></span> <span class='ocrx_word' id='word_1_195' title='bbox 1213 2736 1500 2796; x_wconf 87' lang='lat' dir='ltr'><strong>doctorem</strong></span> <span class='ocrx_word' id='word_1_196' title='bbox 1543 2734 1735 2794; x_wconf 91' lang='lat' dir='ltr'><strong>audire</strong></span> <span class='ocrx_word' id='word_1_197' title='bbox 1766 2755 1780 2793; x_wconf 80' lang='lat' dir='ltr'><em>z</em></span> <span class='ocrx_word' id='word_1_198' title='bbox 1827 2743 1865 2770; x_wconf 79' lang='lat'><strong>“⁶</strong></span> <span class='ocrx_word' id='word_1_199' title='bbox 1890 2733 2150 2791; x_wconf 88' lang='lat' dir='ltr'><strong>Charitas</strong></span> <span class='ocrx_word' id='word_1_200' title='bbox 2179 2729 2411 2790; x_wconf 85' lang='lat' dir='ltr'><strong>attendit</strong></span> <span class='ocrx_word' id='word_1_201' title='bbox 2448 2729 2519 2788; x_wconf 92' lang='lat' dir='ltr'><strong>ad</strong></span> 
     </span>
     <span class='ocr_line' id='line_1_23' title="bbox 339 2830 2514 2911; baseline -0.001 -23"><span class='ocrx_word' id='word_1_202' title='bbox 339 2830 596 2903; x_wconf 84' lang='lat' dir='ltr'><strong>quaedam</strong></span> <span class='ocrx_word' id='word_1_203' title='bbox 623 2833 774 2892; x_wconf 88' lang='lat' dir='ltr'><strong>bona</strong></span> <span class='ocrx_word' id='word_1_204' title='bbox 797 2854 902 2911; x_wconf 89' lang='lat' dir='ltr'><strong>per</strong></span> <span class='ocrx_word' id='word_1_205' title='bbox 927 2854 1008 2903; x_wconf 90' lang='lat' dir='ltr'><strong>se,</strong></span> <span class='ocrx_word' id='word_1_206' title='bbox 1039 2837 1256 2894; x_wconf 87' lang='lat' dir='ltr'><strong>scilicet</strong></span> <span class='ocrx_word' id='word_1_207' title='bbox 1281 2835 1350 2894; x_wconf 88' lang='lat' dir='ltr'><strong>ad</strong></span> <span class='ocrx_word' id='word_1_208' title='bbox 1387 2837 1540 2894; x_wconf 88' lang='lat' dir='ltr'><strong>bona</strong></span> <span class='ocrx_word' id='word_1_209' title='bbox 1578 2833 1879 2911; x_wconf 70' lang='lat' dir='ltr'><strong>gratiae,.ad</strong></span> <span class='ocrx_word' id='word_1_210' title='bbox 1906 2831 2165 2906; x_wconf 83' lang='lat' dir='ltr'><strong>quaedam</strong></span> <span class='ocrx_word' id='word_1_211' title='bbox 2194 2839 2381 2888; x_wconf 86' lang='lat' dir='ltr'><strong>autem</strong></span> <span class='ocrx_word' id='word_1_212' title='bbox 2411 2848 2514 2904; x_wconf 91' lang='lat' dir='ltr'><strong>per</strong></span> 
     </span>
     <span class='ocr_line' id='line_1_24' title="bbox 341 2927 2519 3005; baseline -0.001 -17"><span class='ocrx_word' id='word_1_213' title='bbox 341 2931 628 3001; x_wconf 89' lang='lat' dir='ltr'><strong>accidens,</strong></span> <span class='ocrx_word' id='word_1_214' title='bbox 656 2934 716 2991; x_wconf 91' lang='lat' dir='ltr'><strong>in</strong></span> <span class='ocrx_word' id='word_1_215' title='bbox 745 2945 1014 3004; x_wconf 87' lang='lat' dir='ltr'><strong>quantum</strong></span> <span class='ocrx_word' id='word_1_216' title='bbox 1043 2934 1114 2992; x_wconf 89' lang='lat' dir='ltr'><strong>ad</strong></span> <span class='ocrx_word' id='word_1_217' title='bbox 1153 2936 1259 2993; x_wconf 85' lang='lat' dir='ltr'><strong>ista</strong></span> <span class='ocrx_word' id='word_1_218' title='bbox 1297 2933 1645 2996; x_wconf 88' lang='lat' dir='ltr'><strong>ordinantur.</strong></span> <span class='ocrx_word' id='word_1_219' title='bbox 1728 2933 1893 2991; x_wconf 86' lang='lat' dir='ltr'><strong>Bona</strong></span> <span class='ocrx_word' id='word_1_220' title='bbox 1934 2941 2119 2991; x_wconf 89' lang='lat' dir='ltr'><strong>autem</strong></span> <span class='ocrx_word' id='word_1_221' title='bbox 2162 2927 2519 3005; x_wconf 86' lang='lat' dir='ltr'><strong>temporalia,</strong></span> 
     </span>
     <span class='ocr_line' id='line_1_25' title="bbox 343 3031 2519 3106; baseline -0.003 -16"><span class='ocrx_word' id='word_1_222' title='bbox 343 3048 470 3102; x_wconf 83' lang='lat' dir='ltr'><strong>quae</strong></span> <span class='ocrx_word' id='word_1_223' title='bbox 513 3049 616 3106; x_wconf 90' lang='lat' dir='ltr'><strong>per</strong></span> <span class='ocrx_word' id='word_1_224' title='bbox 655 3031 920 3091; x_wconf 90' lang='lat' dir='ltr'><strong>accidens</strong></span> <span class='ocrx_word' id='word_1_225' title='bbox 957 3032 1198 3092; x_wconf 86' lang='lat' dir='ltr'><strong>charitas</strong></span> <span class='ocrx_word' id='word_1_226' title='bbox 1240 3032 1490 3099; x_wconf 87' lang='lat' dir='ltr'><strong>attendit,</strong></span> <span class='ocrx_word' id='word_1_227' title='bbox 1531 3042 1589 3090; x_wconf 92' lang='lat' dir='ltr'><strong>et</strong></span> <span class='ocrx_word' id='word_1_228' title='bbox 1628 3050 1703 3088; x_wconf 88' lang='lat' dir='ltr'><strong>ex</strong></span> <span class='ocrx_word' id='word_1_229' title='bbox 1742 3031 2135 3104; x_wconf 88' lang='lat' dir='ltr'><strong>consequenti,</strong></span> <span class='ocrx_word' id='word_1_230' title='bbox 2176 3039 2421 3106; x_wconf 88' lang='lat' dir='ltr'><strong>possunt</strong></span> <span class='ocrx_word' id='word_1_231' title='bbox 2457 3045 2519 3084; x_wconf 87' lang='lat' dir='ltr'><strong>se</strong></span> 
     </span>
     <span class='ocr_line' id='line_1_26' title="bbox 341 3125 2517 3208; baseline -0.002 -22"><span class='ocrx_word' id='word_1_232' title='bbox 341 3129 589 3188; x_wconf 86' lang='lat' dir='ltr'><strong>invicem</strong></span> <span class='ocrx_word' id='word_1_233' title='bbox 618 3132 676 3190; x_wconf 91' lang='lat' dir='ltr'><strong>in</strong></span> <span class='ocrx_word' id='word_1_234' title='bbox 705 3130 946 3192; x_wconf 89' lang='lat' dir='ltr'><strong>diversis</strong></span> <span class='ocrx_word' id='word_1_235' title='bbox 973 3131 1270 3208; x_wconf 88' lang='lat' dir='ltr'><strong>impedire,</strong></span> <span class='ocrx_word' id='word_1_236' title='bbox 1301 3132 1433 3204; x_wconf 91' lang='lat' dir='ltr'><strong>quia</strong></span> <span class='ocrx_word' id='word_1_237' title='bbox 1458 3132 1804 3207; x_wconf 85' lang='lat' dir='ltr'><strong>prosperitas</strong></span> <span class='ocrx_word' id='word_1_238' title='bbox 1830 3130 2000 3188; x_wconf 89' lang='lat' dir='ltr'><strong>unius</strong></span> <span class='ocrx_word' id='word_1_239' title='bbox 2028 3127 2246 3187; x_wconf 89' lang='lat' dir='ltr'><strong>inducit</strong></span> <span class='ocrx_word' id='word_1_240' title='bbox 2272 3125 2517 3184; x_wconf 78' lang='lat' dir='ltr'><strong>adversi-</strong></span> 
     </span>
     <span class='ocr_line' id='line_1_27' title="bbox 345 3225 2524 3304; baseline -0.002 -18"><span class='ocrx_word' id='word_1_241' title='bbox 345 3237 514 3286; x_wconf 85' lang='lat' dir='ltr'><strong>tatem</strong></span> <span class='ocrx_word' id='word_1_242' title='bbox 557 3229 808 3290; x_wconf 88' lang='lat' dir='ltr'><strong>alterius.</strong></span> <span class='ocrx_word' id='word_1_243' title='bbox 892 3231 1061 3289; x_wconf 89' lang='lat' dir='ltr'><strong>Unde</strong></span> <span class='ocrx_word' id='word_1_244' title='bbox 1104 3233 1238 3304; x_wconf 84' lang='lat' dir='ltr'><strong>quia</strong></span> <span class='ocrx_word' id='word_1_245' title='bbox 1277 3231 1516 3290; x_wconf 89' lang='lat' dir='ltr'><strong>charitas</strong></span> <span class='ocrx_word' id='word_1_246' title='bbox 1555 3231 1819 3289; x_wconf 90' lang='lat' dir='ltr'><strong>ordinem</strong></span> <span class='ocrx_word' id='word_1_247' title='bbox 1856 3229 2045 3297; x_wconf 90' lang='lat' dir='ltr'><strong>habet,</strong></span> <span class='ocrx_word' id='word_1_248' title='bbox 2090 3236 2147 3286; x_wconf 89' lang='lat' dir='ltr'><strong>et</strong></span> <span class='ocrx_word' id='word_1_249' title='bbox 2186 3226 2315 3304; x_wconf 89' lang='lat' dir='ltr'><strong>plus</strong></span> <span class='ocrx_word' id='word_1_250' title='bbox 2357 3225 2524 3283; x_wconf 91' lang='lat' dir='ltr'><strong>debet</strong></span> 
     </span>
     <span class='ocr_line' id='line_1_28' title="bbox 345 3325 2525 3408; baseline -0.003 -22"><span class='ocrx_word' id='word_1_251' title='bbox 345 3325 580 3404; x_wconf 85' lang='lat' dir='ltr'><strong>diligere</strong></span> <span class='ocrx_word' id='word_1_252' title='bbox 609 3330 851 3402; x_wconf 88' lang='lat' dir='ltr'><strong>quisque</strong></span> <span class='ocrx_word' id='word_1_253' title='bbox 889 3349 952 3388; x_wconf 88' lang='lat' dir='ltr'><strong>se</strong></span> <span class='ocrx_word' id='word_1_254' title='bbox 995 3350 1164 3403; x_wconf 89' lang='lat' dir='ltr'><strong>quam</strong></span> <span class='ocrx_word' id='word_1_255' title='bbox 1206 3331 1398 3397; x_wconf 89' lang='lat' dir='ltr'><strong>alium,</strong></span> <span class='ocrx_word' id='word_1_256' title='bbox 1443 3339 1500 3388; x_wconf 90' lang='lat' dir='ltr'><strong>et</strong></span> <span class='ocrx_word' id='word_1_257' title='bbox 1539 3331 1893 3408; x_wconf 88' lang='lat' dir='ltr'><strong>propinquos</strong></span> <span class='ocrx_word' id='word_1_258' title='bbox 1921 3347 2091 3400; x_wconf 88' lang='lat' dir='ltr'><strong>quam</strong></span> <span class='ocrx_word' id='word_1_259' title='bbox 2118 3336 2439 3391; x_wconf 83' lang='lat' dir='ltr'><strong>extraneos,</strong></span> <span class='ocrx_word' id='word_1_260' title='bbox 2468 3332 2525 3381; x_wconf 89' lang='lat' dir='ltr'><strong>et</strong></span> 
     </span>
     <span class='ocr_line' id='line_1_29' title="bbox 347 3425 2521 3501; baseline -0.003 -18"><span class='ocrx_word' id='word_1_261' title='bbox 347 3428 562 3484; x_wconf 85' lang='lat' dir='ltr'><strong>amicos</strong></span> <span class='ocrx_word' id='word_1_262' title='bbox 591 3446 761 3501; x_wconf 88' lang='lat' dir='ltr'><strong>quam</strong></span> <span class='ocrx_word' id='word_1_263' title='bbox 789 3430 1072 3499; x_wconf 74' lang='lat' dir='ltr'><strong>inimic05‚</strong></span> <span class='ocrx_word' id='word_1_264' title='bbox 1103 3438 1159 3487; x_wconf 86' lang='lat' dir='ltr'><strong>et</strong></span> <span class='ocrx_word' id='word_1_265' title='bbox 1183 3431 1396 3486; x_wconf 89' lang='lat' dir='ltr'><strong>bonum</strong></span> <span class='ocrx_word' id='word_1_266' title='bbox 1434 3447 1735 3486; x_wconf 86' lang='lat' dir='ltr'><strong>commune</strong></span> <span class='ocrx_word' id='word_1_267' title='bbox 1774 3427 2081 3486; x_wconf 88' lang='lat' dir='ltr'><strong>multorum</strong></span> <span class='ocrx_word' id='word_1_268' title='bbox 2108 3442 2279 3496; x_wconf 87' lang='lat' dir='ltr'><strong>quam</strong></span> <span class='ocrx_word' id='word_1_269' title='bbox 2307 3425 2521 3480; x_wconf 91' lang='lat' dir='ltr'><strong>bonum</strong></span> 
     </span>
     <span class='ocr_line' id='line_1_30' title="bbox 353 3522 2526 3604; baseline -0.004 -22"><span class='ocrx_word' id='word_1_270' title='bbox 353 3526 635 3599; x_wconf 83' lang='lat' dir='ltr'><strong>privatum</strong></span> <span class='ocrx_word' id='word_1_271' title='bbox 663 3529 851 3595; x_wconf 88' lang='lat' dir='ltr'><strong>unius,</strong></span> <span class='ocrx_word' id='word_1_272' title='bbox 882 3537 1068 3604; x_wconf 85' lang='lat' dir='ltr'><strong>potest</strong></span> <span class='ocrx_word' id='word_1_273' title='bbox 1107 3529 1310 3600; x_wconf 86' lang='lat' dir='ltr'><strong>aliquis</strong></span> <span class='ocrx_word' id='word_1_274' title='bbox 1337 3528 1491 3585; x_wconf 81' lang='lat' dir='ltr'><strong>salva</strong></span> <span class='ocrx_word' id='word_1_275' title='bbox 1529 3527 1797 3584; x_wconf 90' lang='lat' dir='ltr'><strong>charitate</strong></span> <span class='ocrx_word' id='word_1_276' title='bbox 1836 3533 2030 3600; x_wconf 87' lang='lat' dir='ltr'><strong>optare</strong></span> <span class='ocrx_word' id='word_1_277' title='bbox 2070 3522 2281 3580; x_wconf 88' lang='lat' dir='ltr'><strong>malum</strong></span> <span class='ocrx_word' id='word_1_278' title='bbox 2311 3528 2526 3593; x_wconf 87' lang='lat' dir='ltr'><strong>tempo·</strong></span> 
     </span>
     <span class='ocr_line' id='line_1_31' title="bbox 345 3617 2516 3704; baseline -0.005 -24"><span class='ocrx_word' id='word_1_279' title='bbox 345 3623 455 3680; x_wconf 86' lang='lat' dir='ltr'><strong>rale</strong></span> <span class='ocrx_word' id='word_1_280' title='bbox 483 3625 675 3695; x_wconf 91' lang='lat' dir='ltr'><strong>alicui,</strong></span> <span class='ocrx_word' id='word_1_281' title='bbox 706 3637 762 3685; x_wconf 91' lang='lat' dir='ltr'><strong>et</strong></span> <span class='ocrx_word' id='word_1_282' title='bbox 785 3627 1028 3704; x_wconf 88' lang='lat' dir='ltr'><strong>gaudere</strong></span> <span class='ocrx_word' id='word_1_283' title='bbox 1056 3630 1106 3685; x_wconf 88' lang='lat' dir='ltr'><strong>si</strong></span> <span class='ocrx_word' id='word_1_284' title='bbox 1132 3627 1439 3703; x_wconf 89' lang='lat' dir='ltr'><strong>contingat,</strong></span> <span class='ocrx_word' id='word_1_285' title='bbox 1468 3645 1584 3684; x_wconf 89' lang='lat' dir='ltr'><strong>non</strong></span> <span class='ocrx_word' id='word_1_286' title='bbox 1612 3625 1670 3682; x_wconf 91' lang='lat' dir='ltr'><strong>in</strong></span> <span class='ocrx_word' id='word_1_287' title='bbox 1698 3631 1965 3696; x_wconf 88' lang='lat' dir='ltr'><strong>quantum</strong></span> <span class='ocrx_word' id='word_1_288' title='bbox 1994 3629 2081 3677; x_wconf 89' lang='lat' dir='ltr'><strong>est</strong></span> <span class='ocrx_word' id='word_1_289' title='bbox 2106 3619 2317 3678; x_wconf 89' lang='lat' dir='ltr'><strong>malum</strong></span> <span class='ocrx_word' id='word_1_290' title='bbox 2344 3617 2516 3682; x_wconf 76' lang='lat' dir='ltr'><strong>illiue,</strong></span> 
     </span>
     <span class='ocr_line' id='line_1_32' title="bbox 351 3715 2519 3803; baseline -0.004 -25"><span class='ocrx_word' id='word_1_291' title='bbox 351 3722 454 3779; x_wconf 89' lang='lat' dir='ltr'><strong>sed</strong></span> <span class='ocrx_word' id='word_1_292' title='bbox 493 3725 555 3783; x_wconf 91' lang='lat' dir='ltr'><strong>in</strong></span> <span class='ocrx_word' id='word_1_293' title='bbox 597 3736 869 3798; x_wconf 90' lang='lat' dir='ltr'><strong>quantum</strong></span> <span class='ocrx_word' id='word_1_294' title='bbox 912 3736 999 3784; x_wconf 88' lang='lat' dir='ltr'><strong>est</strong></span> <span class='ocrx_word' id='word_1_295' title='bbox 1041 3725 1510 3803; x_wconf 88' lang='lat' dir='ltr'><strong>impedimentum</strong></span> <span class='ocrx_word' id='word_1_296' title='bbox 1553 3726 1832 3783; x_wconf 91' lang='lat' dir='ltr'><strong>bonorum</strong></span> <span class='ocrx_word' id='word_1_297' title='bbox 1880 3720 2127 3786; x_wconf 80' lang='lat' dir='ltr'><strong>alteriuS,</strong></span> <span class='ocrx_word' id='word_1_298' title='bbox 2170 3735 2342 3788; x_wconf 87' lang='lat' dir='ltr'><strong>quem</strong></span> <span class='ocrx_word' id='word_1_299' title='bbox 2393 3715 2519 3790; x_wconf 91' lang='lat' dir='ltr'><strong>plus</strong></span> 
     </span>
     <span class='ocr_line' id='line_1_33' title="bbox 353 3813 2527 3902; baseline -0.003 -25"><span class='ocrx_word' id='word_1_300' title='bbox 353 3830 548 3882; x_wconf 88' lang='lat' dir='ltr'><strong>teneor</strong></span> <span class='ocrx_word' id='word_1_301' title='bbox 573 3824 827 3902; x_wconf 87' lang='lat' dir='ltr'><strong>diligere,</strong></span> <span class='ocrx_word' id='word_1_302' title='bbox 859 3827 948 3885; x_wconf 89' lang='lat' dir='ltr'><strong>vel</strong></span> <span class='ocrx_word' id='word_1_303' title='bbox 988 3825 1430 3892; x_wconf 56' lang='lat' dir='ltr'><strong>communitam,</strong></span> <span class='ocrx_word' id='word_1_304' title='bbox 1459 3823 1549 3880; x_wconf 88' lang='lat' dir='ltr'><strong>vel</strong></span> <span class='ocrx_word' id='word_1_305' title='bbox 1590 3821 1889 3880; x_wconf 89' lang='lat' dir='ltr'><strong>Ecclesiae.</strong></span> <span class='ocrx_word' id='word_1_306' title='bbox 1975 3817 2251 3876; x_wconf 87' lang='lat' dir='ltr'><strong>Similiter</strong></span> <span class='ocrx_word' id='word_1_307' title='bbox 2278 3815 2347 3872; x_wconf 92' lang='lat' dir='ltr'><strong>de</strong></span> <span class='ocrx_word' id='word_1_308' title='bbox 2377 3813 2527 3870; x_wconf 86' lang='lat' dir='ltr'><strong>malo</strong></span> 
     </span>
     <span class='ocr_line' id='line_1_34' title="bbox 350 3913 2525 4001; baseline -0.006 -17"><span class='ocrx_word' id='word_1_309' title='bbox 350 3921 492 3996; x_wconf 79' lang='lat' dir='ltr'><strong>ejus,</strong></span> <span class='ocrx_word' id='word_1_310' title='bbox 523 3924 623 3995; x_wconf 91' lang='lat' dir='ltr'><strong>qui</strong></span> <span class='ocrx_word' id='word_1_311' title='bbox 667 3925 728 3982; x_wconf 87' lang='lat' dir='ltr'><strong>in</strong></span> <span class='ocrx_word' id='word_1_312' title='bbox 753 3926 968 3984; x_wconf 86' lang='lat' dir='ltr'><strong>malum</strong></span> <span class='ocrx_word' id='word_1_313' title='bbox 1007 3924 1317 4001; x_wconf 89' lang='lat' dir='ltr'><strong>temporale</strong></span> <span class='ocrx_word' id='word_1_314' title='bbox 1358 3921 1577 3989; x_wconf 88' lang='lat' dir='ltr'><strong>incidit,</strong></span> <span class='ocrx_word' id='word_1_315' title='bbox 1620 3918 1934 3978; x_wconf 85' lang='lat' dir='ltr'><strong>secundum</strong></span> <span class='ocrx_word' id='word_1_316' title='bbox 1977 3916 2131 3990; x_wconf 91' lang='lat' dir='ltr'><strong>quod</strong></span> <span class='ocrx_word' id='word_1_317' title='bbox 2170 3934 2274 3993; x_wconf 91' lang='lat' dir='ltr'><strong>per</strong></span> <span class='ocrx_word' id='word_1_318' title='bbox 2311 3913 2525 3974; x_wconf 89' lang='lat' dir='ltr'><strong>malum</strong></span> 
     </span>
     <span class='ocr_line' id='line_1_35' title="bbox 353 4009 1917 4098; baseline -0.003 -18"><span class='ocrx_word' id='word_1_319' title='bbox 353 4035 536 4093; x_wconf 81' lang='lat' dir='ltr'><strong>poenae</strong></span> <span class='ocrx_word' id='word_1_320' title='bbox 561 4022 870 4098; x_wconf 88' lang='lat' dir='ltr'><strong>impeditur</strong></span> <span class='ocrx_word' id='word_1_321' title='bbox 891 4025 1216 4096; x_wconf 85' lang='lat' dir='ltr'><strong>frequenter</strong></span> <span class='ocrx_word' id='word_1_322' title='bbox 1241 4023 1456 4080; x_wconf 89' lang='lat' dir='ltr'><strong>malum</strong></span> <span class='ocrx_word' id='word_1_323' title='bbox 1481 4021 1665 4096; x_wconf 84' lang='lat' dir='ltr'><strong>culpae</strong></span> <span class='ocrx_word' id='word_1_324' title='bbox 1693 4009 1917 4094; x_wconf 81' lang='lat' dir='ltr'><strong>ejus.’&#39;²</strong></span> 
     </span>
    </p>
   </div>
   <div class='ocr_carea' id='block_1_3' title="bbox 761 4176 2048 4334">
    <p class='ocr_par' dir='ltr' id='par_1_5' title="bbox 761 4176 2048 4334">
     <span class='ocr_line' id='line_1_36' title="bbox 766 4176 1717 4249; baseline -0.006 -19"><span class='ocrx_word' id='word_1_325' title='bbox 766 4184 851 4249; x_wconf 91' lang='lat'><strong>(1)</strong></span> <span class='ocrx_word' id='word_1_326' title='bbox 891 4182 1034 4245; x_wconf 88' lang='lat' dir='ltr'><strong>Prop.</strong></span> <span class='ocrx_word' id='word_1_327' title='bbox 1056 4181 1158 4230; x_wconf 84' lang='lat' dir='ltr'><strong>xiii.</strong></span> <span class='ocrx_word' id='word_1_328' title='bbox 1179 4181 1343 4230; x_wconf 82' lang='lat' dir='ltr'><strong>damn.</strong></span> <span class='ocrx_word' id='word_1_329' title='bbox 1365 4180 1424 4228; x_wconf 84' lang='lat' dir='ltr'><strong>ab</strong></span> <span class='ocrx_word' id='word_1_330' title='bbox 1441 4178 1609 4226; x_wconf 85' lang='lat' dir='ltr'><strong>Innoc.</strong></span> <span class='ocrx_word' id='word_1_331' title='bbox 1627 4176 1717 4225; x_wconf 90' lang='lat' dir='ltr'><strong>XI.</strong></span> 
     </span>
     <span class='ocr_line' id='line_1_37' title="bbox 761 4259 2048 4334; baseline -0.005 -18"><span class='ocrx_word' id='word_1_332' title='bbox 761 4271 844 4334; x_wconf 80' lang='lat'><strong>(2)</strong></span> <span class='ocrx_word' id='word_1_333' title='bbox 881 4267 956 4318; x_wconf 81' lang='lat' dir='ltr'><strong>In.</strong></span> <span class='ocrx_word' id='word_1_334' title='bbox 977 4266 1066 4316; x_wconf 91' lang='lat'>111.</span> <span class='ocrx_word' id='word_1_335' title='bbox 1089 4265 1226 4318; x_wconf 64' lang='lat' dir='ltr'><strong>Sunt.</strong></span> <span class='ocrx_word' id='word_1_336' title='bbox 1248 4265 1357 4314; x_wconf 86' lang='lat' dir='ltr'><strong>dist.</strong></span> <span class='ocrx_word' id='word_1_337' title='bbox 1379 4279 1499 4313; x_wconf 81' lang='lat' dir='ltr'>xxx.</span> <span class='ocrx_word' id='word_1_338' title='bbox 1522 4269 1609 4312; x_wconf 76' lang='lat' dir='ltr'><strong>art.</strong></span> <span class='ocrx_word' id='word_1_339' title='bbox 1633 4262 1668 4312; x_wconf 87' lang='lat' dir='ltr'><strong>i..</strong></span> <span class='ocrx_word' id='word_1_340' title='bbox 1698 4259 1769 4312; x_wconf 87' lang='lat' dir='ltr'><strong>ad</strong></span> <span class='ocrx_word' id='word_1_341' title='bbox 1787 4264 2048 4328; x_wconf 79' lang='lat' dir='ltr'><strong>quartum.</strong></span> 
     </span>
    </p>
   </div>
  </div>
 </body>
</html>
