3117 5217
1223 568 1336 627 DE
1381 562 1826 627 CENSURIS.
2494 572 2611 627 357

951 849 1001 921 §.
1046 847 1156 905 ΙΙΙ.
1242 848 1403 913 Qtnn
1432 866 1470 903 A
1497 865 1771 905 causum
1798 866 2093 905 Excnsn‘r.

505 1043 605 1096 27.
664 1042 717 1095 A
745 1058 984 1113 censura
1010 1042 1166 1116 gravi
1208 1049 1444 1097 excusat
1471 1039 1747 1115 quidquid
1776 1060 1811 1097 a
1836 1051 2071 1117 peccato
2106 1041 2326 1098 mortali
2372 1042 2605 1101 eximit:

428 1153 496 1191 v:
543 1155 613 1213 g:
651 1136 802 1209 quod
832 1140 960 1210 quis
1001 1139 1258 1197 animum
1296 1157 1412 1196 non
1453 1140 1588 1195 satis
1632 1138 1947 1206 adverterit,
1978 1136 2069 1197 vel
2110 1140 2260 1212 quod
2298 1159 2390 1197 res
2420 1158 2521 1217 per
2548 1160 2611 1198 se

425 1234 570 1291 levis
599 1236 691 1291 sit.
777 1236 878 1301 Sic
903 1245 959 1292 et
986 1239 1208 1308 quoties
1237 1246 1583 1313 praeceptum
1612 1238 2061 1297 ecclesiasticum
2091 1237 2298 1295 desinit
2324 1239 2502 1315 ligare
2540 1240 2613 1295 ob
2656 1217 2670 1235 ⁸

429 1334 742 1391 maximam
783 1334 1187 1402 difficultatem,
1217 1346 1372 1392 actus
1401 1354 1645 1394 censura
1683 1346 1861 1403 vacat,
1889 1337 2023 1393 licet
2059 1336 2155 1394 lex
2193 1356 2318 1395 eam
2350 1340 2607 1395 intentet.

430 1430 548 1500 Qui
575 1441 726 1489 metu
757 1435 954 1503 mortis
985 1454 1016 1489 a
1056 1434 1364 1509 prodendis
1395 1423 1933 1501 sociis-deterretur,
1974 1452 2214 1493 censura
2252 1454 2365 1493 non
2407 1437 2614 1513 ligatur

429 1530 489 1587 in
517 1548 618 1587 eos
645 1531 775 1598 lata,
806 1518 1186 1603 qui-criminis
1215 1544 1469 1590 auctores
1498 1534 1855 1609 neglexerint
1880 1534 2231 1591 denuntiare.
2292 1533 2409 1591 Sed
2437 1553 2612 1606 quum

431 1628 492 1684 in
519 1640 906 1705 contemptum
936 1631 1275 1688 auctoritatis
1310 1632 1710 1689 ecclesiasticae
1746 1650 2039 1704 nunquam
2075 1631 2243 1689 liceat
2266 1652 2455 1709 agere,
2484 1651 2614 1690 cen-

430 1744 563 1783 sura
582 1728 1023 1797 contraheretur,
1047 1732 1097 1787 si
1126 1741 1280 1787 metu
1309 1732 1476 1787 etiam
1508 1732 1704 1788 mortis
1736 1732 1865 1802 quis
1892 1733 2340 1788 communicaret
2365 1750 2497 1789 cum
2517 1724 2615 1786 ex-

429 1827 847 1883 communicato
875 1812 1102 1906 vitando
1129 1829 1188 1884 in
1215 1830 1386 1905 rebus
1413 1828 1645 1895 divinis,
1672 1829 1743 1886 iis
1770 1830 1828 1885 in
1856 1827 2375 1905 rerumadjunctiS,
2403 1832 2463 1886 in
2493 1830 2615 1899 qui-

429 1922 532 1979 bus
562 1934 922 1981 contemnere
951 1925 1236 1983 videretur
1274 1927 1682 1991 auctoritatem,
1717 1945 1830 1997 qua
1868 1946 2107 1985 censura
2132 1914 2241 1984 la‘ta
2268 1936 2375 1984 est.
2458 1926 2617 1983 Dicit

430 2020 663 2095 insuper
689 2020 1022 2097 Laymann¹
1047 2033 1263 2082 metum
1293 2026 1412 2095 qui,
1443 2043 1558 2080 non
1588 2032 1823 2081 excusat
1848 2044 1879 2081 a
1905 2034 2141 2099 peccato
2172 2026 2414 2093 mortali,
2443 2043 2615 2083 excu-

429 2138 554 2175 sare
596 2118 899 2191 aliquando
934 2140 966 2175 a
1003 2138 1263 2187 censura,
1293 2120 1426 2193 quia
1466 2121 1613 2177 tollit
1651 2124 2064 2181 contumaciam
2105 2143 2170 2179 ac
2198 2133 2608 2198 contemptum.

434 2216 533 2274 Sic
561 2204 659 2287 qui
687 2229 835 2275 metu
865 2218 1062 2281 mortis
1091 2218 1420 2285 contrahere
1452 2218 1876 2276 matrimonium
1913 2239 2043 2303 cum
2088 2221 2512 2297 consanguinea
2539 2231 2615 2277 at-

433 2323 626 2379 tentat,
657 2326 713 2371 et
750 2315 889 2373 illud
923 2318 1340 2383 consummare,
1369 2318 1615 2393 graviter
1653 2325 1869 2393 peccat,
1900 2316 1999 2373 sed
2042 2338 2075 2375 a
2114 2336 2351 2377 censura
2390 2318 2613 2389 videtur

433 2413 726 2481 immunis,
757 2432 861 2471 nec
889 2416 1040 2471 enim
1071 2416 1284 2489 sprevit
1309 2416 1697 2492 auctoritatem
1728 2410 2063 2473 Ecclesiae.2

512 2514 612 2568 28.
671 2512 998 2589 Ignorantia
1033 2514 1179 2589 legis
1213 2514 1607 2578 ecclesiasticae
1648 2523 1899 2579 excusat,
1935 2514 2104 2589 juxta
2131 2514 2415 2571 Bonifacii
2441 2514 2611 2572 VIII.

435 2608 756 2667 decretum:
823 2620 861 2645 “
885 2610 967 2667 Ut
1005 2612 1318 2668 animarum
1359 2611 1625 2687 periculis
1656 2610 1933 2676 obvietur,
1962 2612 2254 2668 sententiis
2284 2630 2387 2685 per
2412 2621 2615 2669 statuta

435 2726 929 2780 quorumcumque
972 2708 1384 2766 ordinariorum
1430 2704 1683 2786 prolatis,
1732 2707 1896 2783 ligari
1936 2710 2201 2765 nolumus
2254 2710 2609 2801 ignorantes:

435 2803 569 2863 dum
613 2818 802 2867 tamen
843 2825 1039 2864 eorum
1068 2804 1410 2883 ignorantia
1425 2826 1614 2864 crassa
1652 2825 1769 2865 non
1807 2804 1997 2873 suerit,
2036 2814 2131 2863 aut
2166 2806 2389 2880 supina.
2398 2802 2469 2836 ”³
2550 2808 2615 2863 Si
2670 2810 2677 2813 ’

438 2920 678 2961 censura
693 2907 803 2963 lata
829 2905 902 2961 sit
920 2913 1113 2962 contra
1130 2923 1251 2971 eos,
1271 2906 1369 2976 qui
1395 2904 1693 2962 temerario
1719 2922 1885 2971 ausu,
1908 2904 2002 2961 vel
2026 2905 2307 2971 scienter,
2312 2903 2448 2975 quid
2469 2904 2617 2962 fece·

439 3002 568 3069 rint,
612 3004 799 3061 omnis
823 3002 1178 3079 ignorantia,
1223 3022 1348 3075 quae
1381 3022 1495 3059 non
1537 3004 1707 3061 fuerit
1745 3002 2024 3071 affectata,
2058 3020 2330 3060 excusare
2372 3000 2612 3060 videtur.

439 3098 529 3156 De
558 3103 812 3159 censuris
833 3110 1042 3167 autem,
1062 3120 1188 3173 quae
1215 3101 1340 3177 lege
1367 3102 1677 3177 pontificia,
1707 3102 1797 3158 vel
1824 3092 2039 3158 canone
2065 3100 2318 3177 generali
2343 3100 2617 3169 seruntur,

441 3216 556 3257 non
585 3200 734 3258 idem
763 3199 1051 3276 plerisque
1079 3198 1381 3257 dicendum
1412 3198 1650 3267 videtur,
1680 3198 1788 3257 hac
1828 3200 1983 3257 enim
2024 3198 2277 3258 contrahi
2318 3210 2621 3257 censentur

439 3296 506 3353 ab
523 3300 806 3367 omnibuS,
829 3298 926 3371 qui
954 3297 1236 3356 Ecclesiae
1265 3298 1496 3355 vetitum
1526 3309 1749 3365 norunt,
1771 3298 1906 3355 licet
1930 3294 2226 3355 censuram
2255 3298 2307 3355 ei
2337 3298 2619 3356 adnexam

443 3396 843 3471 ignoraverint.
927 3397 1294 3475 Discriminis
1320 3396 1460 3453 ratio
1487 3397 1548 3453 in
1576 3414 1644 3452 eo
1671 3386 1973 3470 reperitur,
1996 3396 2146 3467 quod
2174 3415 2423 3453 canones
2450 3415 2621 3471 gene-

427 3486 608 3563 Tales,
636 3504 828 3570 utpote
857 3496 1154 3569 pauciores
1195 3503 1251 3549 et
1289 3493 1575 3549 maturiori
1610 3493 1831 3569 judicio
1870 3493 1986 3559 lati,
2028 3494 2350 3550 executioni
2391 3493 2619 3550 deman-

442 3590 611 3649 dandi
640 3594 770 3657 sint,
799 3600 856 3647 et
880 3591 1064 3665 poenis
1093 3589 1302 3669 idcirco
1331 3588 1645 3656 sanciendi,
1676 3608 1791 3664 prae
1832 3566 2053 3646 statutis
2089 3590 2444 3665 singulorum
2475 3609 2620 3665 prae-

448 3690 654 3746 sulum.
738 3687 1028 3759 Equidem
1056 3685 1327 3746 Pontifex
1353 3695 1617 3743 censetur
1643 3687 1819 3743 veteri
1844 3687 2151 3763 derogasse
2184 3688 2302 3763 juri
2342 3686 2441 3744 illo
2468 3686 2621 3758 quod

446 3787 517 3845 de
545 3787 836 3844 sententiis
863 3785 1274 3849 ordinariorum
1303 3783 1482 3843 edidit
1506 3783 1753 3851 decreto,
1790 3784 1941 3857 quod
1984 3783 2219 3861 proinde
2260 3786 2403 3841 ultra
2444 3786 2622 3844 mani·

446 3886 646 3943 festam
676 3886 972 3942 verborum
999 3885 1116 3941 vim
1143 3902 1260 3941 non
1287 3893 1372 3941 est
1410 3882 1851 3942 extendendum.
1939 3882 2228 3940 Caeterum
2259 3902 2434 3955 quum
2465 3884 2622 3941 theo·

445 3985 563 4061 logi
583 3982 750 4043 'multi
776 3991 969 4042 contra
995 3983 1260 4048 sentiant,
1287 3982 1358 4038 lis
1388 3982 1493 4038 sub
1511 3980 1706 4057 judice
1734 3976 1874 4038 est.⁴

783 4160 862 4223 (1)
898 4156 975 4205 De
997 4143 1254 4215 Omni-is,
1273 4156 1305 4204 l.
1329 4156 1360 4205 i.
1381 4162 1516 4203 tract.
1536 4171 1584 4203 v.
1610 4172 1651 4205 c.
1676 4172 1721 4203 v.
1745 4172 1794 4204 n.
1820 4160 1865 4204 9.

783 4245 868 4308 (2)
907 4242 1156 4300 Sum-ezd-
1177 4240 1246 4291 iii
1263 4240 1322 4290 de
1343 4240 1552 4306 legibus,
1574 4256 1618 4289 c.
1639 4257 1760 4293 xxx.
1782 4257 1833 4289 n.
1862 4242 1940 4288 14.

787 4329 872 4393 (3)
913 4327 1036 4390 Cap.
1053 4327 1103 4375 ii.
1121 4325 1180 4375 de
1203 4325 1456 4377 constitut.
1479 4326 1531 4374 in
1556 4328 1603 4373 6.

789 4413 873 4477 (4)
913 4410 1172 4474 Laymmn
1193 4416 1338 4470 negat
1359 4410 1633 4469 discrimen,
1656 4406 1755 4461 Ioco
1776 4425 1936 4477 supra
1958 4410 2125 4468 citato,
2140 4426 2191 4459 n.
2219 4413 2294 4457 10.
