3117 5217
575 548 651 601 58
915 542 1030 602 DE
1072 542 1338 602 MODIS
1377 541 1912 611 ACQUIRENDI
1954 540 2423 603 DOMINIUM.

653 714 750 767 55.
795 708 1024 786 Lapilli,
1053 727 1317 785 gemmae,
1347 709 1626 775 ambrum,
1668 708 1963 775 corallum,
2004 717 2115 767 etc.
2158 708 2217 766 in
2258 707 2447 765 littore
2469 708 2635 765 maris
2668 709 2763 765 in·

565 818 752 876 venta,
779 806 1110 884 occupantis
1143 817 1294 865 sunt.
1377 806 1725 884 Lapidieinae
1756 804 1909 874 vero,
1936 806 2145 865 fodinae
2184 806 2423 882 plumbi,
2449 806 2595 874 ferri,
2622 825 2757 863 car-

577 906 764 975 bonis,
793 918 928 964 sunt
953 906 1170 964 domini
1197 904 1378 973 fundi,
1399 907 1570 982 juxta
1605 906 1761 981 leges
1804 923 2111 978 moresque
2152 913 2397 972 nostros,
2426 904 2577 977 quod
2600 914 2657 961 et
2686 904 2767 961 de

583 1016 833 1080 argento,
863 1015 960 1061 aut
989 1023 1148 1070 auro,
1177 1005 1227 1061 si
1254 1004 1398 1062 sorte
1423 1004 1725 1079 contigerit
1748 1003 2009 1072 inveniri,
2036 1003 2339 1061 dicendum
2367 1002 2604 1061 videtur.

1199 1236 1249 1310 §.
1279 1235 1358 1294 11.
1442 1235 1538 1294 De
1582 1254 1771 1294 nunus
1812 1244 2117 1295 mvn'wms.

649 1425 747 1479 56.
791 1420 1076 1479 Animalia
1101 1432 1300 1479 natura
1323 1430 1620 1479 mansueta
1646 1429 1703 1479 et
1728 1422 2057 1489 domestica,
2085 1430 2150 1479 ut
2174 1440 2333 1489 oves,
2372 1422 2573 1487 boves,
2602 1438 2760 1486 sueS,

571 1521 726 1591 equi,
748 1520 991 1596 gallinis,
1013 1530 1122 1577 etc.
1145 1522 1251 1578 etsi
1266 1520 1440 1597 longe
1461 1521 1736 1588 aberrent,
1755 1520 2117 1579 dominorum
2139 1529 2326 1578 tamen
2342 1530 2493 1587 sunt,
2512 1519 2759 1593 ideoque

571 1618 642 1675 iis
693 1618 1073 1677 restituenda:
1117 1638 1246 1676 nam
1299 1620 1506 1678 dicitur
1546 1619 1814 1677 “furtum
1854 1620 2203 1677 committere
2245 1618 2344 1691 qui
2382 1618 2509 1675 haec
2551 1620 2763 1675 anima-

569 1714 646 1774 lia
671 1735 803 1774 cum
829 1717 1153 1794 effugerint,
1196 1713 1506 1775 detinet.”¹
1588 1717 1758 1783 Quod
1798 1720 1848 1776 si
1890 1718 2155 1776 dominus
2197 1719 2507 1793 ignoretur,
2551 1717 2757 1793 poterit

576 1818 672 1887 qui
702 1834 767 1873 ea
793 1817 1028 1883 invenit,
1057 1826 1358 1891 postquam
1386 1814 1615 1893 publica
1655 1818 1963 1875 monitione
2002 1817 2209 1875 frustra
2233 1815 2528 1873 dominum
2562 1815 2763 1887 quaesi-

573 1916 736 1979 verit,
765 1931 832 1970 ea
873 1914 1134 1979 retinere,
1184 1912 1366 1972 donec
1403 1916 1803 1991 comparuerit,
1843 1935 1928 1981 ea,
1968 1916 2169 1973 solutis
2206 1914 2507 1990 impensis,
2552 1915 2757 1970 iterum

575 2019 927 2085 recepturus.
997 2012 1063 2068 Si
1090 2012 1278 2069 omnis
1307 2014 1601 2071 evanuerit
1640 2033 1773 2090 spes
1801 2014 2095 2072 dominum
2124 2013 2475 2081 inveniendi,
2508 2012 2763 2089 theologi

573 2110 831 2167 nonnulli
883 2122 1119 2169 censent
1162 2112 1423 2169 animalia
1474 2132 1603 2170 esse
1658 2108 2054 2171 invenientiS.²
2132 2112 2259 2170 Lex
2312 2110 2757 2187 Pennsylvaniae

572 2208 756 2285 jubet,
783 2219 846 2266 ut
871 2210 1068 2268 scribae
1091 2212 1320 2287 publico
1347 2213 1645 2269 comitatus
1673 2214 1819 2269 intra
1846 2221 2084 2285 quatuor
2109 2210 2229 2267 dies
2256 2211 2551 2269 denuntiet
2574 2211 2773 2267 inven-

582 2316 669 2363 tor
695 2308 977 2376 animalia,
1009 2328 1134 2381 quae
1179 2320 1310 2385 post
1352 2310 1607 2386 publicas
1645 2311 1988 2368 monitiones
2028 2311 2366 2377 venduntur,
2406 2310 2457 2365 si
2496 2308 2769 2366 dominus

583 2424 698 2463 non
727 2409 1128 2481 comparuerit,
1156 2410 1338 2485 pretio
1364 2410 1422 2465 in
1463 2408 1793 2466 thesaurum
1833 2410 2133 2467 comitatus
2161 2406 2487 2476 deferendo,
2518 2418 2653 2485 post
2678 2424 2771 2463 so·

583 2505 728 2563 lutas
757 2499 1098 2581 impensas.⁸
1179 2507 1404 2565 Similia
1443 2508 1502 2565 in
1543 2508 1763 2584 legibus
1806 2508 2064 2565 Statuum
2102 2507 2440 2574 Delavariae,
2484 2516 2541 2563 et
2580 2506 2769 2563 Novae

587 2602 624 2661 J
629 2623 802 2663 erseae
831 2606 1212 2674 inveniuntur,
1242 2626 1366 2679 quae
1395 2608 1493 2681 qui
1529 2607 1787 2684 neglexit
1811 2606 2035 2663 mulctae
2076 2617 2163 2663 est
2202 2599 2544 2663 obnoxiuS.⁴
2622 2604 2771 2669 Quae

587 2704 793 2763 damna
819 2705 1068 2763 intulerit
1092 2706 1301 2765 animal
1327 2705 1679 2763 resarcienda
1706 2714 1838 2761 sunt
1863 2722 1936 2761 ex
1976 2706 2103 2781 ejus
2130 2706 2332 2780 preti0.
2416 2704 2533 2771 Qui
2558 2704 2775 2760 anima-

583 2802 662 2860 lia
686 2820 811 2875 quae
839 2821 872 2857 a
909 2803 1158 2861 dominis
1199 2804 1617 2869 aberraverunt,
1660 2804 1883 2871 retinet,
1912 2804 2126 2861 omissa
2165 2803 2323 2861 omni
2364 2802 2659 2879 diligentia
2696 2801 2775 2858 ad

590 2899 965 2957 inveniendos
993 2897 1276 2967 dominos,
1305 2900 1595 2976 injustitiae
1635 2919 1766 2959 reus
1792 2911 1917 2970 est;
1960 2902 2237 2974 debetque
2265 2900 2535 2978 deinceps
2578 2901 2627 2959 si
2670 2900 2775 2958 do-

586 2997 727 3054 mini
771 3006 1059 3068 nequeant
1095 2999 1356 3066 inveniri,
1398 2999 1489 3057 vel
1533 2999 1657 3075 ipse
1704 3010 1951 3073 nequeat
1990 3018 2110 3057 rem
2154 2998 2391 3075 prodere
2438 3002 2651 3071 absque
2677 3001 2773 3056 sui

591 3092 941 3161 discrimine,
971 3096 1028 3152 in
1056 3114 1369 3172 pauperum
1394 3100 1657 3156 levamen
1684 3100 1925 3175 pretium
1955 3098 2305 3175 impendere.

669 3197 766 3250 57.
809 3192 1144 3251 Thesaurus
1171 3204 1259 3251 est
1299 3204 1337 3231 ‘⁴
1362 3209 1522 3253 vetus
1546 3197 1801 3268 quaedam
1829 3197 2111 3273 depositio
2150 3197 2429 3273 pecuniae‚
2460 3197 2621 3272 cujus
2650 3214 2771 3253 non

592 3300 746 3349 extat
783 3292 1078 3361 memoria,
1122 3302 1183 3350 ut
1218 3294 1341 3370 jam
1381 3294 1676 3353 dominum
1718 3315 1835 3353 non
1874 3288 2169 3353 habeat.’'⁵
2246 3296 2388 3353 Jure
2434 3294 2673 3353 naturali
2717 3305 2777 3351 et

590 3390 844 3468 gentium
892 3401 980 3447 est
1015 3392 1362 3452 inventoris:
1396 3396 1527 3471 jure
1569 3413 1813 3453 caesareo
1853 3394 2005 3452 illius
2045 3413 2273 3467 quoque
2314 3403 2403 3452 est
2428 3394 2475 3451 si
2506 3393 2563 3449 in
2592 3391 2771 3450 fundo

589 3508 694 3549 suo
720 3489 1070 3549 inveniatur:
1115 3494 1166 3549 si
1191 3492 1248 3550 in
1278 3493 1486 3560 alieno,
1514 3511 1645 3570 pars
1681 3492 1912 3551 dimidia
1952 3492 2102 3549 cedit
2127 3492 2363 3550 domino
2390 3490 2569 3559 fundi,
2600 3490 2775 3548 altera

588 3608 720 3665 pars
760 3578 1094 3649 inventori-⁶
1175 3592 1240 3649 Si
1279 3593 1336 3649 in
1377 3594 1504 3650 loco
1549 3610 1712 3649 sacro
1752 3592 2013 3649 inventus
2058 3592 2134 3649 sit
2176 3589 2401 3649 fortuito
2450 3590 2768 3655 thesaurus,

655 3776 738 3840 (l)
781 3782 826 3834 <3-
851 3776 1176 3828 Gallinariam
1193 3779 1350 3829 Instit.
1371 3779 1432 3828 de
1454 3794 1612 3827 rerum
1628 3776 1877 3826 divisione.

651 3862 736 3925 (2)
776 3861 901 3910 Vide
919 3863 970 3910 S.
991 3863 1300 3925 Alphonsum
1321 3866 1381 3913 de
1404 3864 1615 3926 Ligorio,
1636 3864 1669 3913 l.
1689 3863 1759 3912 iii.
1782 3878 1831 3912 n.
1858 3866 1971 3912 603.

653 3943 739 4008 (3)
774 3942 900 3992 Vide
926 3944 1166 3994 Purdon's
1188 3946 1375 4007 Digest,
1399 3956 1482 3997 art.
1509 3949 1704 4015 Str-aya.

657 4028 742 4093 (4)
781 4027 908 4075 Vide
929 4028 1138 4077 Emler’s
1164 4030 1349 4090 Digest‚
1373 4038 1457 4077 art.
1489 4030 1655 4083 Gattle
1672 4056 1693 4089 ,-
1732 4032 1828 4081 and
1851 4030 1997 4081 Laws
2020 4031 2077 4080 of
2104 4032 2369 4092 Delaware,
2392 4039 2478 4083 art.
2503 4032 2696 4100 Sto-aye.

655 4113 739 4177 (5)
779 4111 838 4159 L.
861 4128 1145 4177 numquam
1180 4113 1231 4161 ff.
1255 4113 1312 4163 de
1347 4115 1539 4179 acquir.
1570 4132 1664 4165 rer.
1692 4118 1881 4167 domin.
1952 4118 2117 4167 Etiam
2158 4119 2252 4167 alia
2290 4119 2419 4167 bona
2450 4118 2504 4167 in
2543 4125 2669 4166 terra
2688 4116 2771 4165 de·

585 4197 740 4261 posita
761 4196 855 4246 hoc
875 4197 1074 4246 nomine
1097 4199 1226 4261 apud
1249 4215 1340 4248 nos
1359 4199 1577 4249 veniunt.

653 4283 738 4350 (6)
779 4280 911 4343 Lege
947 4281 1106 4331 Unica
1127 4298 1169 4332 c.
1193 4283 1250 4333 de
1275 4281 1539 4334 thesauris.
1575 4284 1659 4334 Sic
1681 4293 1730 4335 et
1752 4286 1924 4335 Codex
1950 4286 2123 4336 Civilis
2157 4287 2286 4351 apud
2320 4286 2502 4346 Gallos,
2526 4293 2610 4335 art.
2648 4288 2763 4335 716.

589 4368 680 4419 Jus
703 4367 969 4429 Anglicum
993 4366 1272 4418 thesaurum
1295 4374 1666 4421 treaeure-trove
1700 4370 1801 4432 reg-i
1834 4370 2059 4430 vindicat.
2130 4371 2297 4422 Status
2318 4370 2773 4422 Neo-Eboracensis
