<?xml version="1.0" encoding="UTF-8"?>
<!DOCTYPE html PUBLIC "-//W3C//DTD XHTML 1.0 Transitional//EN"
    "http://www.w3.org/TR/xhtml1/DTD/xhtml1-transitional.dtd">
<html xmlns="http://www.w3.org/1999/xhtml" xml:lang="en" lang="en">
 <head>
  <title>
</title>
<meta http-equiv="Content-Type" content="text/html;charset=utf-8" />
  <meta name='ocr-system' content='tesseract 3.04.00' />
  <meta name='ocr-capabilities' content='ocr_page ocr_carea ocr_par ocr_line ocrx_word'/>
</head>
<body>
  <div class='ocr_page' id='page_1' title='image "./theologiaemoral00unkngoog_0073.png"; bbox 0 0 3117 5217; ppageno 0'>
   <div class='ocr_carea' id='block_1_1' title="bbox 705 538 2543 607">
    <p class='ocr_par' dir='ltr' id='par_1_1' title="bbox 705 538 2543 607">
     <span class='ocr_line' id='line_1_1' title="bbox 705 538 2543 607; baseline 0.001 -8"><span class='ocrx_word' id='word_1_1' title='bbox 705 540 820 600; x_wconf 90' lang='lat' dir='ltr'>DE</span> <span class='ocrx_word' id='word_1_2' title='bbox 861 538 1126 600; x_wconf 83' lang='lat' dir='ltr'>Moms</span> <span class='ocrx_word' id='word_1_3' title='bbox 1164 539 1603 607; x_wconf 76' lang='lat' dir='ltr'>ACQUIREN</span> <span class='ocrx_word' id='word_1_4' title='bbox 1608 539 1697 599; x_wconf 90' lang='lat' dir='ltr'>DI</span> <span class='ocrx_word' id='word_1_5' title='bbox 1734 538 2205 601; x_wconf 74' lang='lat' dir='ltr'>Domum.</span> <span class='ocrx_word' id='word_1_6' title='bbox 2464 546 2543 600; x_wconf 73' lang='lat'>50</span> 
     </span>
    </p>
   </div>
   <div class='ocr_carea' id='block_1_2' title="bbox 357 696 2551 2757">
    <p class='ocr_par' dir='ltr' id='par_1_2' title="bbox 361 696 2543 959">
     <span class='ocr_line' id='line_1_2' title="bbox 363 696 2541 783; baseline 0.002 -22"><span class='ocrx_word' id='word_1_7' title='bbox 363 710 513 761; x_wconf 84' lang='lat' dir='ltr'>totus</span> <span class='ocrx_word' id='word_1_8' title='bbox 539 696 604 761; x_wconf 85' lang='lat' dir='ltr'>fit</span> <span class='ocrx_word' id='word_1_9' title='bbox 622 706 956 765; x_wconf 84' lang='lat' dir='ltr'>inventoris.</span> <span class='ocrx_word' id='word_1_10' title='bbox 1013 706 1080 763; x_wconf 88' lang='lat' dir='ltr'>Si</span> <span class='ocrx_word' id='word_1_11' title='bbox 1103 704 1234 763; x_wconf 85' lang='lat' dir='ltr'>data</span> <span class='ocrx_word' id='word_1_12' title='bbox 1257 724 1452 781; x_wconf 81' lang='lat' dir='ltr'>opera,</span> <span class='ocrx_word' id='word_1_13' title='bbox 1479 724 1613 781; x_wconf 74' lang='lat' dir='ltr'>paru</span> <span class='ocrx_word' id='word_1_14' title='bbox 1634 703 1873 763; x_wconf 76' lang='lat' dir='ltr'>dimidia</span> <span class='ocrx_word' id='word_1_15' title='bbox 1894 716 1985 763; x_wconf 72' lang='lat' dir='ltr'>est</span> <span class='ocrx_word' id='word_1_16' title='bbox 2006 706 2313 765; x_wconf 62' lang='lat' dir='ltr'>Ecclesia.</span> <span class='ocrx_word' id='word_1_17' title='bbox 2370 706 2541 783; x_wconf 76' lang='lat' dir='ltr'>Apud</span> 
     </span>
     <span class='ocr_line' id='line_1_3' title="bbox 361 802 2543 880; baseline 0.003 -21"><span class='ocrx_word' id='word_1_18' title='bbox 361 822 492 871; x_wconf 85' lang='lat' dir='ltr'>nos,</span> <span class='ocrx_word' id='word_1_19' title='bbox 521 802 823 863; x_wconf 79' lang='lat' dir='ltr'><strong>thesaurus</strong></span> <span class='ocrx_word' id='word_1_20' title='bbox 860 805 1068 876; x_wconf 89' lang='lat' dir='ltr'>ubique</span> <span class='ocrx_word' id='word_1_21' title='bbox 1107 804 1258 861; x_wconf 80' lang='lat' dir='ltr'>cedit</span> <span class='ocrx_word' id='word_1_22' title='bbox 1279 805 1583 871; x_wconf 85' lang='lat' dir='ltr'>inventori,</span> <span class='ocrx_word' id='word_1_23' title='bbox 1606 804 1767 880; x_wconf 77' lang='lat' dir='ltr'>leges</span> <span class='ocrx_word' id='word_1_24' title='bbox 1804 806 1963 863; x_wconf 76' lang='lat' dir='ltr'>enim</span> <span class='ocrx_word' id='word_1_25' title='bbox 1984 806 2131 865; x_wconf 83' lang='lat' dir='ltr'>nihil</span> <span class='ocrx_word' id='word_1_26' title='bbox 2156 805 2231 863; x_wconf 80' lang='lat' dir='ltr'>de</span> <span class='ocrx_word' id='word_1_27' title='bbox 2252 824 2327 865; x_wconf 82' lang='lat' dir='ltr'>eo</span> <span class='ocrx_word' id='word_1_28' title='bbox 2350 806 2543 865; x_wconf 85' lang='lat' dir='ltr'>decer·</span> 
     </span>
     <span class='ocr_line' id='line_1_4' title="bbox 363 912 528 959; baseline 0 0"><span class='ocrx_word' id='word_1_29' title='bbox 363 912 528 959; x_wconf 84' lang='lat' dir='ltr'>nunt.</span> 
     </span>
    </p>

    <p class='ocr_par' dir='ltr' id='par_1_3' title="bbox 357 1000 2551 2757">
     <span class='ocr_line' id='line_1_5' title="bbox 445 1000 2537 1069; baseline 0.001 -12"><span class='ocrx_word' id='word_1_30' title='bbox 445 1004 545 1057; x_wconf 80' lang='lat'>58.</span> <span class='ocrx_word' id='word_1_31' title='bbox 589 1000 681 1057; x_wconf 91' lang='lat' dir='ltr'>De</span> <span class='ocrx_word' id='word_1_32' title='bbox 707 1002 876 1058; x_wconf 86' lang='lat' dir='ltr'>rebus</span> <span class='ocrx_word' id='word_1_33' title='bbox 902 1002 1144 1057; x_wconf 87' lang='lat' dir='ltr'>inventis</span> <span class='ocrx_word' id='word_1_34' title='bbox 1166 1002 1482 1062; x_wconf 78' lang='lat' dir='ltr'><strong>universim</strong></span> <span class='ocrx_word' id='word_1_35' title='bbox 1501 1008 1725 1059; x_wconf 83' lang='lat' dir='ltr'>constat</span> <span class='ocrx_word' id='word_1_36' title='bbox 1746 1018 1845 1057; x_wconf 64' lang='lat' dir='ltr'>eas</span> <span class='ocrx_word' id='word_1_37' title='bbox 1862 1000 2113 1059; x_wconf 83' lang='lat' dir='ltr'>dominis</span> <span class='ocrx_word' id='word_1_38' title='bbox 2138 1002 2537 1069; x_wconf 76' lang='lat' dir='ltr'>restituendas,</span> 
     </span>
     <span class='ocr_line' id='line_1_6' title="bbox 359 1099 2541 1175; baseline 0.002 -21"><span class='ocrx_word' id='word_1_39' title='bbox 359 1100 413 1156; x_wconf 88' lang='lat' dir='ltr'>si</span> <span class='ocrx_word' id='word_1_40' title='bbox 440 1101 823 1167; x_wconf 83' lang='lat' dir='ltr'>innotescant,</span> <span class='ocrx_word' id='word_1_41' title='bbox 848 1099 938 1156; x_wconf 88' lang='lat' dir='ltr'>vel</span> <span class='ocrx_word' id='word_1_42' title='bbox 961 1101 1196 1175; x_wconf 84' lang='lat' dir='ltr'>reperiri</span> <span class='ocrx_word' id='word_1_43' title='bbox 1235 1102 1476 1175; x_wconf 75' lang='lat' dir='ltr'>possint,</span> <span class='ocrx_word' id='word_1_44' title='bbox 1515 1118 1609 1156; x_wconf 81' lang='lat' dir='ltr'>res</span> <span class='ocrx_word' id='word_1_45' title='bbox 1648 1099 1801 1157; x_wconf 88' lang='lat' dir='ltr'>enim</span> <span class='ocrx_word' id='word_1_46' title='bbox 1830 1099 1903 1157; x_wconf 85' lang='lat' dir='ltr'>ad</span> <span class='ocrx_word' id='word_1_47' title='bbox 1924 1100 2221 1158; x_wconf 86' lang='lat' dir='ltr'>dominum</span> <span class='ocrx_word' id='word_1_48' title='bbox 2250 1102 2457 1159; x_wconf 80' lang='lat' dir='ltr'>elamat</span> <span class='ocrx_word' id='word_1_49' title='bbox 2478 1104 2541 1159; x_wconf 85' lang='lat' dir='ltr'>in</span> 
     </span>
     <span class='ocr_line' id='line_1_7' title="bbox 362 1197 2539 1270; baseline 0.001 -15"><span class='ocrx_word' id='word_1_50' title='bbox 362 1214 760 1270; x_wconf 86' lang='lat' dir='ltr'>quascumque</span> <span class='ocrx_word' id='word_1_51' title='bbox 787 1216 986 1255; x_wconf 84' lang='lat' dir='ltr'>manus</span> <span class='ocrx_word' id='word_1_52' title='bbox 1013 1197 1322 1257; x_wconf 84' lang='lat' dir='ltr'>devenerit.</span> <span class='ocrx_word' id='word_1_53' title='bbox 1405 1199 1717 1255; x_wconf 84' lang='lat' dir='ltr'>Praemium</span> <span class='ocrx_word' id='word_1_54' title='bbox 1754 1208 1941 1255; x_wconf 82' lang='lat' dir='ltr'>autem</span> <span class='ocrx_word' id='word_1_55' title='bbox 1966 1218 2001 1255; x_wconf 86' lang='lat' dir='ltr'>a</span> <span class='ocrx_word' id='word_1_56' title='bbox 2024 1199 2259 1257; x_wconf 86' lang='lat' dir='ltr'>domino</span> <span class='ocrx_word' id='word_1_57' title='bbox 2282 1201 2539 1257; x_wconf 83' lang='lat' dir='ltr'>oblatum</span> 
     </span>
     <span class='ocr_line' id='line_1_8' title="bbox 360 1296 2543 1374; baseline 0.001 -21"><span class='ocrx_word' id='word_1_58' title='bbox 360 1298 652 1354; x_wconf 74' lang='lat' dir='ltr'>inventori</span> <span class='ocrx_word' id='word_1_59' title='bbox 670 1297 908 1369; x_wconf 89' lang='lat' dir='ltr'>quirem</span> <span class='ocrx_word' id='word_1_60' title='bbox 935 1298 1190 1354; x_wconf 87' lang='lat' dir='ltr'>restituat</span> <span class='ocrx_word' id='word_1_61' title='bbox 1207 1299 1390 1373; x_wconf 89' lang='lat' dir='ltr'>accipi</span> <span class='ocrx_word' id='word_1_62' title='bbox 1411 1298 1637 1373; x_wconf 87' lang='lat' dir='ltr'>poterit,</span> <span class='ocrx_word' id='word_1_63' title='bbox 1654 1298 1821 1373; x_wconf 78' lang='lat' dir='ltr'>juxta</span> <span class='ocrx_word' id='word_1_64' title='bbox 1840 1296 2161 1374; x_wconf 77' lang='lat' dir='ltr'>plerosque,</span> <span class='ocrx_word' id='word_1_65' title='bbox 2182 1317 2359 1370; x_wconf 83' lang='lat' dir='ltr'>quum</span> <span class='ocrx_word' id='word_1_66' title='bbox 2378 1298 2543 1356; x_wconf 83' lang='lat' dir='ltr'>detur</span> 
     </span>
     <span class='ocr_line' id='line_1_9' title="bbox 366 1396 2545 1473; baseline 0.003 -22"><span class='ocrx_word' id='word_1_67' title='bbox 366 1396 442 1452; x_wconf 93' lang='lat' dir='ltr'>ob</span> <span class='ocrx_word' id='word_1_68' title='bbox 468 1414 590 1452; x_wconf 90' lang='lat' dir='ltr'>rem</span> <span class='ocrx_word' id='word_1_69' title='bbox 618 1396 801 1471; x_wconf 85' lang='lat' dir='ltr'>pretio</span> <span class='ocrx_word' id='word_1_70' title='bbox 845 1396 1236 1454; x_wconf 69' lang='lat' dir='ltr'>aestimabilem</span> <span class='ocrx_word' id='word_1_71' title='bbox 1279 1415 1488 1473; x_wconf 88' lang='lat' dir='ltr'>nempe</span> <span class='ocrx_word' id='word_1_72' title='bbox 1513 1404 1578 1453; x_wconf 89' lang='lat' dir='ltr'>ut</span> <span class='ocrx_word' id='word_1_73' title='bbox 1600 1397 1879 1453; x_wconf 82' lang='lat' dir='ltr'>excitetur</span> <span class='ocrx_word' id='word_1_74' title='bbox 1902 1396 2147 1469; x_wconf 77' lang='lat' dir='ltr'>quisque</span> <span class='ocrx_word' id='word_1_75' title='bbox 2172 1398 2243 1455; x_wconf 89' lang='lat' dir='ltr'>ad</span> <span class='ocrx_word' id='word_1_76' title='bbox 2270 1399 2545 1472; x_wconf 82' lang='lat' dir='ltr'>majorem</span> 
     </span>
     <span class='ocr_line' id='line_1_10' title="bbox 364 1487 2543 1573; baseline 0.002 -22"><span class='ocrx_word' id='word_1_77' title='bbox 364 1487 770 1570; x_wconf 84' lang='lat' dir='ltr'>diligentiam.²</span> <span class='ocrx_word' id='word_1_78' title='bbox 851 1493 1020 1559; x_wconf 83' lang='lat' dir='ltr'>Quod</span> <span class='ocrx_word' id='word_1_79' title='bbox 1043 1496 1094 1553; x_wconf 83' lang='lat' dir='ltr'>si</span> <span class='ocrx_word' id='word_1_80' title='bbox 1133 1496 1426 1573; x_wconf 84' lang='lat' dir='ltr'>diligentia</span> <span class='ocrx_word' id='word_1_81' title='bbox 1462 1494 1715 1551; x_wconf 80' lang='lat' dir='ltr'>adhibita</span> <span class='ocrx_word' id='word_1_82' title='bbox 1750 1494 1973 1552; x_wconf 87' lang='lat' dir='ltr'>domini</span> <span class='ocrx_word' id='word_1_83' title='bbox 1996 1494 2147 1551; x_wconf 79' lang='lat' dir='ltr'>haud</span> <span class='ocrx_word' id='word_1_84' title='bbox 2172 1498 2543 1571; x_wconf 82' lang='lat' dir='ltr'>reperiantur,</span> 
     </span>
     <span class='ocr_line' id='line_1_11' title="bbox 361 1592 2540 1669; baseline 0.001 -20"><span class='ocrx_word' id='word_1_85' title='bbox 361 1594 659 1651; x_wconf 79' lang='lat' dir='ltr'>servandae</span> <span class='ocrx_word' id='word_1_86' title='bbox 700 1601 866 1649; x_wconf 86' lang='lat' dir='ltr'>erunt</span> <span class='ocrx_word' id='word_1_87' title='bbox 900 1611 1012 1660; x_wconf 76' lang='lat' dir='ltr'>ree,</span> <span class='ocrx_word' id='word_1_88' title='bbox 1055 1594 1324 1665; x_wconf 88' lang='lat' dir='ltr'>quamdiu</span> <span class='ocrx_word' id='word_1_89' title='bbox 1367 1594 1641 1652; x_wconf 82' lang='lat' dir='ltr'>manserit</span> <span class='ocrx_word' id='word_1_90' title='bbox 1682 1611 1817 1669; x_wconf 79' lang='lat' dir='ltr'>spes</span> <span class='ocrx_word' id='word_1_91' title='bbox 1849 1611 1953 1651; x_wconf 85' lang='lat' dir='ltr'>eos</span> <span class='ocrx_word' id='word_1_92' title='bbox 1990 1592 2329 1669; x_wconf 83' lang='lat' dir='ltr'>detegendi:</span> <span class='ocrx_word' id='word_1_93' title='bbox 2372 1596 2465 1651; x_wconf 85' lang='lat' dir='ltr'>vel</span> <span class='ocrx_word' id='word_1_94' title='bbox 2488 1598 2540 1652; x_wconf 75' lang='lat' dir='ltr'>si</span> 
     </span>
     <span class='ocr_line' id='line_1_12' title="bbox 359 1692 2543 1768; baseline 0.001 -19"><span class='ocrx_word' id='word_1_95' title='bbox 359 1704 654 1763; x_wconf 79' lang='lat' dir='ltr'>nequeant</span> <span class='ocrx_word' id='word_1_96' title='bbox 685 1692 922 1759; x_wconf 85' lang='lat' dir='ltr'>servari,</span> <span class='ocrx_word' id='word_1_97' title='bbox 953 1692 1258 1752; x_wconf 68' lang='lat' dir='ltr'>vendendae</span> <span class='ocrx_word' id='word_1_98' title='bbox 1295 1704 1460 1751; x_wconf 89' lang='lat' dir='ltr'>erunt</span> <span class='ocrx_word' id='word_1_99' title='bbox 1495 1701 1560 1749; x_wconf 89' lang='lat' dir='ltr'>ut</span> <span class='ocrx_word' id='word_1_100' title='bbox 1596 1702 1855 1751; x_wconf 85' lang='lat' dir='ltr'>servetur</span> <span class='ocrx_word' id='word_1_101' title='bbox 1896 1692 2163 1768; x_wconf 87' lang='lat' dir='ltr'>pretium.</span> <span class='ocrx_word' id='word_1_102' title='bbox 2248 1693 2315 1749; x_wconf 89' lang='lat' dir='ltr'>Si</span> <span class='ocrx_word' id='word_1_103' title='bbox 2352 1696 2543 1751; x_wconf 73' lang='lat' dir='ltr'>omnis</span> 
     </span>
     <span class='ocr_line' id='line_1_13' title="bbox 359 1791 2543 1872; baseline 0 -25"><span class='ocrx_word' id='word_1_104' title='bbox 359 1792 588 1849; x_wconf 86' lang='lat' dir='ltr'>sublata</span> <span class='ocrx_word' id='word_1_105' title='bbox 611 1791 686 1849; x_wconf 88' lang='lat' dir='ltr'>sit</span> <span class='ocrx_word' id='word_1_106' title='bbox 710 1808 864 1865; x_wconf 79' lang='lat' dir='ltr'>speS,</span> <span class='ocrx_word' id='word_1_107' title='bbox 891 1802 1024 1849; x_wconf 84' lang='lat' dir='ltr'>sunt</span> <span class='ocrx_word' id='word_1_108' title='bbox 1048 1793 1148 1864; x_wconf 88' lang='lat' dir='ltr'>qui</span> <span class='ocrx_word' id='word_1_109' title='bbox 1171 1791 1368 1849; x_wconf 84' lang='lat' dir='ltr'>dicunt</span> <span class='ocrx_word' id='word_1_110' title='bbox 1406 1791 1759 1872; x_wconf 83' lang='lat' dir='ltr'>inventorem</span> <span class='ocrx_word' id='word_1_111' title='bbox 1800 1810 1973 1867; x_wconf 82' lang='lat' dir='ltr'>posse</span> <span class='ocrx_word' id='word_1_112' title='bbox 2012 1809 2103 1847; x_wconf 80' lang='lat' dir='ltr'>res</span> <span class='ocrx_word' id='word_1_113' title='bbox 2140 1792 2251 1848; x_wconf 85' lang='lat' dir='ltr'>sibi</span> <span class='ocrx_word' id='word_1_114' title='bbox 2278 1792 2543 1863; x_wconf 80' lang='lat' dir='ltr'>retinere,</span> 
     </span>
     <span class='ocr_line' id='line_1_14' title="bbox 359 1886 2547 1967; baseline 0 -20"><span class='ocrx_word' id='word_1_115' title='bbox 359 1909 548 1962; x_wconf 89' lang='lat' dir='ltr'>quum</span> <span class='ocrx_word' id='word_1_116' title='bbox 576 1889 870 1947; x_wconf 88' lang='lat' dir='ltr'>dominum</span> <span class='ocrx_word' id='word_1_117' title='bbox 891 1890 1150 1949; x_wconf 87' lang='lat' dir='ltr'>amisisse</span> <span class='ocrx_word' id='word_1_118' title='bbox 1169 1901 1524 1957; x_wconf 82' lang='lat' dir='ltr'>censeantur,</span> <span class='ocrx_word' id='word_1_119' title='bbox 1547 1889 1793 1961; x_wconf 87' lang='lat' dir='ltr'>ideoque</span> <span class='ocrx_word' id='word_1_120' title='bbox 1812 1893 1930 1948; x_wconf 85' lang='lat' dir='ltr'>sint</span> <span class='ocrx_word' id='word_1_121' title='bbox 1947 1890 2133 1967; x_wconf 66' lang='lat' dir='ltr'>prime</span> <span class='ocrx_word' id='word_1_122' title='bbox 2154 1886 2547 1967; x_wconf 59' lang='lat' dir='ltr'>occupantis!</span> 
     </span>
     <span class='ocr_line' id='line_1_15' title="bbox 361 1988 2541 2065; baseline 0.001 -20"><span class='ocrx_word' id='word_1_123' title='bbox 361 1988 660 2046; x_wconf 79' lang='lat' dir='ltr'>Caeterum</span> <span class='ocrx_word' id='word_1_124' title='bbox 689 1988 1090 2047; x_wconf 76' lang='lat' dir='ltr'>catechismus</span> <span class='ocrx_word' id='word_1_125' title='bbox 1117 1991 1412 2047; x_wconf 83' lang='lat' dir='ltr'>Romanus</span> <span class='ocrx_word' id='word_1_126' title='bbox 1439 1988 1607 2045; x_wconf 84' lang='lat' dir='ltr'>tradit</span> <span class='ocrx_word' id='word_1_127' title='bbox 1631 2008 1723 2046; x_wconf 89' lang='lat' dir='ltr'>res</span> <span class='ocrx_word' id='word_1_128' title='bbox 1748 1992 2007 2047; x_wconf 81' lang='lat' dir='ltr'>inventas</span> <span class='ocrx_word' id='word_1_129' title='bbox 2032 2008 2163 2047; x_wconf 78' lang='lat' dir='ltr'>esse</span> <span class='ocrx_word' id='word_1_130' title='bbox 2188 2008 2541 2065; x_wconf 82' lang='lat' dir='ltr'>pauperum;</span> 
     </span>
     <span class='ocr_line' id='line_1_16' title="bbox 357 2086 2537 2163; baseline -0 -18"><span class='ocrx_word' id='word_1_131' title='bbox 357 2097 419 2145; x_wconf 93' lang='lat' dir='ltr'>et</span> <span class='ocrx_word' id='word_1_132' title='bbox 445 2089 672 2163; x_wconf 87' lang='lat' dir='ltr'>piorum</span> <span class='ocrx_word' id='word_1_133' title='bbox 700 2088 1053 2146; x_wconf 88' lang='lat' dir='ltr'>consuetudo</span> <span class='ocrx_word' id='word_1_134' title='bbox 1091 2088 1278 2155; x_wconf 88' lang='lat' dir='ltr'>habet,</span> <span class='ocrx_word' id='word_1_135' title='bbox 1321 2100 1399 2154; x_wconf 88' lang='lat' dir='ltr'>ut,</span> <span class='ocrx_word' id='word_1_136' title='bbox 1442 2086 1676 2145; x_wconf 89' lang='lat' dir='ltr'>domino</span> <span class='ocrx_word' id='word_1_137' title='bbox 1720 2088 1873 2144; x_wconf 90' lang='lat' dir='ltr'>haud</span> <span class='ocrx_word' id='word_1_138' title='bbox 1912 2090 2157 2153; x_wconf 89' lang='lat' dir='ltr'>detecto,</span> <span class='ocrx_word' id='word_1_139' title='bbox 2204 2090 2273 2145; x_wconf 85' lang='lat' dir='ltr'>iis</span> <span class='ocrx_word' id='word_1_140' title='bbox 2312 2087 2537 2155; x_wconf 82' lang='lat' dir='ltr'>dentur,</span> 
     </span>
     <span class='ocr_line' id='line_1_17' title="bbox 357 2180 2544 2263; baseline 0 -20"><span class='ocrx_word' id='word_1_141' title='bbox 357 2186 518 2259; x_wconf 87' lang='lat' dir='ltr'>quod</span> <span class='ocrx_word' id='word_1_142' title='bbox 545 2186 801 2260; x_wconf 88' lang='lat' dir='ltr'>plerique</span> <span class='ocrx_word' id='word_1_143' title='bbox 829 2186 1078 2263; x_wconf 84' lang='lat' dir='ltr'>theologi</span> <span class='ocrx_word' id='word_1_144' title='bbox 1105 2188 1312 2245; x_wconf 90' lang='lat' dir='ltr'>docent</span> <span class='ocrx_word' id='word_1_145' title='bbox 1335 2186 1657 2244; x_wconf 69' lang='lat' dir='ltr'>necessario</span> <span class='ocrx_word' id='word_1_146' title='bbox 1685 2180 2065 2245; x_wconf 84' lang='lat' dir='ltr'>faciendum.³</span> <span class='ocrx_word' id='word_1_147' title='bbox 2144 2187 2212 2242; x_wconf 91' lang='lat' dir='ltr'>Si</span> <span class='ocrx_word' id='word_1_148' title='bbox 2238 2188 2389 2258; x_wconf 73' lang='lat' dir='ltr'>qnia,</span> <span class='ocrx_word' id='word_1_149' title='bbox 2418 2186 2544 2243; x_wconf 90' lang='lat' dir='ltr'>dili-</span> 
     </span>
     <span class='ocr_line' id='line_1_18' title="bbox 358 2284 2545 2361; baseline 0.001 -20"><span class='ocrx_word' id='word_1_150' title='bbox 358 2286 556 2361; x_wconf 88' lang='lat' dir='ltr'>gentia</span> <span class='ocrx_word' id='word_1_151' title='bbox 581 2285 786 2342; x_wconf 83' lang='lat' dir='ltr'>frustra</span> <span class='ocrx_word' id='word_1_152' title='bbox 811 2284 1058 2343; x_wconf 88' lang='lat' dir='ltr'>adhibita</span> <span class='ocrx_word' id='word_1_153' title='bbox 1095 2286 1166 2344; x_wconf 87' lang='lat' dir='ltr'>ad</span> <span class='ocrx_word' id='word_1_154' title='bbox 1205 2284 1611 2345; x_wconf 84' lang='lat' dir='ltr'>inveniendum</span> <span class='ocrx_word' id='word_1_155' title='bbox 1656 2285 1973 2353; x_wconf 86' lang='lat' dir='ltr'>dominum,</span> <span class='ocrx_word' id='word_1_156' title='bbox 2016 2304 2107 2343; x_wconf 85' lang='lat' dir='ltr'>res</span> <span class='ocrx_word' id='word_1_157' title='bbox 2146 2286 2207 2341; x_wconf 89' lang='lat' dir='ltr'>in</span> <span class='ocrx_word' id='word_1_158' title='bbox 2246 2286 2337 2341; x_wconf 83' lang='lat' dir='ltr'>sui</span> <span class='ocrx_word' id='word_1_159' title='bbox 2376 2303 2545 2343; x_wconf 83' lang='lat' dir='ltr'>usum</span> 
     </span>
     <span class='ocr_line' id='line_1_19' title="bbox 361 2379 2537 2459; baseline 0.001 -20"><span class='ocrx_word' id='word_1_160' title='bbox 361 2386 726 2450; x_wconf 87' lang='lat' dir='ltr'>converterit,</span> <span class='ocrx_word' id='word_1_161' title='bbox 755 2379 986 2440; x_wconf 91' lang='lat' dir='ltr'>domino</span> <span class='ocrx_word' id='word_1_162' title='bbox 1011 2395 1207 2459; x_wconf 86' lang='lat' dir='ltr'>postea</span> <span class='ocrx_word' id='word_1_163' title='bbox 1243 2395 1629 2459; x_wconf 86' lang='lat' dir='ltr'>comparente,</span> <span class='ocrx_word' id='word_1_164' title='bbox 1656 2384 1893 2442; x_wconf 85' lang='lat' dir='ltr'>reddere</span> <span class='ocrx_word' id='word_1_165' title='bbox 1918 2384 2085 2443; x_wconf 91' lang='lat' dir='ltr'>debet</span> <span class='ocrx_word' id='word_1_166' title='bbox 2110 2384 2167 2440; x_wconf 90' lang='lat' dir='ltr'>id</span> <span class='ocrx_word' id='word_1_167' title='bbox 2194 2386 2251 2441; x_wconf 87' lang='lat' dir='ltr'>in</span> <span class='ocrx_word' id='word_1_168' title='bbox 2280 2402 2397 2457; x_wconf 87' lang='lat' dir='ltr'>quo</span> <span class='ocrx_word' id='word_1_169' title='bbox 2424 2384 2537 2441; x_wconf 85' lang='lat' dir='ltr'>sac·</span> 
     </span>
     <span class='ocr_line' id='line_1_20' title="bbox 361 2482 2549 2559; baseline 0 -21"><span class='ocrx_word' id='word_1_170' title='bbox 361 2494 458 2539; x_wconf 89' lang='lat' dir='ltr'>tus</span> <span class='ocrx_word' id='word_1_171' title='bbox 483 2494 575 2539; x_wconf 86' lang='lat' dir='ltr'>est</span> <span class='ocrx_word' id='word_1_172' title='bbox 599 2482 804 2540; x_wconf 84' lang='lat' dir='ltr'>ditior:</span> <span class='ocrx_word' id='word_1_173' title='bbox 847 2484 896 2539; x_wconf 85' lang='lat' dir='ltr'>si</span> <span class='ocrx_word' id='word_1_174' title='bbox 923 2484 1239 2559; x_wconf 84' lang='lat' dir='ltr'>neglexerit</span> <span class='ocrx_word' id='word_1_175' title='bbox 1275 2485 1577 2541; x_wconf 90' lang='lat' dir='ltr'>dominum</span> <span class='ocrx_word' id='word_1_176' title='bbox 1616 2484 1921 2555; x_wconf 88' lang='lat' dir='ltr'>inquirere,</span> <span class='ocrx_word' id='word_1_177' title='bbox 1960 2502 2223 2559; x_wconf 86' lang='lat' dir='ltr'>reparare</span> <span class='ocrx_word' id='word_1_178' title='bbox 2264 2484 2549 2557; x_wconf 87' lang='lat' dir='ltr'>oportebit</span> 
     </span>
     <span class='ocr_line' id='line_1_21' title="bbox 359 2579 2551 2656; baseline -0 -18"><span class='ocrx_word' id='word_1_179' title='bbox 359 2581 573 2639; x_wconf 89' lang='lat' dir='ltr'>damna</span> <span class='ocrx_word' id='word_1_180' title='bbox 613 2580 746 2638; x_wconf 91' lang='lat' dir='ltr'>inde</span> <span class='ocrx_word' id='word_1_181' title='bbox 786 2589 998 2639; x_wconf 88' lang='lat' dir='ltr'>secuta.</span> <span class='ocrx_word' id='word_1_182' title='bbox 1085 2582 1150 2637; x_wconf 92' lang='lat' dir='ltr'>Si</span> <span class='ocrx_word' id='word_1_183' title='bbox 1185 2583 1338 2639; x_wconf 89' lang='lat' dir='ltr'>bona</span> <span class='ocrx_word' id='word_1_184' title='bbox 1373 2581 1488 2638; x_wconf 87' lang='lat' dir='ltr'>fide</span> <span class='ocrx_word' id='word_1_185' title='bbox 1527 2580 1747 2639; x_wconf 87' lang='lat' dir='ltr'>dederit</span> <span class='ocrx_word' id='word_1_186' title='bbox 1778 2599 1876 2637; x_wconf 83' lang='lat' dir='ltr'>eas</span> <span class='ocrx_word' id='word_1_187' title='bbox 1903 2580 2267 2656; x_wconf 85' lang='lat' dir='ltr'>pauperibus,</span> <span class='ocrx_word' id='word_1_188' title='bbox 2296 2579 2367 2635; x_wconf 90' lang='lat' dir='ltr'>ad</span> <span class='ocrx_word' id='word_1_189' title='bbox 2406 2580 2551 2637; x_wconf 85' lang='lat' dir='ltr'>nihil</span> 
     </span>
     <span class='ocr_line' id='line_1_22' title="bbox 361 2679 2549 2757; baseline -0.001 -20"><span class='ocrx_word' id='word_1_190' title='bbox 361 2681 663 2737; x_wconf 86' lang='lat' dir='ltr'>tenebitur.</span> <span class='ocrx_word' id='word_1_191' title='bbox 745 2680 934 2757; x_wconf 83' lang='lat' dir='ltr'>Leges</span> <span class='ocrx_word' id='word_1_192' title='bbox 959 2680 1156 2738; x_wconf 79' lang='lat' dir='ltr'>civiles</span> <span class='ocrx_word' id='word_1_193' title='bbox 1195 2681 1534 2756; x_wconf 87' lang='lat' dir='ltr'>plerumque</span> <span class='ocrx_word' id='word_1_194' title='bbox 1574 2679 1813 2755; x_wconf 86' lang='lat' dir='ltr'>exigunt</span> <span class='ocrx_word' id='word_1_195' title='bbox 1853 2688 1915 2735; x_wconf 88' lang='lat' dir='ltr'>ut</span> <span class='ocrx_word' id='word_1_196' title='bbox 1956 2696 2049 2734; x_wconf 83' lang='lat' dir='ltr'>res</span> <span class='ocrx_word' id='word_1_197' title='bbox 2076 2695 2277 2734; x_wconf 79' lang='lat' dir='ltr'>omnes</span> <span class='ocrx_word' id='word_1_198' title='bbox 2305 2679 2549 2735; x_wconf 80' lang='lat' dir='ltr'>inventae</span> 
     </span>
    </p>
   </div>
   <div class='ocr_carea' id='block_1_3' title="bbox 313 2905 2553 4423">
    <p class='ocr_par' dir='ltr' id='par_1_4' title="bbox 313 2905 2551 3575">
     <span class='ocr_line' id='line_1_23' title="bbox 369 2905 2551 2970; baseline 0 -13"><span class='ocrx_word' id='word_1_199' title='bbox 369 2908 492 2957; x_wconf 90' lang='lat' dir='ltr'>illud</span> <span class='ocrx_word' id='word_1_200' title='bbox 512 2909 634 2957; x_wconf 89' lang='lat' dir='ltr'>olim</span> <span class='ocrx_word' id='word_1_201' title='bbox 657 2909 898 2959; x_wconf 85' lang='lat' dir='ltr'>imitatum</span> <span class='ocrx_word' id='word_1_202' title='bbox 918 2916 1052 2958; x_wconf 77' lang='lat' dir='ltr'>est-⁴</span> <span class='ocrx_word' id='word_1_203' title='bbox 1055 2910 1252 2959; x_wconf 86' lang='lat' dir='ltr'>‘Goods</span> <span class='ocrx_word' id='word_1_204' title='bbox 1273 2910 1424 2959; x_wconf 87' lang='lat' dir='ltr'>found</span> <span class='ocrx_word' id='word_1_205' title='bbox 1444 2908 1665 2960; x_wconf 69' lang='lat' dir='ltr'>hidam·</span> <span class='ocrx_word' id='word_1_206' title='bbox 1650 2925 1705 2958; x_wconf 86' lang='lat' dir='ltr'>m</span> <span class='ocrx_word' id='word_1_207' title='bbox 1726 2908 1810 2957; x_wconf 87' lang='lat' dir='ltr'>the</span> <span class='ocrx_word' id='word_1_208' title='bbox 1829 2908 1965 2957; x_wconf 86' lang='lat' dir='ltr'>earth</span> <span class='ocrx_word' id='word_1_209' title='bbox 1986 2924 2049 2970; x_wconf 83' lang='lat' dir='ltr'>go</span> <span class='ocrx_word' id='word_1_210' title='bbox 2065 2907 2219 2957; x_wconf 87' lang='lat' dir='ltr'>under</span> <span class='ocrx_word' id='word_1_211' title='bbox 2233 2908 2317 2957; x_wconf 82' lang='lat' dir='ltr'>the</span> <span class='ocrx_word' id='word_1_212' title='bbox 2336 2905 2551 2957; x_wconf 83' lang='lat' dir='ltr'>denomi-</span> 
     </span>
     <span class='ocr_line' id='line_1_24' title="bbox 366 2994 2549 3057; baseline 0.001 -14"><span class='ocrx_word' id='word_1_213' title='bbox 366 2996 537 3045; x_wconf 82' lang='lat' dir='ltr'>nation</span> <span class='ocrx_word' id='word_1_214' title='bbox 560 2994 617 3042; x_wconf 89' lang='lat' dir='ltr'>of</span> <span class='ocrx_word' id='word_1_215' title='bbox 641 2998 1026 3046; x_wconf 66' lang='lat' dir='ltr'>transiere-trove.</span> <span class='ocrx_word' id='word_1_216' title='bbox 1094 2995 1230 3044; x_wconf 89' lang='lat' dir='ltr'>Such</span> <span class='ocrx_word' id='word_1_217' title='bbox 1251 2995 1452 3057; x_wconf 85' lang='lat' dir='ltr'>goods,</span> <span class='ocrx_word' id='word_1_218' title='bbox 1437 3010 1494 3043; x_wconf 87' lang='lat' dir='ltr'>m</span> <span class='ocrx_word' id='word_1_219' title='bbox 1513 2994 1761 3055; x_wconf 70' lang='lat' dir='ltr'>EnglamL</span> <span class='ocrx_word' id='word_1_220' title='bbox 1792 2995 1969 3055; x_wconf 82' lang='lat' dir='ltr'>belong</span> <span class='ocrx_word' id='word_1_221' title='bbox 2004 3001 2054 3041; x_wconf 80' lang='lat' dir='ltr'>to</span> <span class='ocrx_word' id='word_1_222' title='bbox 2082 2994 2167 3042; x_wconf 89' lang='lat' dir='ltr'>the</span> <span class='ocrx_word' id='word_1_223' title='bbox 2196 2994 2349 3055; x_wconf 85' lang='lat' dir='ltr'>king;</span> <span class='ocrx_word' id='word_1_224' title='bbox 2376 2994 2509 3043; x_wconf 87' lang='lat' dir='ltr'>and</span> <span class='ocrx_word' id='word_1_225' title='bbox 2494 3009 2549 3045; x_wconf 88' lang='lat' dir='ltr'>m</span> 
     </span>
     <span class='ocr_line' id='line_1_25' title="bbox 368 3077 2553 3143; baseline 0.001 -16"><span class='ocrx_word' id='word_1_226' title='bbox 368 3080 499 3127; x_wconf 88' lang='lat' dir='ltr'>New</span> <span class='ocrx_word' id='word_1_227' title='bbox 533 3079 674 3127; x_wconf 90' lang='lat' dir='ltr'>York</span> <span class='ocrx_word' id='word_1_228' title='bbox 712 3078 827 3142; x_wconf 80' lang='lat' dir='ltr'>they</span> <span class='ocrx_word' id='word_1_229' title='bbox 850 3079 1070 3143; x_wconf 85' lang='lat' dir='ltr'>formerly</span> <span class='ocrx_word' id='word_1_230' title='bbox 1092 3079 1330 3140; x_wconf 84' lang='lat' dir='ltr'>belonged</span> <span class='ocrx_word' id='word_1_231' title='bbox 1350 3087 1402 3126; x_wconf 87' lang='lat' dir='ltr'>to</span> <span class='ocrx_word' id='word_1_232' title='bbox 1422 3080 1504 3126; x_wconf 88' lang='lat' dir='ltr'>the</span> <span class='ocrx_word' id='word_1_233' title='bbox 1526 3079 1691 3141; x_wconf 86' lang='lat' dir='ltr'>public</span> <span class='ocrx_word' id='word_1_234' title='bbox 1722 3086 1971 3141; x_wconf 75' lang='lat' dir='ltr'>treasury3</span> <span class='ocrx_word' id='word_1_235' title='bbox 2004 3077 2077 3126; x_wconf 86' lang='lat' dir='ltr'>for</span> <span class='ocrx_word' id='word_1_236' title='bbox 2109 3078 2192 3127; x_wconf 86' lang='lat' dir='ltr'>the</span> <span class='ocrx_word' id='word_1_237' title='bbox 2230 3086 2407 3127; x_wconf 77' lang='lat' dir='ltr'>stamte</span> <span class='ocrx_word' id='word_1_238' title='bbox 2429 3080 2486 3129; x_wconf 77' lang='lat' dir='ltr'>os</span> <span class='ocrx_word' id='word_1_239' title='bbox 2512 3079 2553 3129; x_wconf 84' lang='lat'>4</span> 
     </span>
     <span class='ocr_line' id='line_1_26' title="bbox 365 3162 2545 3229; baseline 0.001 -18"><span class='ocrx_word' id='word_1_240' title='bbox 365 3164 507 3211; x_wconf 84' lang='lat' dir='ltr'>Edw.</span> <span class='ocrx_word' id='word_1_241' title='bbox 532 3163 570 3211; x_wconf 90' lang='grc' dir='ltr'>Ι.</span> <span class='ocrx_word' id='word_1_242' title='bbox 587 3179 691 3212; x_wconf 82' lang='lat' dir='ltr'>was</span> <span class='ocrx_word' id='word_1_243' title='bbox 713 3164 982 3212; x_wconf 83' lang='lat' dir='ltr'>re-enacted</span> <span class='ocrx_word' id='word_1_244' title='bbox 1000 3165 1066 3226; x_wconf 82' lang='lat' dir='ltr'>by</span> <span class='ocrx_word' id='word_1_245' title='bbox 1088 3163 1172 3213; x_wconf 82' lang='lat' dir='ltr'>the</span> <span class='ocrx_word' id='word_1_246' title='bbox 1194 3168 1274 3212; x_wconf 81' lang='lat' dir='ltr'>act</span> <span class='ocrx_word' id='word_1_247' title='bbox 1307 3165 1609 3229; x_wconf 77' lang='lat' dir='ltr'>concerning</span> <span class='ocrx_word' id='word_1_248' title='bbox 1637 3178 1873 3221; x_wconf 70' lang='lat' dir='ltr'>emma-s,</span> <span class='ocrx_word' id='word_1_249' title='bbox 1894 3162 2059 3211; x_wconf 84' lang='lat' dir='ltr'>which</span> <span class='ocrx_word' id='word_1_250' title='bbox 2079 3162 2287 3211; x_wconf 81' lang='lat' dir='ltr'>directed</span> <span class='ocrx_word' id='word_1_251' title='bbox 2308 3164 2393 3213; x_wconf 88' lang='lat' dir='ltr'>the</span> <span class='ocrx_word' id='word_1_252' title='bbox 2414 3180 2545 3213; x_wconf 83' lang='lat' dir='ltr'>coro-</span> 
     </span>
     <span class='ocr_line' id='line_1_27' title="bbox 365 3247 2547 3313; baseline -0 -17"><span class='ocrx_word' id='word_1_253' title='bbox 365 3264 453 3296; x_wconf 90' lang='lat' dir='ltr'>ner</span> <span class='ocrx_word' id='word_1_254' title='bbox 473 3255 525 3296; x_wconf 86' lang='lat' dir='ltr'>to</span> <span class='ocrx_word' id='word_1_255' title='bbox 547 3247 752 3311; x_wconf 87' lang='lat' dir='ltr'>inquire,</span> <span class='ocrx_word' id='word_1_256' title='bbox 772 3250 838 3311; x_wconf 83' lang='lat' dir='ltr'>by</span> <span class='ocrx_word' id='word_1_257' title='bbox 865 3249 996 3313; x_wconf 83' lang='lat' dir='ltr'>jury,</span> <span class='ocrx_word' id='word_1_258' title='bbox 1034 3248 1091 3296; x_wconf 85' lang='lat' dir='ltr'>of</span> <span class='ocrx_word' id='word_1_259' title='bbox 1115 3255 1326 3297; x_wconf 77' lang='lat' dir='ltr'>treasure</span> <span class='ocrx_word' id='word_1_260' title='bbox 1358 3248 1462 3295; x_wconf 81' lang='lat' dir='ltr'>said</span> <span class='ocrx_word' id='word_1_261' title='bbox 1484 3255 1534 3295; x_wconf 89' lang='lat' dir='ltr'>to</span> <span class='ocrx_word' id='word_1_262' title='bbox 1554 3249 1615 3295; x_wconf 89' lang='lat' dir='ltr'>be</span> <span class='ocrx_word' id='word_1_263' title='bbox 1648 3248 1815 3306; x_wconf 80' lang='lat' dir='ltr'>found,</span> <span class='ocrx_word' id='word_1_264' title='bbox 1854 3247 1952 3295; x_wconf 84' lang='lat' dir='ltr'>and</span> <span class='ocrx_word' id='word_1_265' title='bbox 1972 3247 2085 3296; x_wconf 85' lang='lat' dir='ltr'>who</span> <span class='ocrx_word' id='word_1_266' title='bbox 2106 3262 2233 3296; x_wconf 85' lang='lat' dir='ltr'>were</span> <span class='ocrx_word' id='word_1_267' title='bbox 2265 3248 2347 3297; x_wconf 75' lang='lat' dir='ltr'>the</span> <span class='ocrx_word' id='word_1_268' title='bbox 2369 3248 2547 3297; x_wconf 76' lang='lat' dir='ltr'>findere</span> 
     </span>
     <span class='ocr_line' id='line_1_28' title="bbox 367 3331 2545 3397; baseline 0 -15"><span class='ocrx_word' id='word_1_269' title='bbox 367 3333 422 3382; x_wconf 90' lang='lat' dir='ltr'>in</span> <span class='ocrx_word' id='word_1_270' title='bbox 437 3333 784 3394; x_wconf 82' lang='lat' dir='ltr'>recognizance</span> <span class='ocrx_word' id='word_1_271' title='bbox 805 3339 858 3382; x_wconf 81' lang='lat' dir='ltr'>to</span> <span class='ocrx_word' id='word_1_272' title='bbox 878 3349 1054 3397; x_wconf 80' lang='lat' dir='ltr'>appear</span> <span class='ocrx_word' id='word_1_273' title='bbox 1071 3332 1128 3381; x_wconf 88' lang='lat' dir='ltr'>in</span> <span class='ocrx_word' id='word_1_274' title='bbox 1148 3331 1330 3381; x_wconf 54' lang='lat' dir='ltr'>coust?</span> <span class='ocrx_word' id='word_1_275' title='bbox 1401 3332 1500 3381; x_wconf 85' lang='lat' dir='ltr'>Sed</span> <span class='ocrx_word' id='word_1_276' title='bbox 1532 3332 1587 3381; x_wconf 88' lang='lat' dir='ltr'>in</span> <span class='ocrx_word' id='word_1_277' title='bbox 1613 3332 1948 3381; x_wconf 80' lang='lat' dir='ltr'>emendatione</span> <span class='ocrx_word' id='word_1_278' title='bbox 1982 3334 2147 3394; x_wconf 76' lang='lat' dir='ltr'>legum</span> <span class='ocrx_word' id='word_1_279' title='bbox 2168 3332 2290 3381; x_wconf 89' lang='lat' dir='ltr'>illud</span> <span class='ocrx_word' id='word_1_280' title='bbox 2310 3334 2545 3383; x_wconf 77' lang='lat' dir='ltr'>omissum</span> 
     </span>
     <span class='ocr_line' id='line_1_29' title="bbox 368 3416 2547 3481; baseline -0.002 -14"><span class='ocrx_word' id='word_1_281' title='bbox 368 3426 455 3478; x_wconf 76' lang='lat' dir='ltr'>est,</span> <span class='ocrx_word' id='word_1_282' title='bbox 477 3425 767 3481; x_wconf 79' lang='lat' dir='ltr'>quapropter</span> <span class='ocrx_word' id='word_1_283' title='bbox 787 3419 900 3478; x_wconf 87' lang='lat' dir='ltr'>illic,</span> <span class='ocrx_word' id='word_1_284' title='bbox 925 3419 1050 3467; x_wconf 85' lang='lat' dir='ltr'>sicut</span> <span class='ocrx_word' id='word_1_285' title='bbox 1069 3425 1120 3467; x_wconf 86' lang='lat' dir='ltr'>et</span> <span class='ocrx_word' id='word_1_286' title='bbox 1139 3418 1246 3466; x_wconf 83' lang='lat' dir='ltr'>aliis</span> <span class='ocrx_word' id='word_1_287' title='bbox 1268 3418 1323 3467; x_wconf 91' lang='lat' dir='ltr'>in</span> <span class='ocrx_word' id='word_1_288' title='bbox 1345 3418 1575 3477; x_wconf 80' lang='lat' dir='ltr'>Statibus,</span> <span class='ocrx_word' id='word_1_289' title='bbox 1593 3418 1720 3467; x_wconf 87' lang='lat' dir='ltr'>cedit</span> <span class='ocrx_word' id='word_1_290' title='bbox 1738 3418 1992 3467; x_wconf 83' lang='lat' dir='ltr'>inventori.</span> <span class='ocrx_word' id='word_1_291' title='bbox 2046 3416 2222 3467; x_wconf 74' lang='lat' dir='ltr'>Kent’s</span> <span class='ocrx_word' id='word_1_292' title='bbox 2248 3417 2441 3467; x_wconf 87' lang='lat' dir='ltr'>Comm.</span> <span class='ocrx_word' id='word_1_293' title='bbox 2465 3416 2547 3465; x_wconf 91' lang='lat' dir='ltr'>ubi</span> 
     </span>
     <span class='ocr_line' id='line_1_30' title="bbox 313 3507 748 3575; baseline 0.002 -24"><span class='ocrx_word' id='word_1_294' title='bbox 313 3570 318 3575; x_wconf 25' lang='lat'>⁸</span> <span class='ocrx_word' id='word_1_295' title='bbox 369 3521 526 3568; x_wconf 79' lang='lat' dir='ltr'>supra,</span> <span class='ocrx_word' id='word_1_296' title='bbox 556 3521 607 3553; x_wconf 89' lang='lat' dir='ltr'>n.</span> <span class='ocrx_word' id='word_1_297' title='bbox 629 3507 748 3553; x_wconf 84' lang='lat'>358.</span> 
     </span>
    </p>

    <p class='ocr_par' dir='ltr' id='par_1_5' title="bbox 439 3588 1705 3656">
     <span class='ocr_line' id='line_1_31' title="bbox 439 3588 1705 3656; baseline 0 -20"><span class='ocrx_word' id='word_1_298' title='bbox 439 3591 524 3656; x_wconf 87' lang='lat'>(1)</span> <span class='ocrx_word' id='word_1_299' title='bbox 564 3589 694 3638; x_wconf 89' lang='lat' dir='ltr'>Vide</span> <span class='ocrx_word' id='word_1_300' title='bbox 715 3589 944 3651; x_wconf 84' lang='lat' dir='ltr'>Lyonnet</span> <span class='ocrx_word' id='word_1_301' title='bbox 958 3589 1019 3637; x_wconf 91' lang='lat' dir='ltr'>de</span> <span class='ocrx_word' id='word_1_302' title='bbox 1039 3588 1248 3647; x_wconf 81' lang='lat' dir='ltr'>Justitia,</span> <span class='ocrx_word' id='word_1_303' title='bbox 1269 3604 1318 3651; x_wconf 90' lang='lat' dir='ltr'>p.</span> <span class='ocrx_word' id='word_1_304' title='bbox 1338 3590 1370 3637; x_wconf 90' lang='lat' dir='ltr'>i.</span> <span class='ocrx_word' id='word_1_305' title='bbox 1394 3595 1480 3637; x_wconf 84' lang='lat' dir='ltr'>art.</span> <span class='ocrx_word' id='word_1_306' title='bbox 1501 3589 1566 3637; x_wconf 86' lang='lat' dir='ltr'>iv.</span> <span class='ocrx_word' id='word_1_307' title='bbox 1584 3605 1633 3637; x_wconf 92' lang='lat' dir='ltr'>n.</span> <span class='ocrx_word' id='word_1_308' title='bbox 1655 3591 1705 3636; x_wconf 83' lang='lat'>4.</span> 
     </span>
    </p>

    <p class='ocr_par' dir='ltr' id='par_1_6' title="bbox 377 3668 2552 4331">
     <span class='ocr_line' id='line_1_32' title="bbox 443 3668 2546 3739; baseline -0.002 -17"><span class='ocrx_word' id='word_1_309' title='bbox 443 3675 525 3739; x_wconf 79' lang='lat'>(2)</span> <span class='ocrx_word' id='word_1_310' title='bbox 561 3674 618 3722; x_wconf 81' lang='lat' dir='ltr'>S.</span> <span class='ocrx_word' id='word_1_311' title='bbox 641 3674 928 3737; x_wconf 79' lang='lat' dir='ltr'>Alphonsus</span> <span class='ocrx_word' id='word_1_312' title='bbox 948 3674 1120 3723; x_wconf 88' lang='lat' dir='ltr'>Theol.</span> <span class='ocrx_word' id='word_1_313' title='bbox 1144 3674 1315 3721; x_wconf 89' lang='lat' dir='ltr'>Moral.</span> <span class='ocrx_word' id='word_1_314' title='bbox 1337 3674 1370 3721; x_wconf 86' lang='lat' dir='ltr'>l.</span> <span class='ocrx_word' id='word_1_315' title='bbox 1385 3673 1453 3721; x_wconf 79' lang='lat' dir='ltr'>iii.</span> <span class='ocrx_word' id='word_1_316' title='bbox 1474 3690 1526 3721; x_wconf 89' lang='lat' dir='ltr'>n.</span> <span class='ocrx_word' id='word_1_317' title='bbox 1549 3676 1665 3722; x_wconf 79' lang='lat'>603.</span> <span class='ocrx_word' id='word_1_318' title='bbox 1730 3671 1983 3720; x_wconf 78' lang='lat' dir='ltr'>Consonat</span> <span class='ocrx_word' id='word_1_319' title='bbox 1999 3669 2239 3719; x_wconf 82' lang='lat' dir='ltr'>Kentius:</span> <span class='ocrx_word' id='word_1_320' title='bbox 2278 3678 2307 3700; x_wconf 78' lang='lat'>‘¹</span> <span class='ocrx_word' id='word_1_321' title='bbox 2326 3668 2546 3717; x_wconf 87' lang='lat' dir='ltr'>Another</span> 
     </span>
     <span class='ocr_line' id='line_1_33' title="bbox 377 3751 2551 3823; baseline -0.001 -15"><span class='ocrx_word' id='word_1_322' title='bbox 377 3758 592 3809; x_wconf 80' lang='lat' dir='ltr'>instance</span> <span class='ocrx_word' id='word_1_323' title='bbox 617 3760 676 3808; x_wconf 88' lang='lat' dir='ltr'>of</span> <span class='ocrx_word' id='word_1_324' title='bbox 699 3758 988 3823; x_wconf 79' lang='lat' dir='ltr'>acquisition</span> <span class='ocrx_word' id='word_1_325' title='bbox 1007 3760 1072 3822; x_wconf 84' lang='lat' dir='ltr'>by</span> <span class='ocrx_word' id='word_1_326' title='bbox 1095 3774 1389 3821; x_wconf 82' lang='lat' dir='ltr'>occupancy,</span> <span class='ocrx_word' id='word_1_327' title='bbox 1409 3758 1575 3807; x_wconf 83' lang='lat' dir='ltr'>which</span> <span class='ocrx_word' id='word_1_328' title='bbox 1596 3757 1693 3805; x_wconf 82' lang='lat' dir='ltr'>still</span> <span class='ocrx_word' id='word_1_329' title='bbox 1714 3756 1865 3804; x_wconf 70' lang='lat' dir='ltr'>existe</span> <span class='ocrx_word' id='word_1_330' title='bbox 1885 3754 2039 3804; x_wconf 88' lang='lat' dir='ltr'>under</span> <span class='ocrx_word' id='word_1_331' title='bbox 2059 3751 2241 3803; x_wconf 84' lang='lat' dir='ltr'>certain</span> <span class='ocrx_word' id='word_1_332' title='bbox 2256 3754 2551 3813; x_wconf 68' lang='lat' dir='ltr'>limitatione,</span> 
     </span>
     <span class='ocr_line' id='line_1_34' title="bbox 377 3838 2552 3906; baseline 0 -15"><span class='ocrx_word' id='word_1_333' title='bbox 377 3844 420 3891; x_wconf 83' lang='lat' dir='ltr'>is</span> <span class='ocrx_word' id='word_1_334' title='bbox 443 3844 542 3893; x_wconf 85' lang='lat' dir='ltr'>that</span> <span class='ocrx_word' id='word_1_335' title='bbox 562 3844 621 3893; x_wconf 86' lang='lat' dir='ltr'>of</span> <span class='ocrx_word' id='word_1_336' title='bbox 639 3844 793 3905; x_wconf 89' lang='lat' dir='ltr'>goods</span> <span class='ocrx_word' id='word_1_337' title='bbox 813 3844 1027 3906; x_wconf 80' lang='lat' dir='ltr'>casually</span> <span class='ocrx_word' id='word_1_338' title='bbox 1050 3844 1144 3891; x_wconf 84' lang='lat' dir='ltr'>lost</span> <span class='ocrx_word' id='word_1_339' title='bbox 1163 3845 1225 3906; x_wconf 88' lang='lat' dir='ltr'>by</span> <span class='ocrx_word' id='word_1_340' title='bbox 1251 3844 1332 3891; x_wconf 88' lang='lat' dir='ltr'>the</span> <span class='ocrx_word' id='word_1_341' title='bbox 1354 3857 1532 3899; x_wconf 82' lang='lat' dir='ltr'>owner,</span> <span class='ocrx_word' id='word_1_342' title='bbox 1554 3840 1653 3889; x_wconf 85' lang='lat' dir='ltr'>and</span> <span class='ocrx_word' id='word_1_343' title='bbox 1674 3838 2011 3898; x_wconf 76' lang='lat' dir='ltr'>unreclaimed,</span> <span class='ocrx_word' id='word_1_344' title='bbox 2034 3856 2087 3888; x_wconf 89' lang='lat' dir='ltr'>or</span> <span class='ocrx_word' id='word_1_345' title='bbox 2106 3839 2385 3904; x_wconf 82' lang='lat' dir='ltr'>designedly</span> <span class='ocrx_word' id='word_1_346' title='bbox 2408 3842 2552 3891; x_wconf 80' lang='lat' dir='ltr'>aban-</span> 
     </span>
     <span class='ocr_line' id='line_1_35' title="bbox 379 3926 2551 3993; baseline 0 -17"><span class='ocrx_word' id='word_1_347' title='bbox 379 3928 529 3978; x_wconf 88' lang='lat' dir='ltr'>doned</span> <span class='ocrx_word' id='word_1_348' title='bbox 553 3932 619 3993; x_wconf 84' lang='lat' dir='ltr'>by</span> <span class='ocrx_word' id='word_1_349' title='bbox 643 3929 749 3979; x_wconf 83' lang='lat' dir='ltr'>him</span> <span class='ocrx_word' id='word_1_350' title='bbox 767 3946 780 3988; x_wconf 81' lang='lat'>3</span> <span class='ocrx_word' id='word_1_351' title='bbox 815 3929 914 3979; x_wconf 84' lang='lat' dir='ltr'>and</span> <span class='ocrx_word' id='word_1_352' title='bbox 935 3930 987 3979; x_wconf 89' lang='lat' dir='ltr'>in</span> <span class='ocrx_word' id='word_1_353' title='bbox 1007 3929 1124 3977; x_wconf 89' lang='lat' dir='ltr'>both</span> <span class='ocrx_word' id='word_1_354' title='bbox 1145 3930 1280 3977; x_wconf 81' lang='lat' dir='ltr'>these</span> <span class='ocrx_word' id='word_1_355' title='bbox 1301 3944 1435 3977; x_wconf 82' lang='lat' dir='ltr'>cases</span> <span class='ocrx_word' id='word_1_356' title='bbox 1458 3928 1573 3990; x_wconf 83' lang='lat' dir='ltr'>they</span> <span class='ocrx_word' id='word_1_357' title='bbox 1595 3927 1771 3987; x_wconf 85' lang='lat' dir='ltr'>belong</span> <span class='ocrx_word' id='word_1_358' title='bbox 1786 3931 1836 3973; x_wconf 86' lang='lat' dir='ltr'>to</span> <span class='ocrx_word' id='word_1_359' title='bbox 1849 3926 1932 3975; x_wconf 88' lang='lat' dir='ltr'>the</span> <span class='ocrx_word' id='word_1_360' title='bbox 1952 3926 2190 3977; x_wconf 75' lang='lat' dir='ltr'>fornmate</span> <span class='ocrx_word' id='word_1_361' title='bbox 2212 3927 2378 3976; x_wconf 88' lang='lat' dir='ltr'>finder.</span> <span class='ocrx_word' id='word_1_362' title='bbox 2448 3927 2551 3977; x_wconf 90' lang='lat' dir='ltr'>But</span> 
     </span>
     <span class='ocr_line' id='line_1_36' title="bbox 379 4012 2549 4078; baseline 0 -17"><span class='ocrx_word' id='word_1_363' title='bbox 379 4015 418 4061; x_wconf 87' lang='lat' dir='ltr'>it</span> <span class='ocrx_word' id='word_1_364' title='bbox 437 4014 477 4061; x_wconf 81' lang='lat' dir='ltr'>is</span> <span class='ocrx_word' id='word_1_365' title='bbox 495 4016 722 4078; x_wconf 84' lang='lat' dir='ltr'>requisite</span> <span class='ocrx_word' id='word_1_366' title='bbox 744 4016 850 4064; x_wconf 88' lang='lat' dir='ltr'>that</span> <span class='ocrx_word' id='word_1_367' title='bbox 870 4015 953 4063; x_wconf 89' lang='lat' dir='ltr'>the</span> <span class='ocrx_word' id='word_1_368' title='bbox 974 4015 1147 4063; x_wconf 84' lang='lat' dir='ltr'>former</span> <span class='ocrx_word' id='word_1_369' title='bbox 1169 4030 1331 4063; x_wconf 85' lang='lat' dir='ltr'>owner</span> <span class='ocrx_word' id='word_1_370' title='bbox 1347 4014 1470 4063; x_wconf 77' lang='lat' dir='ltr'>shall</span> <span class='ocrx_word' id='word_1_371' title='bbox 1483 4013 1607 4061; x_wconf 83' lang='lat' dir='ltr'>have</span> <span class='ocrx_word' id='word_1_372' title='bbox 1622 4013 1907 4077; x_wconf 84' lang='lat' dir='ltr'>completely</span> <span class='ocrx_word' id='word_1_373' title='bbox 1921 4012 2245 4075; x_wconf 80' lang='lat' dir='ltr'>relinquished</span> <span class='ocrx_word' id='word_1_374' title='bbox 2258 4013 2343 4061; x_wconf 82' lang='lat' dir='ltr'>the</span> <span class='ocrx_word' id='word_1_375' title='bbox 2356 4013 2549 4073; x_wconf 77' lang='lat' dir='ltr'>chattel,</span> 
     </span>
     <span class='ocr_line' id='line_1_37' title="bbox 378 4096 2545 4162; baseline 0 -18"><span class='ocrx_word' id='word_1_376' title='bbox 378 4096 530 4145; x_wconf 83' lang='lat' dir='ltr'>before</span> <span class='ocrx_word' id='word_1_377' title='bbox 551 4114 582 4147; x_wconf 79' lang='lat' dir='ltr'>a</span> <span class='ocrx_word' id='word_1_378' title='bbox 603 4099 785 4162; x_wconf 78' lang='lat' dir='ltr'>perfect</span> <span class='ocrx_word' id='word_1_379' title='bbox 804 4100 912 4149; x_wconf 84' lang='lat' dir='ltr'>title&#39;</span> <span class='ocrx_word' id='word_1_380' title='bbox 929 4099 1030 4148; x_wconf 84' lang='lat' dir='ltr'>will</span> <span class='ocrx_word' id='word_1_381' title='bbox 1052 4114 1222 4149; x_wconf 80' lang='lat' dir='ltr'>aecrue</span> <span class='ocrx_word' id='word_1_382' title='bbox 1243 4106 1292 4147; x_wconf 89' lang='lat' dir='ltr'>to</span> <span class='ocrx_word' id='word_1_383' title='bbox 1316 4098 1400 4147; x_wconf 88' lang='lat' dir='ltr'>the</span> <span class='ocrx_word' id='word_1_384' title='bbox 1420 4098 1605 4158; x_wconf 59' lang='lat' dir='ltr'>finden</span> <span class='ocrx_word' id='word_1_385' title='bbox 1639 4098 1825 4159; x_wconf 86' lang='lat' dir='ltr'>though</span> <span class='ocrx_word' id='word_1_386' title='bbox 1846 4099 1911 4147; x_wconf 88' lang='lat' dir='ltr'>he</span> <span class='ocrx_word' id='word_1_387' title='bbox 1944 4098 2048 4157; x_wconf 69' lang='lat' dir='ltr'>hae,</span> <span class='ocrx_word' id='word_1_388' title='bbox 2068 4098 2123 4147; x_wconf 89' lang='lat' dir='ltr'>in</span> <span class='ocrx_word' id='word_1_389' title='bbox 2144 4098 2227 4146; x_wconf 88' lang='lat' dir='ltr'>the</span> <span class='ocrx_word' id='word_1_390' title='bbox 2250 4111 2393 4147; x_wconf 79' lang='lat' dir='ltr'>mean·</span> <span class='ocrx_word' id='word_1_391' title='bbox 2412 4098 2545 4154; x_wconf 87' lang='lat' dir='ltr'>time,</span> 
     </span>
     <span class='ocr_line' id='line_1_38' title="bbox 377 4181 2549 4249; baseline -0.001 -18"><span class='ocrx_word' id='word_1_392' title='bbox 377 4200 410 4231; x_wconf 83' lang='lat' dir='ltr'>a</span> <span class='ocrx_word' id='word_1_393' title='bbox 429 4186 604 4247; x_wconf 81' lang='lat' dir='ltr'>special</span> <span class='ocrx_word' id='word_1_394' title='bbox 621 4190 848 4249; x_wconf 84' lang='lat' dir='ltr'>property</span> <span class='ocrx_word' id='word_1_395' title='bbox 869 4183 1110 4233; x_wconf 82' lang='lat' dir='ltr'>sufficient</span> <span class='ocrx_word' id='word_1_396' title='bbox 1132 4189 1182 4231; x_wconf 85' lang='lat' dir='ltr'>to</span> <span class='ocrx_word' id='word_1_397' title='bbox 1208 4182 1444 4231; x_wconf 82' lang='lat' dir='ltr'>maintain</span> <span class='ocrx_word' id='word_1_398' title='bbox 1465 4190 1620 4231; x_wconf 81' lang='lat' dir='ltr'>trover</span> <span class='ocrx_word' id='word_1_399' title='bbox 1658 4182 1847 4244; x_wconf 80' lang='lat' dir='ltr'>against</span> <span class='ocrx_word' id='word_1_400' title='bbox 1878 4198 2021 4247; x_wconf 82' lang='lat' dir='ltr'>every</span> <span class='ocrx_word' id='word_1_401' title='bbox 2038 4198 2212 4247; x_wconf 85' lang='lat' dir='ltr'>person</span> <span class='ocrx_word' id='word_1_402' title='bbox 2232 4184 2319 4230; x_wconf 91' lang='lat' dir='ltr'>but</span> <span class='ocrx_word' id='word_1_403' title='bbox 2341 4181 2423 4229; x_wconf 87' lang='lat' dir='ltr'>the</span> <span class='ocrx_word' id='word_1_404' title='bbox 2444 4187 2549 4229; x_wconf 84' lang='lat' dir='ltr'>true</span> 
     </span>
     <span class='ocr_line' id='line_1_39' title="bbox 379 4267 1936 4331; baseline -0.003 -12"><span class='ocrx_word' id='word_1_405' title='bbox 379 4271 583 4320; x_wconf 86' lang='lat' dir='ltr'>owner.&#39;’</span> <span class='ocrx_word' id='word_1_406' title='bbox 643 4268 820 4320; x_wconf 67' lang='lat' dir='ltr'>Kenffe</span> <span class='ocrx_word' id='word_1_407' title='bbox 847 4270 1041 4319; x_wconf 80' lang='lat' dir='ltr'>Gomm.</span> <span class='ocrx_word' id='word_1_408' title='bbox 1064 4269 1158 4317; x_wconf 90' lang='lat' dir='ltr'>vol.</span> <span class='ocrx_word' id='word_1_409' title='bbox 1179 4267 1229 4315; x_wconf 90' lang='lat' dir='ltr'>ii.</span> <span class='ocrx_word' id='word_1_410' title='bbox 1251 4274 1356 4331; x_wconf 79' lang='lat' dir='ltr'>part</span> <span class='ocrx_word' id='word_1_411' title='bbox 1377 4282 1422 4315; x_wconf 75' lang='lat' dir='ltr'>v-</span> <span class='ocrx_word' id='word_1_412' title='bbox 1444 4268 1532 4316; x_wconf 90' lang='lat' dir='ltr'>lec.</span> <span class='ocrx_word' id='word_1_413' title='bbox 1554 4267 1723 4317; x_wconf 78' lang='lat' dir='ltr'>xxxvi.</span> <span class='ocrx_word' id='word_1_414' title='bbox 1745 4284 1795 4317; x_wconf 90' lang='lat' dir='ltr'>n.</span> <span class='ocrx_word' id='word_1_415' title='bbox 1820 4270 1936 4317; x_wconf 80' lang='lat'>356.</span> 
     </span>
    </p>

    <p class='ocr_par' dir='ltr' id='par_1_7' title="bbox 449 4353 1274 4423">
     <span class='ocr_line' id='line_1_40' title="bbox 449 4353 1274 4423; baseline -0.001 -20"><span class='ocrx_word' id='word_1_416' title='bbox 449 4360 530 4423; x_wconf 85' lang='lat'>(3)</span> <span class='ocrx_word' id='word_1_417' title='bbox 567 4356 694 4405; x_wconf 87' lang='lat' dir='ltr'>Vide</span> <span class='ocrx_word' id='word_1_418' title='bbox 715 4354 958 4419; x_wconf 73' lang='lat' dir='ltr'>Lyonnet,</span> <span class='ocrx_word' id='word_1_419' title='bbox 977 4353 1068 4406; x_wconf 79' lang='lat' dir='ltr'>ubi</span> <span class='ocrx_word' id='word_1_420' title='bbox 1099 4368 1274 4421; x_wconf 72' lang='lat' dir='ltr'>supra.</span> 
     </span>
    </p>
   </div>
  </div>
 </body>
</html>
