3117 5217
475 576 555 631 ⁹8
831 571 945 631 DE
988 571 1253 632 FAMAE
1293 571 1411 631 ET
1452 569 1836 630 HONORIS
1880 566 2302 632 LAESIONE.

561 743 695 799 137.
738 739 855 806 Qui
893 739 1131 796 crimine
1166 737 1359 811 aliquo
1398 739 1630 814 publico
1667 738 1880 796 famam
1907 739 2116 804 amisit,
2151 757 2268 796 non
2303 747 2390 795 est
2431 737 2664 795 alterius

481 837 737 898 criminis
783 848 993 895 temere
1034 837 1404 904 incusandum
1446 839 1495 894 si
1548 837 1836 896 occultum
1877 838 1972 904 sit,
2019 847 2076 894 et
2112 855 2321 914 genere
2367 837 2438 892 ab
2487 837 2664 893 altero

476 937 785 996 diversum.
840 935 1123 994 Ebriosus
1150 953 1269 996 non
1294 945 1399 1004 est,
1428 937 1644 1008 absque
1671 953 1863 1005 causa,
1889 935 2044 1002 furti,
2073 935 2227 1008 quod
2253 937 2400 994 clam
2421 935 2664 993 ‘commi-

478 1037 573 1102 sit,
614 1037 801 1111 palam
827 1034 1185 1112 arguendust
1216 1035 1590 1112 impudicitiae
1626 1036 1805 1092 semel
1839 1053 1954 1104 rea,
2001 1053 2149 1106 quae,
2191 1042 2442 1092 tumente
2479 1043 2662 1100 utero,

480 1153 647 1194 suum
690 1132 939 1210 prodidit
976 1136 1213 1202 crimen,
1243 1152 1361 1194 non
1400 1143 1489 1191 est
1514 1133 1832 1192 accusanda
1871 1134 2038 1190 foems
2080 1134 2286 1209 prioris
2323 1131 2468 1190 clam
2497 1133 2666 1189 inter·

476 1233 631 1300 fecti,
676 1231 747 1290 de
789 1251 909 1306 quo
950 1233 1207 1309 plerique
1249 1233 1395 1292 nihil
1440 1233 1716 1309 suspicati
1762 1241 1914 1290 sunt.
1997 1232 2126 1290 Imo
2171 1231 2402 1289 alterius
2449 1232 2666 1306 peccati

479 1330 735 1408 ejusdem
778 1333 997 1408 speciei
1037 1333 1306 1392 revelatio
1351 1350 1467 1390 non
1512 1339 1602 1388 est
1633 1331 1797 1389 facile
1837 1329 2128 1398 facienda;
2175 1348 2308 1388 nam
2347 1331 2448 1402 qui
2483 1330 2664 1387 semel

475 1431 635 1488 visus
662 1440 750 1487 est
768 1429 957 1490 ebrius
982 1449 1101 1490 non
1126 1432 1255 1490 ideo
1274 1431 1485 1489 famam
1508 1431 1738 1506 penitus
1759 1430 1997 1486 amittit:
2027 1431 2078 1487 si
2104 1438 2290 1486 autem
2313 1430 2444 1502 quis
2464 1429 2670 1486 referat

476 1547 609 1587 eum
638 1530 748 1586 alia
770 1530 1073 1588 occasione
1100 1532 1317 1589 ebrium
1344 1529 1543 1597 fuisse,
1580 1529 1704 1605 jam
1743 1529 2066 1586 censebitur
2103 1526 2517 1586 consuetudine
2545 1528 2667 1584 vitii

477 1627 749 1686 laborare.
837 1629 1049 1702 Liquet
1072 1629 1281 1688 samam
1310 1648 1427 1688 non
1464 1645 1700 1686 omnem
1727 1628 1914 1684 statim
1941 1627 2192 1693 interire,
2221 1627 2322 1684 sed
2365 1645 2470 1702 pro
2495 1624 2668 1682 delic-

478 1737 665 1788 torum
693 1745 931 1786 numero
956 1737 1017 1786 et
1038 1729 1329 1804 gravitate.

564 1830 697 1882 138.
743 1827 983 1884 Publica
1022 1827 1301 1884 habentur
1332 1826 1572 1884 crimina
1613 1825 1806 1882 omnia
1837 1840 1962 1896 quae
1985 1824 2210 1902 judicio
2235 1826 2472 1900 probata
2507 1831 2660 1888 sunt,

479 1925 617 1982 licet
654 1943 769 1982 non
798 1924 1007 1981 fuerint
1031 1926 1218 1982 statim
1246 1925 1552 1999 divulgata,
1579 1923 1729 2002 jure
1755 1925 1972 1998 quippe
2011 1924 2237 2000 publica
2275 1933 2427 1981 sunt.
2513 1921 2666 1978 Pub-

480 2022 591 2079 lica
629 2030 761 2078 sunt
776 2019 977 2100 facta,
1006 2039 1111 2079 seu
1139 2024 1348 2099 reipsa,
1378 2039 1506 2095 quat
1534 2041 1726 2080 coram
1769 2023 1962 2079 multis
1989 2031 2205 2098 patrata
2241 2031 2396 2088 sunt,
2425 2019 2570 2077 adeo
2605 2028 2669 2076 ut

479 2119 637 2178 nulla
660 2119 1123 2196 tergiversatione
1148 2122 1321 2180 celari
1348 2123 1591 2198 possint.
1675 2121 1844 2178 Talia
1885 2130 2018 2178 sunt
2061 2121 2256 2178 omnia
2287 2139 2414 2193 quae
2456 2119 2515 2175 in
2539 2118 2668 2175 loco

477 2218 707 2296 publico
736 2218 918 2294 palam
946 2228 1163 2295 patrata
1188 2233 1341 2289 sunt,
1372 2220 1463 2278 vel
1488 2239 1618 2292 quae
1647 2220 1784 2276 alias
1813 2238 1875 2274 se
1905 2220 2078 2277 veluti
2112 2219 2376 2294 produnt.

564 2321 699 2375 139.
741 2319 1101 2378 Privatorum
1144 2320 1365 2376 utilitati
1400 2328 1553 2376 recte
1593 2317 1906 2376 consulitur
1931 2318 2156 2376 occulta
2198 2319 2438 2395 alicujus
2463 2315 2669 2374 delicta

478 2414 817 2491 detegendo,
845 2426 1074 2492 praestat
1104 2418 1263 2473 ‘enim
1304 2419 1661 2475 innotescere
1699 2417 1782 2473 rei
1823 2415 2048 2481 delicta,
2077 2435 2248 2488 quam
2278 2429 2342 2474 ut
2375 2417 2668 2474 innocenti

476 2515 751 2573 inferatur
786 2513 1077 2572 damnum.
1162 2515 1261 2572 Sic
1290 2517 1547 2592 juvenis,
1585 2516 1683 2587 qui
1720 2515 1972 2591 puellam
2013 2517 2250 2580 vitiavit,
2291 2516 2508 2572 crimen
2540 2514 2670 2589 jure

477 2615 698 2689 optimo
735 2613 1016 2690 detegitur
1050 2614 1197 2690 patri
1238 2615 1467 2674 alterius
1508 2614 1716 2691 puellae
1755 2631 1929 2686 quam
1971 2615 2195 2671 invisit:
2245 2615 2446 2672 scribae
2491 2612 2668 2679 fraus,

480 2712 572 2769 vel
597 2712 829 2780 furtum,
860 2723 1009 2770 recte
1048 2714 1331 2772 revelatur
1370 2714 1694 2779 mercatori,
1720 2714 1824 2783 qui
1865 2713 2004 2769 alias
2046 2731 2314 2788 magnum
2348 2712 2514 2771 facile
2549 2729 2672 2768 sus-

480 2811 679 2869 tinebit
702 2811 1105 2868 detrimentum
1136 2811 1217 2868 illi
1242 2811 1473 2876 fidendo
1496 2831 1511 2868 ε
1543 2811 1770 2868 famulae
1791 2811 2034 2867 ebrietas
2062 2809 2375 2869 declaratur
2401 2810 2668 2874 dominae,

477 2927 553 2966 ne
578 2908 951 2966 incendantur
976 2907 1127 2962 oedes
1157 2925 1260 2966 sua
1286 2909 1654 2986 negligentia,
1685 2909 1774 2966 vel
1812 2908 1967 2966 aliud
2001 2910 2212 2967 oriatur
2247 2911 2668 2968 detrimentum.

484 3014 524 3041 ‘⁴
549 3005 614 3062 Si
660 3003 958 3076 quidem,'’
1004 3005 1189 3077 inquit
1232 3007 1297 3064 S.
1344 3007 1629 3074 Thomas,
1680 3009 1909 3065 “verba
1944 3027 2048 3084 per
2086 3026 2210 3080 quae
2246 3009 2404 3067 fama
2442 3009 2670 3066 alterius

482 3103 833 3170 diminuitur,
860 3103 1111 3180 proferat
1135 3105 1341 3177 aliquis
1372 3119 1606 3184 propter
1631 3107 1859 3178 aliquod
1896 3108 2110 3165 bonum
2135 3107 2228 3163 vel
2268 3107 2670 3172 necessarium,

482 3201 691 3259 debitis
718 3203 1155 3261 circumstantiis
1184 3205 1518 3288 observatis,
1548 3223 1664 3263 non
1703 3215 1793 3262 est
1829 3215 2145 3280 peccatum,
2186 3225 2292 3264 nec
2331 3217 2520 3282 potest
2555 3206 2671 3262 dici

388 3325 395 3334 ‘
482 3295 850 3358 detracti0.”²

566 3401 699 3455 140.
742 3399 811 3456 In
831 3397 1051 3476 judicio
1078 3401 1275 3457 omnia
1302 3413 1544 3476 possunt
1569 3402 1758 3478 detegi
1786 3421 1912 3474 quae
1941 3403 2009 3460 ad
2037 3402 2295 3460 ordinem
2331 3404 2478 3481 juris
2499 3405 2668 3478 perti-

478 3508 638 3566 nent,
666 3507 725 3556 et
750 3499 819 3558 ad
847 3508 999 3555 recte
1016 3497 1391 3574 judicandum
1414 3503 1796 3575 requiruntur.
1865 3501 2088 3559 Idcirco
2109 3512 2166 3559 et
2191 3503 2419 3567 testium
2447 3503 2670 3560 occulta

481 3599 685 3658 delicta
709 3619 839 3673 quae
864 3615 1063 3656 eorum
1092 3597 1265 3656 fidem
1292 3599 1523 3660 dubiam
1552 3601 1784 3667 faciunt,
1813 3600 1948 3658 licet
1984 3619 2295 3676 exponere.
2381 3601 2668 3658 Caeterum

480 3696 625 3757 nihil
652 3712 865 3756 temere
892 3707 979 3755 est
1006 3697 1428 3772 proferendum,
1447 3700 1696 3772 ideoque
1723 3711 1926 3774 peccat
1951 3702 2048 3772 qui
2071 3715 2197 3771 quae
2218 3699 2364 3757 nihil
2384 3701 2670 3776 pertinent

484 3797 555 3854 ad
584 3816 837 3864 causam,
864 3813 995 3855 cum
1027 3796 1193 3854 samae
1220 3798 1461 3874 aliorum
1488 3799 1700 3858 damno
1721 3799 1780 3856 in
1808 3799 2060 3856 medium
2089 3799 2336 3856 adducit.
2421 3798 2667 3864 Quando

472 3894 685 3970 judicis
708 3897 988 3952 sententia
1012 3913 1146 3950 reus
1176 3900 1305 3966 quis
1325 3899 1612 3974 judicatus
1633 3907 1737 3964 est,
1759 3899 1858 3974 jus
1876 3897 2066 3954 amisit
2087 3898 2156 3954 ad
2179 3898 2408 3964 famam,
2439 3897 2671 3954 interest

478 3992 633 4048 enim
657 3992 789 4048 boni
806 3993 1129 4050 communis
1156 4005 1220 4049 ut
1238 4014 1367 4052 reus
1390 3999 1740 4055 innotescat:
1771 3995 1902 4053 ideo
1929 3995 2198 4053 detractio
2227 4014 2342 4052 non
2363 3995 2671 4054 admittitur

450 4091 603 4166 -ejus
630 4089 927 4148 referendo
954 4091 1193 4147 crimen.
1264 4091 1530 4150 Charitas
1558 4109 1746 4152 tamen
1771 4094 1974 4153 suadet
1997 4105 2060 4151 ut
2085 4094 2394 4167 aliquando
2421 4095 2669 4152 celetur:

476 4205 546 4244 v:
571 4206 609 4263 g
630 4207 643 4244 ε
676 4188 723 4244 si
736 4206 770 4244 e
790 4206 1013 4244 carcere
1034 4187 1303 4248 liberatus
1325 4191 1383 4247 in
1399 4192 1768 4268 longinquam
1785 4195 2080 4269 regionem
2099 4211 2161 4250 se
2177 4194 2497 4260 contulerit,
2515 4204 2573 4251 et
2591 4194 2670 4250 ibi

464 4296 689 4344 mutato
719 4287 947 4343 nomine
975 4285 1288 4355 delitescat,
1316 4289 1591 4347 industria
1616 4301 1672 4348 et
1700 4293 1976 4366 probitate
2000 4291 2457 4351 commendatus.

1100 4473 1186 4538 (1)
1226 4472 1273 4520 2.
1297 4475 1344 4521 2.
1367 4488 1449 4537 qu.
1470 4473 1629 4523 lxxiii.
1652 4481 1738 4523 art.
1761 4474 1810 4522 ii.
1879 4475 2040 4542 Resp.
2138 4541 2146 4548 .
2200 4434 2212 4442 -
