3117 5217
1110 595 1223 654 DE
1268 597 1857 657 RESTITUTION
1863 599 1939 657 E.
2499 603 2610 658 113

424 770 545 817 tum
566 759 835 820 damnum
862 757 1293 837 reparandum.¹
1374 762 1628 840 Legibus
1656 765 1946 840 plerisque
1975 763 2348 832 Amet-icauna
2378 768 2528 824 sicut
2553 775 2612 824 et

424 860 665 935 Anglica
688 860 838 936 lege,
882 861 1187 918 animantia
1224 861 1492 920 damnum
1532 862 1834 920 inferentia
1871 864 2202 931 retinentur,
2251 863 2433 923 donec
2469 864 2608 923 laeso

424 959 677 1026 satisfiat,
726 970 783 1015 et
825 959 1053 1034 publica
1098 960 1421 1018 auctoritate
1468 961 1808 1028 venduntur,
1857 963 1909 1019 si
1949 960 2216 1020 dominus
2259 963 2509 1039 negligat
2545 983 2614 1022 ea

424 1050 759 1128 redimere.²
838 1057 1011 1123 Quod
1050 1059 1102 1114 si
1139 1057 1337 1132 praedii
1376 1059 1644 1116 dominus
1686 1060 1813 1136 sepi
1847 1059 2106 1136 legitimo
2135 1057 2276 1118 illud
2321 1061 2612 1120 includere

421 1157 697 1223 omiserit,
740 1155 884 1213 nihil
922 1164 1112 1232 potest
1143 1174 1479 1232 recuperare
1502 1152 1549 1214 :³
1589 1158 1693 1216 sed
1739 1160 1866 1234 ipse
1908 1159 2186 1217 tenebitur
2229 1156 2298 1216 ad
2338 1159 2612 1219 damnum

416 1253 817 1329 reparandum,
846 1255 895 1311 si
922 1253 1132 1312 animal
1160 1255 1557 1322 vulneraverit,
1587 1258 1677 1314 vel
1703 1251 2026 1314 occiderit.⁴
2111 1257 2254 1314 Haec
2283 1261 2612 1331 aequissima

415 1361 586 1420 sunt3
630 1353 734 1410 sed
776 1361 965 1410 utrum
992 1353 1109 1410 vim
1136 1353 1429 1410 obtineant
1454 1365 1582 1412 ante
1617 1354 1832 1432 judicis
1877 1357 2214 1412 sententiam
2242 1355 2608 1434 disceptatur.

424 1451 623 1509 Nemo
664 1450 899 1523 quidem
944 1453 1005 1508 in
1048 1451 1399 1510 conscientia
1436 1452 1642 1530 ligatus
1689 1453 1912 1512 videtur
1949 1454 2020 1511 ad
2058 1455 2371 1530 reparanda
2409 1456 2616 1515 damna

422 1569 553 1623 quae
580 1549 884 1607 animantia
922 1568 1046 1618 sua,
1087 1550 1242 1608 nulla
1278 1550 1498 1609 domini
1536 1553 1732 1628 culpa,
1763 1552 2106 1610 intulerunt:
2149 1553 2266 1609 imo
2303 1571 2408 1610 nec
2435 1555 2505 1612 ad
2546 1573 2616 1613 ea

423 1667 549 1720 quae
587 1649 778 1721 ali—qua
816 1649 906 1706 sui
944 1648 1293 1726 negligentia
1332 1651 1708 1727 contigerunt,
1749 1651 1862 1708 nisi
1903 1648 2220 1726 praevidens
2263 1669 2330 1708 ea
2368 1652 2614 1712 noluerit

423 1746 723 1822 impedire,
754 1757 887 1806 tunc
914 1749 1069 1806 enim
1098 1765 1297 1806 eorum
1325 1757 1521 1806 auctor
1544 1747 1748 1808 merito
1775 1748 2031 1807 habetur.

1074 1967 1125 2042 §.
1154 1967 1263 2025 IV.
1307 1967 1403 2026 ΒΕ
1433 1985 1948 2027 coornnAN‘rmns.

522 2155 657 2208 182.
698 2149 1118 2228 cooperanteS,
1147 2153 1333 2210 silicet
1358 2154 1457 2226 qui
1498 2172 1734 2229 operam
1773 2153 2061 2212 efficacem
2089 2153 2444 2227 aliquatenus
2473 2173 2614 2230 proe-

424 2252 562 2308 bent
586 2251 783 2308 alienae
811 2251 1033 2328 injuriae
1059 2251 1393 2310 restituendi
1434 2253 1596 2310 oneri
1621 2253 1930 2329 subjacent.
2017 2253 2247 2310 Novem
2276 2253 2613 2328 plerumque

424 2359 791 2407 recensentur
810 2351 1229 2427 cooperationis
1259 2351 1436 2420 modi,
1465 2369 1712 2427 nempe:
2129 2345 2135 2351 ’

758 2505 788 2554 J
790 2506 939 2565 ussio,
960 2507 1233 2566 consilium,
1254 2523 1535 2566 consensus,
1555 2507 1716 2570 palpo,
1735 2522 1971 2564 remusus,

759 2587 1075 2652 Participans,
1098 2596 1281 2647 mutus,
1303 2605 1405 2636 non
1428 2590 1638 2647 obstans,
1659 2604 1762 2637 non
1783 2588 2111 2636 manifestans.

504 2739 639 2793 183.
706 2727 941 2804 masio,
994 2755 1099 2794 seu
1150 2716 1509 2795 mandatum³
1560 2734 1962 2811 obligationem
2003 2734 2340 2793 restituendi
2395 2734 2616 2794 inducit

424 2833 650 2906 quando
691 2836 967 2892 mandans
1008 2835 1315 2892 efficaciter
1354 2843 1549 2894 movet
1589 2835 1765 2892 alium
1810 2833 1881 2891 ad
1911 2831 2280 2891 ‘inferendum
2317 2835 2608 2903 damnum,

420 2933 540 2991 sive
568 2934 845 3010 explicito
872 2943 1178 3009 praecepto,
1208 2934 1331 2990 sive
1357 2935 1660 3009 implicito.
1719 2933 1784 2990 Si
1816 2933 2042 3010 gravius
2069 2932 2346 2992 damnum
2391 2933 2610 2993 oriatur

427 3049 499 3089 eo
538 3033 691 3105 quod
734 3031 1011 3091 mandans
1038 3031 1397 3108 inferendum
1438 3033 1637 3100 voluit,
1669 3031 1825 3104 quod
1863 3041 2052 3089 tamen
2097 3033 2370 3090 oriturum
2413 3035 2614 3108 praevi·

426 3128 561 3188 dere
589 3141 824 3208 poterat,
854 3130 995 3189 illud
1020 3149 1281 3206 reparare
1310 3130 1495 3198 debet,
1518 3131 1628 3188 etsi
1653 3145 1850 3202 contra
1875 3131 2000 3207 ejus
2027 3130 2375 3190 voluntatem
2403 3139 2462 3188 et
2484 3148 2612 3206 pro-

424 3229 761 3290 hibitionem
788 3231 1076 3288 evenerit:
1120 3248 1191 3287 v:
1222 3249 1294 3306 g:
1338 3231 1388 3287 si
1414 3230 1752 3306 praeceperit
1786 3241 1850 3288 ut
1887 3229 2095 3302 aliquis
2133 3231 2377 3306 graviter
2414 3247 2611 3304 percu-

420 3337 632 3388 teretur
656 3330 827 3397 fuste,
858 3347 1029 3402 quem
1050 3330 1199 3388 mori
1228 3327 1357 3386 inde
1378 3329 1686 3406 contingat,
1712 3329 1990 3387 mandans
2010 3328 2297 3386 homicida
2315 3329 2574 3387 habetur.
2589 3321 2614 3356 ⁶

430 3426 546 3493 Qui
570 3429 900 3487 mandatum
926 3438 1155 3486 revocat
1180 3435 1387 3500 quanta
1414 3429 1600 3486 valeat
1625 3429 1951 3486 auctoritate
1977 3435 2278 3498 antequam
2305 3426 2447 3484 illud
2474 3427 2614 3483 alter

425 3538 701 3586 executus
728 3528 915 3594 suerit,
946 3528 1015 3583 ab
1056 3545 1229 3584 onere
1269 3526 1604 3589 restituendi
1641 3525 2026 3590 excusabitur,
2055 3543 2234 3594 quum
2274 3524 2368 3581 hic
2407 3541 2482 3582 ex
2509 3541 2612 3580 sua

423 3635 640 3683 tantum
664 3624 898 3692 malitia,
925 3643 1052 3700 non!
1070 3627 1126 3682 vi
1165 3625 1413 3683 mandati
1456 3643 1622 3702 agere
1663 3634 1980 3682 censeatur.
2066 3621 2253 3686 Quod*
2275 3622 2323 3677 si
2359 3619 2611 3678 mandati

422 3725 707 3782 revocatio
734 3742 851 3784 non
877 3725 1203 3791 innotuerit,
1232 3723 1508 3782 mandans
1536 3723 1724 3781 adhuc
1751 3720 2050 3786 tenebitur,
2078 3737 2212 3808 nam
2239 3717 2510 3776 damnum
2537 3737 2612 3776 ex

424 3822 691 3881 mandato
718 3823 1000 3898 provenit.
1084 3823 1202 3890 Qui
1242 3833 1424 3880 ratum
1463 3822 1717 3880 habetet
1753 3818 1955 3895 probat
1980 3815 2249 3874 damnum
2289 3819 2380 3876 sui
2417 3835 2608 3884 causa,

493 4010 573 4072 (1)
614 4008 737 4072 cap,
762 4008 822 4058 Si
843 4006 1011 4075 culpa,
1035 4010 1066 4056 9
1089 4008 1151 4056 de
1172 4006 1363 4072 injuriis
1384 4012 1433 4054 et
1452 4005 1633 4054 damno
1654 4003 1780 4054 dato.

498 4094 582 4158 (2)
627 4092 749 4140 Vide
769 4092 943 4154 Digest
962 4092 1020 4143 of
1044 4092 1164 4140 lawe
1186 4089 1244 4138 of
1268 4089 1397 4138 New
1418 4088 1607 4151 Jersey,
1625 4093 1712 4138 art.
1735 4087 1936 4145 Fauces,
1961 4090 2006 4145 ς.
2027 4086 2112 4135 xii.

498 4179 582 4244 (3)
621 4177 821 4238 Ibidem,
844 4182 891 4237 ξ.
912 4193 963 4226 x.
1656 4175 1742 4240 (4)
1780 4173 1980 4232 Ibidem,
2004 4176 2050 4232 ἐ.
2071 4172 2140 4222 xi.

497 4262 582 4326 (5)
622 4261 895 4322 Distinguit
932 4261 1036 4309 haee
1078 4258 1310 4309 Jeremias
1348 4257 1563 4321 Taylor.:
1600 4265 1630 4290 “
1649 4255 1956 4307 Mandatum
1997 4255 2040 4305 is
2079 4261 2306 4316 amongst
2346 4256 2512 4318 equals
2543 4255 2609 4318 by

424 4344 638 4406 bidding,
660 4346 1002 4408 encouraging‚
1028 4343 1336 4404 warranting,
1359 4342 1455 4391 and
1490 4341 1670 4404 setting
1701 4358 1781 4390 on.
1806 4375 1818 4390 .
1843 4375 1856 4389 .
1877 4339 2050 4391 Juseio
2081 4339 2124 4388 is
2156 4340 2278 4388 from
2312 4339 2526 4402 superior
2558 4343 2609 4386 to

425 4428 634 4488 inferim,
657 4429 811 4478 father
832 4437 882 4478 to
904 4444 1009 4487 son,
1032 4435 1210 4478 master
1230 4434 1281 4476 to
1302 4425 1539 4476 servant?
1587 4425 1772 4476 Ductor
1793 4424 2151 4482 Dubitantium,
2173 4423 2204 4471 l.
2226 4422 2290 4470 iv.
2313 4435 2356 4470 c.
2373 4421 2404 4469 i.
2428 4437 2475 4484 p.
2492 4422 2608 4468 458.

498 4516 585 4582 (6)
626 4513 753 4579 Cap.
774 4515 862 4565 ult.
884 4513 943 4566 de
966 4513 1194 4565 homicid.
1216 4514 1270 4564 in
1293 4514 1339 4561 6.

1464 4595 1492 4648 l
1506 4595 1531 4648 l
1543 4595 1576 4628 ¹*
