3117 5217
886 568 1001 630 RE
1043 565 1530 642 PRAECEPTO
1571 566 2092 629 OHARITATE.
2309 620 2312 625 .
2467 570 2588 627 299

420 742 459 768 ‘⁶
487 732 681 791 Homo
708 733 865 791 nullo
888 731 1297 807 unquam'vitae
1325 753 1443 793 suae
1472 743 1730 811 tempore
1755 743 1973 793 tenetur
1997 735 2201 792 elicere
2223 742 2405 791 actum
2434 732 2589 801 fidei,

420 834 567 907 spei,
594 841 652 889 et
675 831 980 900 charitatiS,
1010 852 1084 891 ex
1110 835 1166 891 vi
1194 842 1606 909 praeceptorum
1634 833 1954 893 divinorum
1984 832 2053 890 ad
2081 850 2180 890 eas
2202 833 2438 889 virtutes
2465 848 2590 907 per-

418 926 815 989 tinentium-”¹
857 939 895 966 ‘⁴
918 931 1215 989 Probabile
1244 941 1333 989 est
1358 951 1431 990 ne
1460 932 1700 1007 singulis
1729 931 1961 1003 quidem
1987 932 2241 1007 rigorose
2269 931 2589 1003 quinquen-

420 1030 531 1086 niis
559 1048 662 1105 per
686 1047 749 1085 se
776 1029 1025 1105 obligare
1052 1040 1398 1106 praeeeptum
1438 1029 1724 1087 charitatis
1763 1048 1896 1105 erga
1936 1024 2228 1105 Deume’2
2307 1027 2599 1101 Equidem

419 1125 568 1184 certo
596 1127 762 1183 statui
783 1127 979 1199 nequit
1004 1128 1227 1200 quoties
1255 1125 1588 1199 dilectionis-
1605 1137 1760 1184 aetus
1789 1128 2098 1191 eliciendus
2123 1128 2235 1194 sit3
2280 1126 2385 1184 sed
2409 1128 2588 1198 liquet

421 1243 554 1282 eum
583 1226 968 1283 necessarium
998 1244 1126 1283 esse
1152 1225 1221 1283 ad
1248 1228 1485 1301 gratiam
1515 1226 1951 1297 assequendam,
1991 1225 2216 1297 quando
2255 1243 2478 1283 sacrum
2506 1244 2597 1281 ce-

421 1322 759 1381 lebrandum
786 1332 893 1389 est,
925 1324 1015 1381 vei
1042 1324 1388 1381 eucharistia
1414 1324 1799 1400 suscipienda,
1829 1325 2038 1395 absque
2060 1325 2224 1399 copia
2244 1323 2594 1381 confessarii.

426 1422 575 1478 Sunt
599 1421 768 1477 etiam
799 1422 1167 1479 vehementes
1194 1424 1533 1480 tentationes
1563 1441 1687 1493 quae
1730 1423 1868 1479 alias
1895 1423 2150 1497 superari
2177 1431 2501 1507 nequeunt3
2543 1431 2602 1479 et

427 1522 485 1576 in
513 1518 708 1577 mortis
749 1519 1077 1578 discrimine
1121 1504 1339 1578 videtur
1379 1522 1616 1579 omnino
1643 1539 1899 1587 necesse,
1939 1529 2002 1577 ut
2025 1520 2220 1587 homo,
2265 1529 2380 1577 toto
2423 1521 2600 1577 animi

426 1620 575 1684 nisu,
605 1617 797 1674 Deum
825 1618 1210 1694 amplectatur,
1239 1627 1297 1675 et
1321 1620 1533 1695 diligat.

504 1722 603 1775 77.
649 1710 857 1773 Gravis
884 1718 1102 1792 peccati
1128 1726 1321 1775 contra
1364 1717 1691 1774 charitatem
1732 1735 1859 1774 reus
1900 1725 2006 1783 est,
2035 1718 2134 1789 qui
2161 1715 2374 1788 aliquid
2400 1715 2602 1773 divinae

429 1814 687 1871 amicitioe
715 1814 969 1871 antefert.
1055 1815 1116 1872 N
1120 1833 1195 1871 on
1222 1823 1431 1873 temere
1474 1824 1659 1875 autem
1695 1814 2068 1892 judicandum
2107 1812 2176 1870 de
2211 1832 2281 1871 eo
2310 1814 2409 1885 qui
2434 1813 2604 1871 vehe-

428 1914 605 1970 menti
630 1921 685 1968 et
726 1908 916 1971 tenero
959 1912 1162 1970 affectu
1204 1914 1263 1971 in
1306 1914 1574 1985 aliquem,
1621 1932 1792 1985 quem
1831 1913 1964 1970 licet
2000 1910 2256 1987 diligere,
2301 1912 2510 1969 fertur:
2554 1914 2603 1969 si

428 2012 579 2067 enim
610 2010 759 2068 nolit.
773 2011 887 2069 Dei
913 2011 1123 2068 violare
1151 2012 1339 2089 legem
1379 2030 1742 2083 quocumque
1782 2012 1842 2067 in
1868 2028 2055 2068 rerum
2082 2019 2310 2078 eventu,
2338 2012 2504 2068 etiam
2535 2011 2604 2068 ad

432 2110 613 2165 amico
653 2107 1101 2186 gratificandum,
1146 2109 1381 2166 affectus
1422 2109 1772 2167 inordinatus
1811 2128 1925 2166 non
1968 2117 2072 2175 est,
2115 2110 2374 2181 quamvis
2415 2108 2604 2165 forsan

435 2204 585 2263 haud
612 2217 773 2264 vacet
798 2206 1073 2283 periculo·
1159 2208 1350 2265 Deum
1380 2209 1594 2283 quippe
1636 2225 1764 2263 vere
1795 2216 1961 2273 amat,
1987 2208 2106 2278 qui,
2136 2208 2342 2265 mentis
2363 2206 2606 2284 judici0,

433 2314 488 2361 et
532 2306 709 2362 animi
760 2308 1073 2381 proposit0,
1128 2308 1251 2383 ejus
1304 2306 1647 2364 voluntatem
1701 2306 1917 2362 caeteris
1969 2306 2234 2363 omnibus
2282 2307 2608 2381 anteponit;

438 2403 696 2474 quamvis
724 2403 998 2461 intensius
1026 2404 1231 2461 feratur
1254 2405 1314 2460 in
1355 2422 1445 2461 res
1489 2406 1753 2462 sensibus
1795 2404 2078 2481 objectas:
2121 2406 2268 2461 sicut
2310 2415 2485 2463 mater
2527 2405 2610 2462 in-

436 2501 645 2558 fantem
674 2499 873 2577 diligit.
959 2499 1247 2557 Caeterum
1283 2512 1520 2559 conatus
1563 2503 1750 2558 omnis
1792 2501 2142 2559 adhibendus
2169 2512 2273 2569 est,
2305 2514 2366 2559 ut
2392 2504 2608 2577 impetu

438 2601 608 2657 etiam
630 2599 803 2655 animi
830 2600 887 2657 in
917 2599 1115 2657 Deum
1137 2592 1435 2657 feramur.³
1512 2600 1760 2675 Insuper
1798 2598 2045 2655 studium
2084 2619 2253 2657 omne
2283 2600 2612 2676 ponendum

438 2709 544 2765 est,
584 2708 646 2755 ut
670 2696 959 2773 diligendo
986 2716 1055 2755 eo
1085 2696 1336 2771 quotidie
1362 2697 1762 2773 proficiamus3
1803 2715 1910 2753 nec
1955 2699 2110 2755 enim
2151 2700 2357 2769 cuique
2402 2700 2459 2756 in
2506 2699 2614 2755 hac

441 2798 553 2853 vita
577 2795 757 2853 videri
782 2796 950 2855 debet
974 2816 1035 2853 se
1064 2806 1347 2873 praecepto
1374 2796 1566 2855 Deum
1607 2796 1882 2873 diligendi
1923 2814 1998 2853 ex
2029 2806 2154 2855 ‚toto
2181 2796 2370 2875 corde,
2401 2806 2610 2863 mente,

440 2896 649 2961 anima,
681 2896 1008 2979 viribusque
1034 2894 1403 2952 satisfecisse.
1495 2970 1499 2974 ,
1610 2955 1617 2961 ,

518 2997 617 3051 78.
663 2992 1019 3051 Gravissima
1046 3002 1242 3049 contra
1267 2992 1590 3051 charitatem
1615 3003 1811 3069 peccat
1831 2993 1927 3064 qui
1948 2992 2138 3051 Deum
2167 2993 2302 3060 odit,
2328 3002 2610 3066 tamquam

444 3090 736 3148 dominum
777 3090 1081 3158 duriorem,
1113 3091 1483 3169 judicemque
1526 3101 1833 3159 austerum,
1880 3082 2155 3152 scelerum
2197 3093 2435 3149 nimium
2476 3092 2617 3150 ulto-

441 3208 582 3248 rem.
623 3186 769 3248 'Non
790 3200 975 3248 autem
997 3190 1186 3248 Deum
1213 3189 1402 3247 odisse
1423 3190 1697 3247 dicendus
1719 3200 1826 3257 est,
1851 3191 1950 3263 qui
1965 3174 2140 3249 'taedio
2164 3190 2410 3263 quodam
2440 3192 2616 3249 animi

443 3308 590 3365 aegre
619 3289 724 3347 fert
748 3308 875 3362 quae
901 3289 1301 3365 cupiditatibus
1328 3288 1658 3366 injiciuntur
1682 3289 1923 3347 vincula.
2011 3307 2015 3311 ·
2304 3288 2314 3301 ‘

717 3494 801 3556 (1)
843 3492 995 3558 Prop.
1018 3492 1053 3543 i.
1077 3462 1319 3541 damnata
1341 3488 1405 3539 ab
1424 3489 1566 3539 Alex.
1600 3490 1707 3539 VII.
1733 3492 1800 3537 24
1825 3490 1959 3555 Sept.
1986 3492 2131 3537 1665.

722 3577 806 3639 (2)
847 3577 999 3639 Prop.
1016 3574 1081 3621 vi.
1104 3574 1315 3623 damnat
1336 3573 1399 3639 αρ
1424 3574 1592 3623 Innoc.
1610 3573 1704 3623 XI.
1729 3578 1762 3620 2
1787 3572 1965 3622 Martii
1993 3575 2136 3624 1679,

718 3658 797 3721 (3)
840 3656 961 3704 Vide
981 3656 1163 3718 Mayol.
1184 3656 1333 3721 Πίῳ.
1360 3655 1610 3707 Proeamb.
1631 3654 1703 3705 ad
1722 3655 1890 3705 Decal.
1908 3670 1990 3717 qu-
2014 3655 2080 3703 iii.
2104 3661 2188 3703 art.
2211 3654 2242 3703 i.
