3117 5217
603 563 722 622 374
1141 559 1256 622 DE
1297 558 2246 624 EXCOMMUNIOATIONE.

682 729 780 784 64.
821 723 934 784 111.
977 723 1090 784 Est
1113 723 1387 790 inhabilis
1409 724 1483 784 ad
1507 723 1807 802 dignitates
1834 734 1893 784 et
1916 725 2213 793 beneficia,
2242 723 2387 782 adeo
2426 733 2491 782 ut
2530 724 2682 782 nulla
2704 724 2775 781 sit

601 823 930 902 resignatio,
957 823 1182 892 electio,
1212 825 1591 900 praesentatio,
1618 823 1867 892 collatio,
1894 826 1959 884 in
1983 825 2237 882 faverem
2274 824 2770 891 excommunicati,

603 925 773 984 etiam
813 918 1082 981 tolerati.¹
1163 921 1232 982 In
1272 922 1440 981 Bulla
1479 921 1801 992 Pontificia,
1842 943 1959 997 qua
1992 925 2123 996 quis
2162 921 2231 982 ad
2256 923 2653 999 episcopatum
2688 921 2773 978 vel

601 1025 766 1082 aliam
783 1021 1116 1098 dignitatem
1133 1021 1416 1090 evehitur,
1435 1023 1757 1081 continetur
1768 1023 2051 1082 absolutio
2067 1023 2137 1079 ab
2158 1023 2769 1087 excommunicatione,

603 1123 652 1180 si
679 1140 748 1178 ea
771 1120 1046 1178 irretitum
1073 1121 1251 1180 fuisse
1291 1121 1536 1180 electum
1564 1122 1895 1198 contigerit:
1938 1130 2282 1198 quapropter
2308 1121 2405 1194 qni
2426 1121 2659 1179 occulto
2682 1137 2772 1176 ex-

599 1219 1132 1278 communicationis
1171 1220 1398 1279 vinculo
1423 1220 1647 1297 ligatur,
1678 1229 1865 1297 potest
1896 1229 2191 1296 acceptare
2214 1219 2575 1294 dignitatem,
2606 1236 2771 1292 quum

597 1327 826 1378 sanetur
851 1318 1182 1376 auctoritate
1208 1317 1510 1378 Pontificia
1525 1318 1827 1378 electionis
1855 1317 2076 1378 vitium.
2133 1317 2323 1375 Debet
2340 1326 2537 1376 tamen
2564 1335 2769 1383 curare,

601 1435 674 1478 ne
699 1417 856 1474 labes
883 1417 1086 1476 animai
1113 1416 1298 1476 adhuc
1323 1416 1612 1476 inhaereat.
1694 1418 1993 1476 Absolutio
2018 1415 2115 1474 illa
2138 1435 2253 1474 non
2292 1415 2533 1492 prodest
2570 1418 2775 1492 irregu-

599 1518 724 1584 lari,
753 1533 860 1574 nec
887 1515 1384 1577 excommunicato
1410 1525 1642 1593 propter
1666 1516 1950 1583 haeresim,
1978 1515 2112 1588 quia
2129 1515 2227 1592 jus
2252 1516 2502 1583 resistit3
2544 1534 2655 1574 nec
2685 1533 2774 1572 ex·

599 1615 1017 1674 communicato
1041 1616 1114 1672 ab
1125 1615 1390 1682 homine,
1419 1615 1556 1686 quia
1580 1633 1697 1674 non
1722 1615 1941 1673 videtur
1980 1631 2143 1672 mens
2172 1614 2477 1673 Pontificis
2504 1615 2774 1690 generali-

599 1717 706 1774 bus
733 1712 970 1772 vocibus
994 1713 1142 1772 hanc
1169 1705 1486 1789 amplecti.²
2278 1721 2285 1728 “

681 1819 782 1872 65.
823 1811 930 1871 IV.
973 1812 1236 1872 Privatur
1261 1813 1789 1875 excommunicatus
1816 1812 2001 1870 omnis
2027 1809 2445 1887 jurisdictionis
2474 1811 2775 1888 spiritualis

601 1931 732 1978 usu,
767 1909 912 1968 adeo
951 1921 1016 1970 ut
1052 1921 1252 1986 peccet
1275 1912 1589 1969 mortaliter
1614 1929 1681 1968 ea
1718 1903 2089 1976 exercenda,³
2114 1911 2400 1982 quamviS,
2432 1912 2487 1968 si
2514 1911 2775 1967 toleratus

599 2011 692 2076 sit,
733 2006 958 2066 valeant
989 2008 1114 2083 ejus
1153 2017 1344 2069 actus:
1387 2025 1524 2066 nam
1564 2009 1851 2068 Martinus
1883 2010 1957 2067 V.
1986 2007 2240 2076 indulsit,
2266 2018 2331 2066 ut
2367 2009 2576 2067 fideles
2604 2027 2776 2066 sacra·

599 2115 790 2166 menta
813 2107 1106 2183 suscipere
1133 2115 1368 2183 possent
1391 2108 1461 2164 ab
1489 2109 1781 2177 omnibus,
1808 2110 1908 2181 qui
1934 2126 2047 2166 non
2076 2107 2260 2166 forent
2285 2107 2523 2190 vitandi.
2610 2107 2776 2183 Epis-

601 2225 782 2284 copus
807 2205 1030 2264 occulto
1057 2207 1585 2264 excommunicatus
1609 2207 1919 2267 mortaliter
1942 2215 2141 2283 peccat
2176 2205 2539 2264 conferendis
2575 2204 2776 2262 ordini-

600 2309 728 2374 bus,
756 2305 1275 2380 dispensationibus
1301 2302 1709 2373 concedendis,
1738 2305 1829 2364 vel
1854 2305 1979 2363 aliis
2008 2303 2341 2367 exercendis
2359 2304 2776 2383 jurisdictionis

598 2405 846 2462 actibus:
893 2403 1160 2467 sacerdos
1203 2405 1799 2464 excommunicatione
1842 2405 2051 2480 ligatus
2094 2405 2303 2480 pariter
2344 2412 2545 2480 peccat
2592 2403 2777 2475 aliquo

593 2501 1010 2580 jurisdictionis
1037 2511 1162 2560 actu
1187 2502 1528 2562 exercendo.

681 2605 779 2661 66.
835 2599 912 2658 V.
971 2600 1508 2669 Excommunicato,
1561 2603 1731 2660 etiam
1782 2601 2039 2669 tolerato,
2092 2600 2281 2660 omnis
2333 2601 2776 2659 communicatio

601 2719 731 2759 cum
757 2700 1020 2758 fidelibus
1047 2696 1411 2778 denegatur,⁴
1433 2719 1569 2760 nam
1592 2700 1909 2777 disciplinae
1934 2701 2143 2758 veteris
2170 2720 2204 2757 a
2229 2701 2485 2758 Martino
2506 2701 2585 2756 V.
2604 2700 2779 2757 relax·-

601 2800 714 2856 atio
737 2799 886 2856 facta
910 2799 1080 2858 estin
1106 2799 1361 2858 fidelium
1389 2798 1775 2868 commodum,
1804 2817 1919 2856 non
1946 2799 2017 2856 ad
2042 2797 2451 2877 indulgendum
2478 2801 2631 2858 reis:
2666 2787 2673 2792 ⁶
2713 2798 2777 2857 ln

599 2897 772 2954 rebus
799 2897 974 2956 sacris
1001 2897 1284 2972 imprimis
1311 2917 1378 2956 ea
1403 2898 1845 2956 communicatio
1876 2899 2047 2956 vetita
2070 2910 2195 2964 θεῖς
2232 2907 2581 2973 quapropter
2626 2906 2667 2934 “
2688 2916 2779 2954 ex·

599 2995 1050 3054 communicatus
1089 2996 1330 3068 quilibet
1385 2997 1444 3052 vi
1481 3015 1754 3065 censurat,
1815 2997 1886 3053 ab
1920 2996 2209 3054 auditione
2245 2997 2473 3063 Missae,
2540 2999 2775 3069 aliisque

599 3094 866 3152 omuibus
893 3093 1101 3150 divinis
1127 3095 1352 3162 officiis,
1383 3105 1552 3171 prout
1572 3095 1799 3172 publica
1818 3103 1967 3162 sunt,
1996 3094 2384 3170 prohibetur.”
2470 3095 2563 3152 Ita
2590 3095 2777 3154 Colle·

597 3185 740 3248 tus.⁵
819 3193 888 3248 Si
915 3191 1176 3250 vitandus
1201 3195 1298 3258 sit,
1323 3193 1645 3252 monendus
1672 3204 1777 3262 est,
1804 3203 1867 3250 ut
1890 3203 2055 3252 exeat
2079 3195 2149 3252 ab
2176 3195 2441 3261 ecclesia,
2469 3195 2525 3250 si
2548 3197 2695 3254 forte
2718 3211 2777 3249 se

597 3288 758 3346 sistat
780 3287 956 3344 sacris
983 3286 1193 3346 officiis·
1219 3288 1577 3348 adfuturum:
1616 3291 1771 3363 quod
1796 3291 1849 3349 si
1872 3311 1991 3352 non
2028 3305 2241 3370 pareat,
2271 3310 2421 3350 nova
2446 3310 2776 3354 excommu-

595 3385 878 3446 nicatione
908 3386 1176 3445 Pontifici
1204 3397 1490 3446 reservata
1513 3389 1741 3466 ligatur,
1768 3409 1940 3462 quam
1978 3392 2149 3451 etiam
2185 3391 2533 3450 contrahunt
2554 3409 2773 3457 omnes,

599 3487 700 3561 qui
727 3486 1028 3564 prohibent
1063 3505 1138 3544 ne
1175 3477 1390 3546 exeat.⁶
1469 3489 1538 3547 Si
1576 3491 1821 3563 nequeat
1858 3489 2093 3566 expelli,
2120 3489 2409 3558 sacerdos,
2438 3491 2493 3547 si
2524 3492 2773 3551 nondum

599 3587 875 3662 inceperit
891 3605 1194 3656 canonem,
1209 3586 1380 3645 debet
1397 3587 1464 3646 M
1471 3588 1647 3646 issam
1662 3590 2032 3664 abrumpere:
2062 3591 2113 3646 si
2134 3608 2319 3648 canon
2335 3590 2459 3667 jam
2478 3591 2773 3649 inchoatus

601 3687 696 3754 sit,
723 3685 894 3745 debet
917 3686 990 3746 ad
1011 3687 1478 3746 communionem
1505 3705 1763 3764 pergere,
1790 3686 1995 3746 deinde
2010 3689 2082 3746 -in
2108 3689 2363 3749 sacristia
2399 3688 2623 3762 reliqua
2656 3707 2773 3765 per-

595 3784 868 3844 fecturus.
951 3785 1232 3845 Sacerdos
1271 3787 1517 3846 scienter
1547 3786 1838 3844 celebrans
1865 3804 2057 3844 coram
2084 3788 2579 3846 excommunicato
2606 3789 2776 3846 vitan·

669 3928 754 3992 (l)
795 3926 916 3990 Cap.
939 3927 1019 3976 vii.
1041 3927 1102 3976 de
1123 3929 1232 3977 cler.
1253 3943 1439 3976 excom.

672 4012 756 4074 (2)
795 4010 923 4059 Vide
948 4010 1122 4071 cenet,
1147 4011 1205 4061 de
1226 4011 1466 4072 censuris,
1487 4027 1536 4076 p.
1558 4011 1609 4062 ii.
1631 4027 1673 4062 c.
1695 4011 1728 4061 i.
1752 4015 1799 4072 ς.
1828 4027 1873 4060 v.
1908 4010 1991 4076 qui
2012 4017 2177 4062 tamen
2198 4017 2365 4062 censet
2383 4012 2771 4062 excommunica-

598 4099 703 4142 tum
725 4094 785 4141 ab
807 4093 1004 4142 homine
1026 4097 1130 4160 ejus
1145 4096 1380 4145 beneficio
1397 4095 1509 4146 frui.

669 4179 753 4244 (3)
794 4174 918 4240 Cap.
940 4177 1072 4224 xxiv.
1096 4177 1155 4227 de
1175 4184 1302 4230 sent.
1326 4184 1374 4232 et
1393 4178 1619 4248 rejudic-

671 4261 754 4328 (4)
795 4257 917 4320 Gap.
939 4257 1071 4306 xviii.
1095 4261 1234 4310 xxix.
1255 4269 1306 4310 et
1325 4263 1410 4312 lix.
1433 4261 1492 4314 de
1512 4267 1638 4314 sent.
1658 4277 1842 4314 excom.
1863 4277 1967 4326 cap.
1985 4262 2148 4322 Alma,
2169 4261 2272 4312 eod.
2292 4260 2385 4312 tit..
2406 4262 2462 4312 in
2494 4263 2543 4310 6.
2576 4268 2627 4309 et
2662 4275 2765 4324 cap.

595 4347 646 4397 ii.
669 4345 728 4396 de
745 4347 929 4409 except.

672 4431 755 4496 (5)
795 4429 870 4478 De
901 4427 1158 4486 censuris,
1181 4442 1228 4491 p.
1251 4427 1302 4477 ii.
1326 4445 1368 4477 c.
1389 4429 1422 4478 i.
1447 4433 1493 4488 ξ.
1513 4429 1579 4479 iv·
1785 4433 1870 4499 (6)
1910 4415 2068 4480 Clem.
2089 4431 2141 4480 ii.
2162 4429 2223 4481 de
2243 4433 2367 4480 sent.
2390 4444 2573 4482 excom.
