3117 5217
495 566 612 621 378
1035 562 1149 622 DE
1191 562 1693 622 EXOOMMUN
1698 562 2053 625 ICATI'ON
2058 562 2135 621 E.

501 731 738 789 nomine
761 738 820 787 et
843 727 1112 787 ordinarii
1149 728 1580 805 approbatione,
1608 732 2197 789 excommunicatione
2235 728 2621 807 percelluntur
2644 746 2680 783 a

499 830 744 887 concilio
782 828 1124 886 Tridentino
1145 824 1193 884 :¹
1237 828 1340 886 sed
1387 830 1446 886 in
1489 829 1581 886 his
1626 830 1953 905 regionibus
1992 848 2109 887 non
2150 830 2305 905 viget
2344 828 2423 885 ob
2454 844 2675 885 morem

501 931 868 987 contrarium.
949 927 1328 985 Anathemate
1351 927 1648 995 feriuntur,
1670 929 1769 1000 qui
1794 928 2003 986 docent
2024 928 2449 986 confessionem
2474 934 2679 984 morta-

499 1028 640 1085 lium
669 1046 782 1084 non
817 1026 1050 1098 requiri,
1079 1038 1380 1099 antequam
1407 1026 1773 1087 Eucharistia
1800 1018 2158 1103 recipiatur.²
2232 1025 2517 1102 Raptores
2554 1042 2679 1082 mu-

497 1126 720 1191 lierum,
749 1142 920 1183 causa
943 1126 1309 1192 matrimonii,
1330 1135 1388 1182 et
1403 1127 1669 1202 juvantes
1688 1134 1747 1181 et
1768 1126 2023 1184 faventes
2048 1117 2678 1188 excommunicantur?

499 1226 650 1281 sicut
690 1234 746 1281 et
787 1223 1008 1282 domini
1047 1224 1386 1300 temperares
1413 1235 1472 1281 et
1509 1227 1873 1302 magistratus
1912 1224 2171 1281 subditos
2206 1242 2345 1280 suos
2384 1222 2677 1299 adigentes

501 1322 834 1380 contrahere
861 1324 1092 1400 nuptias
1117 1342 1250 1385 cum
1279 1323 1414 1391 illis,
1442 1342 1589 1396 quos
1616 1324 2089 1400 praescripserint,
2130 1322 2221 1379 vel
2258 1323 2465 1393 quovis
2506 1319 2679 1377 modo

499 1420 710 1479 directe
755 1423 846 1480 vel
889 1422 1160 1479 indirecte
1187 1432 1480 1499 cogentes,
1520 1424 1831 1495 quominus
1856 1423 2033 1480 libere
2072 1422 2433 1479 matrimonia
2458 1429 2679 1477 contra-

499 1519 654 1587 hant,
685 1522 806 1596 pari
834 1540 1002 1597 poena
1028 1516 1400 1599 plectuntur-‚⁴
1477 1520 1773 1599 cogentes
1798 1521 2069 1578 mulieres
2094 1520 2187 1577 vel
2213 1520 2431 1596 puellas
2456 1516 2683 1595 ingredi

499 1620 904 1678 monasterium
933 1618 1266 1679 monialium
1301 1620 1394 1678 vel
1431 1621 1502 1679 ad
1539 1620 1975 1697 suscipiendum
2002 1619 2274 1685 habitum,
2301 1619 2395 1675 vel
2420 1618 2492 1675 ad
2516 1618 2686 1674 emit‘

499 1718 728 1777 tendam
774 1720 1214 1795 professionem,
1261 1715 1883 1778 excommunicantur-‚³
1962 1716 2185 1775 Censet
2228 1718 2295 1775 S.
2342 1716 2679 1792 Alphonsus

499 1836 626 1875 eam
655 1837 884 1894 poenam
913 1818 1138 1876 afficere
1161 1836 1264 1876 eos
1291 1819 1391 1891 qui
1417 1820 1707 1897 coegerint
1743 1818 1992 1895 puellam
2018 1816 2240 1892 ingredi
2266 1816 2679 1874 monasterium

498 1916 854 1974 educationis
909 1936 1116 1975 eausa:
1173 1917 1284 1974 nisi
1347 1920 1629 1975 cautionis
1669 1918 1857 1993 gratia·
1884 1916 2003 1983 fiat,
2050 1914 2185 1972 dum
2230 1916 2579 1991 periclitatur
2623 1914 2685 1971 in

499 2006 764 2069 soeculo.⁶
845 2015 914 2071 In
939 2015 1166 2073 casibus
1203 2016 1264 2072 in
1283 2016 1416 2091 jure
1455 2017 1747 2092 expressis
1784 2022 1977 2091 pooest
2012 2016 2141 2091 cogi
2168 2016 2375 2072 mulier
2398 2014 2469 2070 ad
2496 2015 2686 2089 ingre·

497 2110 768 2170 diendum
795 2114 1200 2171 monasterium
1239 2113 1300 2171 in
1339 2116 1597 2173 criminis
1639 2094 1913 2190 poenam,‘
1934 2114 2024 2171 vel
2062 2132 2135 2171 ne
2176 2114 2380 2171 iterum
2408 2104 2680 2170 labatur.⁷

496 2210 566 2267 Si
605 2222 866 2286 parentes
912 2231 1144 2289 gravem
1190 2223 1404 2272 metum
1451 2216 1621 2273 etiam
1668 2232 1743 2271 ex
1786 2232 1905 2271 suae
1950 2214 2298 2271 auctoritatis
2338 2213 2677 2274 reverentia,

497 2310 629 2366 filiae
652 2311 1008 2389 incusserint,
1027 2322 1090 2369 ut
1107 2312 1511 2388 ingrederetur,
1533 2324 1593 2369 et
1610 2314 1927 2387 susciperet
1943 2311 2565 2380 habitum,contrahunt
2583 2328 2683 2368 ex·

501 2410 1100 2468 communicationem.
1185 2410 1306 2469 Sed
1345 2424 1404 2469 et
1439 2412 2015 2470 excommunicantur·
2042 2412 2389 2484 quicumque
2432 2418 2689 2467 sanctam

499 2506 784 2583 virginum
815 2509 906 2567 vel
935 2508 1170 2567 aliarum
1196 2511 1500 2569 mulierum
1543 2512 1887 2569 voluntatem
1912 2509 2028 2567 veli·
2064 2510 2403 2587 accipiendi,
2446 2509 2539 2567 vel
2562 2509 2683 2565 voti

497 2606 791 2667 emittendi
819 2626 1052 2680 quoquo
1079 2607 1250 2665 modo
1277 2611 1402 2667 sine
1422 2611 1581 2687 justa
1606 2628 1777 2667 eausa
1802 2602 2219 2685 impedierint.⁸

577 2711 679 2764 73.
725 2708 1057 2765 Alienantes
1099 2708 1249 2764 bona
1293 2710 1572 2776 eeclesiae,
1602 2708 1695 2766 vel
1733 2702 1985 2765 locantes
2030 2708 2173 2765 ultra
2210 2708 2535 2773 triennium,
2580 2724 2684 2764 ex-

501 2799 1048 2863 communicantur.⁹
1113 2805 1230 2871 Qui
1257 2824 1418 2865 sacro
1446 2807 1643 2866 ordine
1666 2808 1813 2865 aucti
1840 2807 2172 2865 contrahere
2194 2815 2463 2863 attentant
2488 2806 2679 2863 matri-

503 2902 782 2969 monium,
811 2903 1012 2961 eadem
1059 2922 1228 2979 poena
1279 2906 1623 2964 afficiuntur.
1636 2899 1687 2935 ¹⁰
1765 2905 1881 2971 Qui
1931 2924 1995 2963 se
2023 2907 2288 2981 ingerunt
2336 2906 2395 2962 in
2450 2904 2683 2961 alterius

497 3001 889 3077 episcopatum
911 3002 982 3060 ad
999 3001 1256 3060 officium
1279 3006 1402 3063 sine
1427 3005 1659 3063 licentia
1675 3005 1891 3080 proprii
1912 3000 2256 3081 episeopiss,
2287 3004 2687 3063 excommuni-

499 3102 720 3158 catione
784 3100 1049 3178 ligantur.
1159 3101 1444 3179 Episcopi
1504 3100 1785 3163 Romam·
1816 3103 2079 3161 clanculo
2119 3103 2412 3169 adeuntes,
2458 3103 2509 3159 si
2548 3102 2683 3161 inde

501 3199 852 3255 recesserint
895 3200 1113 3269 absque
1153 3199 1326 3275 Papoe
1355 3203 1540 3268 venia,
1560 3203 2220 3259 'excommunicationem
2266 3194 2689 3259 contrahunt.¹²

497 3294 814 3370 Regulares
834 3304 1046 3351 temere
1067 3294 1412 3355 dimittentes
1431 3298 1685 3355 habitum
1708 3300 1798 3356 sui
1820 3299 2053 3358 Ordinis
2074 3302 2677 3359 excommunicantur:

444 3414 452 3421 ·
499 3410 676 3467 quum
705 3402 892 3451 autem
919 3394 994 3451 ob
1018 3392 1275 3453 locorum
1317 3396 1602 3473 adjuncta,
1644 3416 1760 3456 non
1800 3402 2201 3458 consueverint
2224 3416 2357 3457 eum
2382 3399 2489 3456 hac
2516 3398 2574 3455 in
2600 3416 2689 3454 re-

500 3493 670 3570 gione
699 3493 924 3569 publice
953 3501 1192 3570 gestare,
1221 3499 1667 3554 non‘censentur
1686 3515 1817 3555 eum
1840 3497 2143 3566 dimittere,
2172 3498 2285 3556 nisi
2312 3496 2530 3555 ordinis
2552 3514 2692 3554 eon-

499 3594 737 3650 sortium
767 3594 994 3669 penitus
1022 3589 1394 3654 deseruerint.
1457 3596 1523 3653 Si
1550 3596 1975 3654 matrimonium
2004 3598 2419 3665 attentaverint,
2448 3614 2688 3653 excom·

503 3693 888 3751 municatione
915 3684 1242 3770 ligantur.²³

576 3833 660 3897 (1)
701 3832 833 3880 Sess.
846 3820 918 3880 iv.
942 3832 1067 3883 decr.
1090 3832 1148 3883 de
1171 3830 1287 3882 edit.
1311 3836 1398 3884 etc.
1564 3837 1647 3900 (2)
1687 3834 1885 3894 Ibidem,
1911 3834 2041 3883 Sess.
2065 3835 2167 3885 xiii.
2192 3851 2299 3885 can.
2322 3835 2389 3883 xi.

571 3918 656 3982 (3)
697 3916 894 3975 Ibidem,
919 3918 1050 3968 Sess.
1073 3917 1214 3966 xxiv..
1231 3934 1334 3981 cap.
1357 3918 1421 3967 vi.
1443 3917 1504 3969 de
1525 3918 1620 3987 ref
1638 3927 1787 3970 matr.
2470 3991 2477 3995 ι

573 4004 657 4068 (4)
697 4001 894 4062 Ibidem,
917 4020 1021 4067 cap.
1045 4005 1111 4053 ix.
1549 4007 1634 4073 (δ’)
1672 4005 1871 4065 ibidem,
1894 4006 2021 4055 Sess.
2044 4022 2161 4055 xxv·
2183 4021 2287 4070 cap.
2309 4003 2442 4054 xviii.
2458 4002 2517 4055 de
2544 4002 2671 4070 Reg.

574 4088 658 4153 (6)
699 4084 759 4133 L.
781 4086 863 4135 vii.
885 4104 935 4137 n.
959 4091 1074 4136 212.

573 4173 658 4237 (7)
699 4169 759 4218 C.
784 4169 1100 4231 Significavit.
1117 4179 1166 4220 et
1188 4172 1248 4221 C.
1275 4172 1603 4235 Gaudeamus,
1626 4174 1685 4226 de
1707 4170 1917 4225 convers.
1940 4174 2139 4241 conjug.

571 4260 656 4324 (8)
699 4256 839 4305 Cone
858 4254 992 4304 Trid.
1017 4256 1147 4306 Sess.
1170 4273 1286 4307 xxv·
1309 4275 1414 4322 cap.
1438 4259 1573 4309 xviii.
1596 4260 1655 4311 de
1683 4259 1806 4328 Reg.

573 4346 656 4411 (9)
698 4342 899 4391 ExtraV.
921 4341 1220 4401 Ambitione,
1243 4342 1301 4393 de
1322 4342 1469 4395 rebus
1491 4342 1676 4394 Eccles.
1815 4344 1933 4411 (10)
1974 4342 2131 4392 Clem.
2154 4359 2239 4393 un.
2263 4342 2321 4393 de
2342 4340 2683 4408 consang-uin.

567 4431 684 4498 (11)
723 4430 783 4477 C.
809 4427 1077 4489 Quoniam,
1100 4426 1160 4476 de
1183 4428 1308 4477 offic.
1333 4428 1539 4479 ordinar-
2416 4488 2431 4498 ο

575 4518 693 4583 (12)
734 4516 932 4564 Extrav.
956 4513 1007 4563 ii.
1029 4519 1078 4561 et
1099 4512 1166 4562 iii.
1191 4512 1250 4565 de
1274 4516 1452 4582 major.
1473 4520 1520 4566 et
1543 4512 1679 4566 obed.
1829 4516 1944 4581 (13)
1980 4512 2142 4563 Clem..
2161 4529 2245 4563 un.
2270 4512 2328 4563 de
2351 4511 2693 4579 consanguin-
