3117 5217
508 562 629 617 300
864 556 979 615 DE
1024 552 1519 613 CHARITATE
1563 552 1798 611 ERGA
1833 550 2319 611 PROXIMUM.

1404 1078 1691 1137 CAPUT
1725 1079 1806 1137 11.

1092 1294 1171 1335 mi:
1201 1261 1549 1335 cnlmrrarss
1579 1294 1742 1335 ERGA
1767 1292 2104 1333 PRoxnmu.

587 1478 685 1532 79.
730 1472 1037 1531 Charitatis
1065 1474 1239 1531 virtus
1268 1473 1563 1549 proximos
1605 1471 1994 1548 amplectitur3
2036 1486 2236 1527 omnes
2263 1468 2474 1543 quippe
2503 1468 2692 1527 homi·

510 1590 614 1630 nes
636 1582 867 1648 propter
893 1572 1083 1629 Deum
1111 1590 1298 1629 amare
1325 1571 1600 1628 debemus
1623 1591 1640 1629 ε
1685 1589 1816 1629 nam
1833 1570 2022 1646 primo
2049 1566 2314 1625 mandato
2339 1566 2524 1624 simile
2550 1565 2695 1624 dici-

512 1680 599 1729 tur
626 1691 659 1728 a
686 1670 956 1728 Christo:
1002 1678 1040 1705 ‘⁶
1063 1669 1265 1747 diliges
1292 1672 1619 1745 proximum
1649 1681 1807 1727 tuum
1835 1668 1986 1726 sicut
2011 1660 2356 1743 teipsum-”²
2398 1664 2694 1737 Equidem

511 1770 611 1828 ille
641 1788 799 1827 amor
824 1770 934 1837 sui,
964 1768 1064 1841 qui
1104 1769 1172 1825 ab
1212 1770 1339 1844 ipsa
1378 1778 1576 1827 natura
1615 1768 1902 1827 derivatus
1943 1776 2050 1833 est,
2093 1768 2152 1823 in
2193 1763 2446 1841 regulam
2477 1774 2536 1822 et
2561 1781 2692 1821 nor-

510 1888 662 1925 mam
690 1867 870 1934 datur,
898 1876 963 1924 ut
987 1866 1113 1923 aliis
1139 1885 1255 1925 non
1284 1867 1559 1923 faciamus
1588 1885 1713 1939 quae
1741 1866 1854 1942 ipsi
1875 1866 2040 1923 nobis
2067 1865 2191 1922 fieri
2220 1862 2506 1930 nolumus,
2535 1872 2594 1919 et
2617 1862 2692 1918 iis

514 1984 579 2021 ea
605 1964 1005 2039 impendamus
1033 1964 1329 2031 beneficia,
1365 1966 1570 2037 quibus
1600 1964 1763 2023 nobis
1792 1964 2176 2039 indigentibus
2203 1962 2490 2019 subveniri
2519 1978 2690 2037 cupe-

512 2080 721 2119 remus.
807 2061 864 2118 N
870 2080 946 2119 on
975 2072 1164 2120 tamen
1192 2081 1391 2121 omnes
1432 2064 1660 2139 pariter,
1701 2072 1758 2119 et
1796 2062 1954 2121 nullo
1996 2062 2146 2119 facto
2185 2060 2534 2127 discrimine,
2562 2058 2688 2115 dili-

513 2159 683 2238 gendi
708 2169 879 2221 sunt:
924 2180 1056 2218 nam
1084 2160 1343 2220 ordinem
1383 2162 1724 2219 servandum
1753 2161 1924 2219 dictat
1947 2162 2108 2228 rati0‚
2135 2172 2195 2220 et
2217 2152 2428 2217 naturae
2457 2159 2690 2217 intimus

514 2278 749 2327 sensus;
792 2260 886 2317 cui
912 2259 1057 2317 nihil
1083 2260 1315 2335 derogat
1340 2260 1596 2318 divinum
1622 2260 1942 2317 dilectionis
1969 2268 2337 2335 praeeeptum.

597 2362 695 2415 80.
740 2358 1001 2429 Quisque
1044 2358 1214 2434 igitur
1239 2377 1313 2415 ex
1340 2370 1551 2417 naturae
1580 2360 1846 2417 instinctu
1887 2358 2162 2433 seipsum,
2192 2366 2324 2433 post
2348 2354 2562 2421 Deum,
2590 2355 2696 2411 im-

516 2455 716 2534 primis
744 2454 999 2533 diligere‚
1029 2467 1086 2513 et
1110 2457 1512 2516 beatitudinem
1534 2476 1696 2515 suam
1723 2459 1782 2515 in
1808 2456 1937 2515 Deo
1958 2455 2196 2514 fruendo
2223 2472 2475 2527 quoerere
2504 2452 2686 2509 debet.

520 2552 636 2612 Hic
663 2554 750 2612 sui
780 2574 939 2612 amor
963 2556 1147 2613 bonus
1176 2565 1283 2623 est,
1312 2565 1367 2613 et
1392 2558 1551 2614 omni
1579 2556 1716 2615 vitio
1755 2548 2080 2629 immunis?
2159 2554 2328 2611 Salus
2359 2553 2606 2628 propria,
2635 2561 2692 2607 et

517 2674 641 2725 quae
670 2654 740 2712 ad
767 2672 891 2711 eam
920 2653 1131 2713 ducunt
1150 2656 1298 2713 bona
1318 2655 1651 2731 spiritualia,
1675 2656 1912 2712 aliorum
1935 2653 2264 2711 utilitatibus
2286 2653 2520 2709 omnino
2541 2660 2690 2707 ante-

526 2752 759 2811 ferenda
785 2764 934 2811 sunt.
980 2754 1384 2827 Proximorum
1412 2754 1673 2821 salutem,
1701 2738 1761 2811 et
1782 2752 2102 2827 spirituales
2129 2751 2396 2809 utilitates
2423 2750 2693 2823 deinceps

520 2861 741 2935 oportet
766 2869 1036 2920 quaerere.
1120 2852 1226 2909 Sui
1252 2853 1517 2909 utilitates
1540 2850 1877 2927 temporales
1907 2861 2037 2925 post
2062 2849 2414 2927 spiritualem
2442 2846 2692 2925 proximi

519 2950 833 3024 profectum
874 2950 1065 3007 locum
1106 2950 1353 3007 habent:
1398 2950 1670 3025 deinceps
1713 2950 2046 3026 temporalia
2081 2948 2331 3024 proximi
2369 2945 2687 3005 commoda.

520 3046 785 3119 Denique
808 3048 865 3105 in
887 3057 1143 3107 extremo
1163 3048 1493 3107 discrimine
1516 3068 1578 3107 se
1599 3047 2280 3127 proximumque,-ordine
2301 3047 2423 3121 pari
2447 3055 2690 3109 servate,

519 3147 760 3219 quisque
790 3146 1025 3222 diligere
1052 3146 1237 3205 debet.

598 3246 696 3298 81.
740 3242 909 3298 Salus
936 3244 1108 3319 igitur
1133 3246 1221 3299 sui
1249 3246 1454 3315 cuique
1480 3264 1596 3320 prae
1617 3246 1882 3303 omnibus
1905 3244 2149 3303 curanda
2176 3254 2280 3310 est,
2304 3264 2473 3319 quam
2495 3243 2692 3301 alienae

519 3323 715 3398 salutis
744 3339 929 3397 studio
957 3359 1126 3398 nemo
1154 3342 1444 3418 negligere
1473 3342 1658 3407 debet.
1703 3344 1769 3401 Si
1797 3344 2060 3401 sacerdos
2081 3362 2144 3400 se
2172 3344 2450 3421 imparem
2477 3340 2696 3400 noverit

521 3435 917 3529 tentationibus
946 3440 1257 3507 vincendis,
1288 3460 1415 3513 quae
1441 3442 1501 3499 in
1526 3440 1688 3500 sacro
1715 3444 2030 3515 ministerio
2059 3461 2190 3499 oum
2219 3444 2530 3501 animarum
2560 3457 2695 3497 cura

522 3540 826 3617 conjuncto
854 3551 1172 3608 occurrunt,
1202 3540 1387 3607 debet,
1416 3542 1618 3598 saltem
1646 3554 1778 3618 post
1803 3542 2118 3617 periculum
2139 3540 2352 3615 pluries
2381 3540 2610 3603 factum,
2639 3546 2696 3592 et

522 3638 795 3697 cautelam
840 3638 1045 3696 frustra
1085 3638 1411 3706 adhibitam,
1450 3659 1643 3698 curam
1691 3640 1844 3698 illam
1887 3639 2192 3715 deponere,
2241 3640 2464 3697 etiamsi
2504 3637 2694 3695 nullus

523 3738 666 3795 alius
694 3748 899 3811 praesto
926 3738 999 3793 sit
1024 3738 1289 3795 sacerdos
1318 3739 1415 3810 qui
1456 3756 1580 3795 eam
1626 3737 1915 3813 suscip‘iat.
1999 3738 2218 3796 Poterit
2243 3739 2370 3811 quis
2397 3736 2579 3795 semel
2605 3733 2697 3791 vel

522 3838 724 3893 iterum
755 3834 1071 3893 discrimini
1112 3856 1174 3893 se
1215 3838 1588 3904 committere,
1643 3836 1756 3893 Dei
1796 3836 2096 3911 implorato
2138 3836 2425 3912 praesidio,
2455 3844 2512 3891 et
2537 3832 2695 3891 omni

522 3932 809 4008 vigilantia
835 3932 1081 3991 adhibita
1104 3954 1118 3990 ε
1164 3934 1266 3991 sed
1292 3935 1342 3990 si
1367 3934 1721 4011 fragilitatem
1751 3953 1913 3992 suam
1941 3935 2124 3993 adhuc
2151 3936 2497 4011 experiatur,
2531 3932 2698 3989 debet

522 4031 630 4088 sibi
656 4031 975 4099 consulere,
1019 4030 1095 4089 se'
1122 4031 1433 4089 abdicando
1475 4052 1711 4091 munere
1740 4033 1893 4105 quod
1930 4036 2055 4092 sine
2095 4046 2330 4109 peccato
2371 4051 2490 4089 non
2517 4030 2701 4088 valeat

525 4145 810 4186 exercere.
893 4128 961 4185 Id
988 4148 1057 4187 eo
1085 4132 1265 4205 magis
1293 4129 1618 4199 dicendum,
1649 4134 1699 4188 si
1727 4151 1844 4189 suae
1866 4133 2042 4190 ruinae
2070 4132 2276 4190 habeat
2300 4131 2656 4208 participem.

603 4231 701 4283 82.
747 4224 949 4283 Studio
976 4227 1343 4302 perfectionis
1370 4248 1572 4286 vacare
1601 4231 1731 4303 quis
1772 4232 1996 4306 poterit,
2038 4230 2276 4289 aliorum
2301 4229 2541 4287 utilitate
2581 4226 2699 4302 spi-

664 4413 745 4479 (13
788 4410 905 4461 Mat.
930 4410 1051 4459 xxii.
1066 4412 1148 4459 39.

669 4497 753 4560 (2)
792 4494 918 4542 Vide
941 4494 1156 4554 Patami,
1176 4494 1231 4543 in
1248 4494 1379 4558 App.
1401 4495 1469 4545 iii.
1492 4497 1553 4546 ad
1578 4498 1760 4561 Mayol.
1782 4514 1824 4547 c.
1846 4498 1910 4547 vi.
1935 4502 1982 4557 ς.
2007 4500 2054 4547 3.
2096 4498 2296 4547 Cursus
2317 4492 2538 4562 complet.
