3117 5217
566 574 644 627 28
1377 564 1493 625 DE
1539 562 1933 623 DOMINIO.

571 738 812 815 alicujus
858 736 942 795 rei
989 732 1377 812 procurandae.
1461 734 1641 793 Esset
1683 742 1871 791 autem
1919 730 2201 798 confusio,
2230 732 2280 789 si
2306 732 2543 803 quilibet
2583 731 2775 790 indis-

571 838 744 895 tincte
786 834 1053 908 quaelibet
1090 841 1438 912 procuraret.
1523 833 1747 901 Tertio,
1789 832 1923 906 quia
1961 850 2063 909 per
2100 830 2215 889 hoc
2255 832 2438 907 magis
2474 832 2771 909 pacificus

571 945 748 993 status
763 934 1062 993 hominum
1086 942 1472 999 conservatur,
1488 932 1624 990 dum
1648 932 2043 1004 unusquisque
2060 948 2121 987 re
2138 948 2241 987 sua
2256 938 2553 987 contentus
2574 924 2773 987 est.'’¹

571 1032 862 1106 Equidem
904 1033 1156 1091 fervente
1183 1032 1497 1107 primorum
1535 1030 1793 1089 fidelium
1834 1030 2121 1097 charitate,
2170 1028 2413 1087 inibatur
2465 1027 2768 1100 quoddam

572 1150 763 1191 rerum
791 1132 1165 1198 consortium,
1195 1130 1348 1203 quod
1369 1130 1659 1190 imitantur
1674 1130 1774 1202 qui
1800 1138 1931 1186 vota
1954 1127 2225 1205 religiosa
2250 1128 2545 1195 emittunt3
2575 1128 2683 1184 sed
2710 1129 2777 1185 in

577 1231 878 1289 hominum
903 1228 1262 1288 multitudine
1303 1230 1544 1297 infinita,
1576 1228 1747 1287 nullis
1774 1227 1997 1304 legibus
2026 1226 2310 1293 adstricta,
2332 1228 2431 1303 jus
2459 1225 2526 1283 ad
2568 1228 2777 1283 omnia

575 1331 684 1389 sibi
711 1328 1040 1405 usurpanda
1065 1329 1213 1396 lites,
1238 1327 1444 1397 caedes,
1473 1337 1530 1384 et
1555 1320 1897 1405 ‘gravissima
1923 1344 2165 1399 quaeque
2193 1327 2345 1385 mala
2372 1335 2612 1401 pareret.

654 1434 714 1486 4.
758 1427 1124 1487 Dominium
1135 1426 1601 1506 jurisdictionis
1620 1426 1826 1484 dicitur
1850 1425 2104 1501 legitima
2130 1434 2382 1502 potestas
2411 1424 2776 1501 gubernandi

575 1546 712 1587 suos
739 1526 998 1587 subditos
1026 1528 1274 1595 liberos;
1317 1527 1470 1600 quali
1511 1525 1761 1603 gaudent
1780 1526 2043 1602 episcopi
2070 1524 2129 1581 in
2170 1515 2239 1583 iis
2282 1542 2407 1595 quae
2448 1525 2781 1600 respiciunt

575 1629 778 1685 animae
807 1626 1070 1695 salutem,
1098 1636 1346 1685 rectores
1375 1625 1575 1683 civiles
1617 1626 1676 1682 in
1715 1626 1885 1683 rebus
1928 1622 1998 1680 ad
2024 1624 2314 1699 publicum
2351 1621 2605 1681 ordinem
2634 1642 2779 1697 per·

575 1726 904 1785 tinentibus.
988 1725 1328 1784 Dominium
1345 1724 1743 1803 proprietatis
1770 1734 1859 1782 est
1887 1724 1987 1801 jus
2028 1720 2371 1799 disponendi
2410 1722 2481 1780 de
2522 1740 2581 1779 re
2625 1731 2779 1779 tam-

579 1845 750 1898 quam
791 1843 913 1892 sua,
942 1826 1054 1882 nisi
1092 1823 1189 1881 lex
1229 1823 1321 1881 vel
1347 1832 1575 1899 pactum
1603 1804 1815 1881 'obstet
1903 1820 2167 1897 Pupillus
2208 1839 2444 1880 suorum
2482 1822 2777 1879 bonorum
2832 1822 2840 1826 ’

579 1925 844 1981 dominus
871 1918 1011 1990 est,²
1038 1922 1300 1996 quamvis
1326 1922 1422 1979 lex
1449 1930 1603 1979 vetet
1628 1940 1701 1980 ne
1728 1920 1798 1979 de
1834 1923 1905 1980 iis
1926 1920 2205 1996 disponat.
2292 1919 2781 1997 Dominiumple-

579 2014 758 2079 num³
801 2019 1003 2077 dicitur
1028 2022 1127 2099 jus
1162 2019 1402 2079 liberum
1429 2020 1777 2098 disponendi
1804 2021 1875 2079 de
1908 2038 1969 2077 re
2011 2019 2277 2093 illiusque
2316 2018 2593 2077 fructibus
2626 2028 2779 2077 tam-

581 2137 752 2191 quam
781 2119 935 2176 suis:
966 2119 1287 2181 dominium
1307 2137 1429 2178 non
1445 2120 1699 2199 plenum
1720 2129 1810 2178 est
1828 2122 1929 2198 jus
1940 2117 2289 2195 =disponendi
2316 2119 2407 2176 vel
2433 2118 2503 2176 de
2530 2138 2591 2176 re
2620 2119 2776 2184 sola,

582 2219 675 2277 vel
700 2218 769 2276 de
811 2218 950 2277 solis
979 2218 1274 2277 fructibus.
1360 2219 1426 2277 Si
1466 2218 1536 2276 de
1579 2238 1641 2277 re
1682 2217 1812 2277 sola
1852 2219 1981 2292 quis
2021 2218 2227 2276 habeat
2261 2218 2358 2294 jus
2398 2216 2771 2295 disponendi,

581 2317 783 2375 dicitur
809 2316 1127 2377 dominium
1157 2316 1472 2385 directum,
1504 2319 1672 2389 quale
1699 2328 1787 2375 est
1820 2316 2042 2375 domini
2068 2318 2189 2395 agri
2217 2334 2389 2388 quem
2440 2316 2667 2375 tradidit
2708 2317 2775 2374 in

581 2415 1050 2491 emphyteusim;
1093 2417 1144 2473 si
1188 2414 1258 2473 de
1298 2414 1445 2473 solis
1463 2414 1809 2496 fructibus,
1852 2414 2057 2475 dicitur
2093 2415 2410 2474 dominium
2451 2415 2618 2484 utile,
2648 2434 2774 2488 quo

580 2515 782 2573 fruitur
808 2510 1232 2591 emphyteuta.⁴
1284 2515 1383 2571 Sic
1411 2514 1675 2573 nonnulli
1702 2533 1867 2590 agros
1888 2512 2215 2573 conducunt
2232 2532 2335 2591 per
2353 2512 2569 2587 aliquot
2588 2533 2775 2571 annos

582 2631 652 2672 eo
679 2622 844 2689 pacto
872 2622 936 2671 ut
971 2624 1186 2673 certum
1217 2614 1486 2690 jugerum
1527 2631 1852 2681 numerum,
1881 2613 2172 2672 arboribus
2212 2613 2443 2683 excisiS,
2473 2614 2679 2680 colant,
2710 2623 2775 2669 et

583 2732 752 2791 sepes
781 2722 1064 2783 extruant,
1093 2721 1149 2773 et
1173 2712 1461 2771 horreum.

665 2816 722 2868 5.
766 2811 1104 2870 Dominium
1131 2807 1326 2867 altum
1346 2812 1493 2868 solet
1519 2812 1710 2868 vocari
1742 2812 1839 2887 jus
1867 2808 2023 2883 quod
2051 2809 2224 2867 habet
2254 2811 2574 2887 respublica
2599 2812 2656 2869 in
2692 2812 2776 2867 ci-

587 2910 742 2965 vium
764 2909 932 2974 bona,
953 2920 1015 2965 ut
1040 2908 1110 2966 de
1135 2907 1207 2964 iis
1230 2906 1494 2984 disponat
1519 2909 1592 2966 ob
1619 2909 1834 2966 bonum
1862 2901 2225 2967 commune.⁵
2260 2909 2339 2966 Vi
2364 2910 2538 2987 hujus
2569 2910 2777 2967 tributa

585 3008 911 3082 exiguntur,
941 3014 997 3063 et
1021 3007 1079 3063 in
1107 3002 1297 3063 rerum
1317 3006 1647 3066 difficultate
1666 3009 1805 3085 ipsae
1828 3008 2040 3066 civium
2060 3026 2151 3065 res
2171 3010 2528 3084 arripiuntur,
2550 3018 2613 3065 ut
2631 3010 2771 3086 pub-

585 3105 709 3163 licae
738 3102 903 3161 saluti
931 3104 1276 3177 consulatur.
1361 3105 1429 3163 In
1468 3108 1761 3182 republica
1800 3108 1955 3164 cives
1995 3107 2118 3164 haec
2153 3110 2347 3166 omnia
2373 3107 2674 3165 decernere
2713 3119 2777 3164 et

589 3221 759 3281 agere
787 3204 902 3278 ipsi
929 3203 1210 3270 videntur,
1241 3223 1419 3275 quum
1449 3206 1568 3263 suis
1596 3206 1887 3283 suffragiis
1930 3206 2141 3281 eligant
2176 3207 2601 3284 legumlatores,
2633 3225 2773 3279 quo·

589 3321 715 3359 rum
744 3310 849 3369 est,
880 3302 1098 3362 collatis
1127 3302 1403 3372 consiliis,
1433 3306 1699 3363 omnibus
1720 3287 2079 3382 prospicere.
2165 3304 2453 3366 Caeterum
2488 3316 2647 3364 extra
2674 3324 2773 3363 ne-

591 3401 912 3459 cessitatem
940 3402 1232 3459 communi
1259 3404 1646 3480 prospiciendi
1672 3405 1897 3463 utilitati
1922 3403 2077 3463 nulla
2102 3414 2189 3462 est
2215 3406 2680 3483 gubernatoribus
2706 3406 2769 3463 in

588 3502 740 3561 bona
766 3500 1118 3560 subditorum
1145 3495 1453 3579 potestas,⁶
1479 3512 1537 3561 et
1564 3505 1957 3580 compensatio
1978 3503 2162 3562 danda
2180 3513 2287 3571 est,
2307 3504 2475 3581 juxta
2501 3506 2769 3563 constitu-

655 3713 740 3777 (1)
781 3715 828 3759 2.
855 3715 902 3760 2.
925 3727 1005 3775 qu.
1029 3710 1144 3761 lxvi.
1167 3717 1252 3761 art.
1275 3711 1324 3760 ii.
1732 3712 1819 3777 (2)
1860 3710 1969 3760 Gal.
1987 3725 2049 3761 iv.
2071 3712 2104 3761 i.

657 3794 742 3857 (3)
779 3793 910 3843 “Fee
931 3793 1108 3859 simple
1131 3794 1173 3843 is
1195 3812 1226 3844 a
1247 3810 1366 3859 pure
1380 3794 1679 3844 inheritance
1700 3794 1825 3843 clear
1847 3795 1904 3843 of
1928 3810 2025 3858 any
2057 3795 2385 3859 qualification
2402 3811 2455 3843 or
2477 3794 2765 3845 condition.''

586 3875 760 3925 Kent’s
777 3874 1172 3936 Commentaries,
1197 3881 1291 3927 vol.
1314 3880 1376 3929 iv.
1395 3883 1441 3927 5.
1984 3881 2069 3949 (4)
2098 3882 2284 3941 Les-sce,
2306 3896 2395 3929 seu
2424 3881 2635 3930 Tenant.

659 3963 742 4028 (5)
783 3960 956 4025 Rejicit
979 3960 1206 4024 Lyonnet
1219 3962 1302 4025 jus
1324 3964 1476 4013 altum
1494 3980 1552 4015 eo
1575 3966 1705 4029 quod
1727 3966 2061 4031 proprietatem
2083 3982 2241 4016 rerum
2264 3982 2368 4016 non
2390 3966 2621 4025 includat,
2640 3964 2765 4029 quod

583 4046 760 4094 idcirco
781 4045 844 4093 ad
867 4047 952 4109 jus
973 4045 1160 4109 imperii
1179 4046 1348 4103 rafam
1383 4048 1544 4114 sedlis
1576 4058 1651 4098 est
1670 4051 1731 4099 de
1753 4052 1967 4101 nomine..
2024 4051 2151 4102 Vide
2167 4058 2299 4101 nact-
2318 4050 2377 4101 de
2396 4050 2615 4101 Juotitia
2635 4051 2764 4111 Lug-

587 4131 708 4181 duni
729 4146 895 4179 recens
916 4130 1113 4179 editum.

660 4217 744 4280 (6)
785 4224 814 4247 “
830 4214 940 4266 The
961 4215 1090 4278 right
1105 4215 1163 4264 of
1176 4215 1392 4265 eminent
1408 4216 1619 4277 domain,
1641 4234 1695 4267 or
1716 4219 1939 4269 inherent
1960 4222 2209 4283 sovereign
2231 4237 2407 4285 power,
2424 4221 2463 4271 it
2476 4221 2518 4271 is
2541 4220 2768 4270 admitted

585 4301 652 4363 by
675 4300 740 4349 all
759 4300 1022 4363 publicists‚
1045 4300 1179 4362 gives
1193 4306 1243 4349 to
1264 4300 1347 4349 the
1375 4301 1645 4364 legislature
1672 4304 1756 4351 the
1776 4305 1961 4353 control
1986 4305 2044 4353 of
2060 4305 2244 4369 private
2266 4312 2490 4370 property
2512 4305 2586 4355 for
2608 4305 2769 4370 public

589 4400 702 4435 uses
725 4383 888 4448 only.''
954 4385 1130 4437 Kent’s
1161 4386 1353 4437 Comm.
1376 4388 1470 4437 vol.
1493 4386 1543 4437 ii.
1560 4394 1668 4451 part
1688 4404 1735 4437 v·
1758 4390 1843 4439 lec.
1862 4388 2030 4439 xxxiv.
2046 4405 2097 4439 n.
2121 4392 2235 4439 339.
