3117 5217
1301 534 1414 591 DE
1461 534 1759 593 USURA.
2508 543 2535 594 1
2550 542 2627 595 83

441 702 594 759 tione
623 700 883 777 periculi,
910 700 1054 759 lucri
1081 702 1358 758 cessantis
1387 702 1500 760 dcc.
1523 698 1619 758 ’ἔω
1704 702 2002 761 Veriorem
2034 714 2220 760 autem
2244 712 2402 779 putat
2418 722 2629 779 negan-

443 811 558 857 tem
584 802 942 867 sententiam,
974 800 1108 872 quia
1134 818 1310 871 quum
1344 802 1534 876 justus
1576 801 1669 858 ille
1698 802 1887 860 titulus
1922 820 2283 875 nequaquam
2324 804 2501 860 menti
2535 805 2630 860 ob-

441 912 696 957 versatus
725 898 910 965 fuerit,
939 918 1056 957 non
1084 898 1192 958 fuit
1213 900 1272 956 in
1302 910 1530 975 pactum
1557 898 1851 966 deductuS‚
1875 899 2117 973 ideoque
2138 920 2253 959 non
2282 902 2467 975 potuit
2486 902 2629 959 lucri

445 997 694 1071 praebere
722 999 1034 1065 rationem3
1064 1016 1250 1069 neque
1269 1000 1425 1055 enim
1445 999 1812 1055 mutuatarius
1840 1000 1900 1056 in
1916 1018 2051 1057 eum
2080 1000 2388 1066 consensit,
2419 1018 2490 1057 ne
2508 1002 2630 1071 qui-

441 1094 574 1153 dem
599 1095 894 1171 implicite.
951 1096 1246 1155 Ponamus
1265 1098 1514 1167 aliquem
1537 1098 1605 1153 ab
1628 1097 1802 1154 altero
1824 1107 2013 1172 petere
2037 1101 2335 1176 pecuniam
2354 1109 2627 1166 mutuam,

443 1194 644 1252 oblatis
671 1194 874 1271 viginti
903 1213 1008 1270 pro
1033 1206 1262 1253 centum
1289 1197 1612 1267 quotannis.
1697 1196 1857 1252 Alter
1896 1206 2045 1254 tanto
2086 1198 2332 1253 auctario
2372 1196 2627 1265 allectus,

443 1292 703 1365 nihilque
730 1293 800 1349 de
829 1293 1108 1351 solutione
1135 1293 1359 1361 dubius,
1391 1293 1552 1351 avide
1594 1294 1949 1370 amplectitur
1984 1297 2456 1372 propositionem.
2542 1296 2629 1353 Re

436 1392 558 1467 jam
607 1402 832 1469 peracta
876 1392 1141 1469 intelligit
1185 1402 1537 1450 mutuantem
1572 1410 1697 1450 esse
1730 1392 1912 1450 dubiae
1954 1396 2108 1463 fidei,
2150 1407 2207 1451 et
2245 1395 2629 1452 verosimilem

339 1546 344 1551 ,
445 1499 601 1563 putat
627 1490 807 1547 mutui
827 1491 1124 1567 jacturam,
1153 1490 1295 1548 adeo
1323 1501 1384 1548 ut
1411 1492 1722 1565 periculum
1750 1493 2110 1551 manifestum
2140 1506 2196 1550 et
2218 1494 2511 1551 insolitum
2532 1494 2630 1551 vix

443 1597 597 1645 tanto
625 1589 874 1646 auctario
899 1589 1224 1647 redimatur.
1309 1591 1374 1647 Si
1401 1592 1692 1666 contingat
1730 1608 1861 1648 eum
1902 1602 2110 1649 sortem
2152 1593 2364 1663 absque
2392 1590 2629 1649 difficul-

445 1696 554 1745 tate
582 1705 937 1762 tecuperare‚
966 1707 1080 1746 non
1102 1697 1289 1763 potest
1307 1690 1616 1746 auctarium
1647 1690 1887 1748 nimium
1916 1691 2175 1757 retinere,
2206 1710 2383 1762 quum
2405 1701 2629 1765 pactum

443 1784 613 1843 fuerit
639 1804 807 1843 usura
825 1786 1094 1843 infectum
1121 1806 1134 1843 :
1168 1804 1272 1843 nec
1293 1800 1484 1862 potest
1503 1788 1663 1845 titulo
1680 1808 1755 1845 ex
1778 1790 2031 1865 periculo
2055 1791 2153 1857 uti,
2175 1808 2349 1861 quum
2372 1790 2629 1865 ignotum

443 1884 498 1941 ei
523 1883 683 1951 foret,
711 1884 957 1957 ideoque
984 1884 1136 1942 haud
1161 1896 1316 1942 esset
1340 1896 1660 1943 contractus
1688 1887 1956 1945 conditiO.

1096 2122 1146 2195 §.
1189 2122 1297 2179 IV.
1341 2122 1570 2179 Usunffl
1614 2140 1995 2179 RESTITUTlo.

531 2312 664 2366 100.
708 2309 918 2378 Usura,
942 2328 1119 2387 quum
1145 2310 1220 2367 sit
1245 2320 1538 2387 peccatum
1570 2320 1764 2368 contra
1782 2311 2083 2386 justitiam,
2111 2328 2227 2367 non
2249 2310 2509 2367 transfert
2535 2310 2633 2367 do-

445 2407 706 2474 minium,
734 2407 981 2481 ideoque
1008 2409 1355 2466 restituenda
1381 2418 1515 2465 sunt
1541 2428 1668 2479 quae
1700 2410 1774 2465 ita
1799 2418 1933 2466 sunt
1969 2419 2219 2483 accepta,
2248 2410 2329 2465 uti
2372 2407 2538 2467 docet
2570 2409 2629 2465 in

442 2504 680 2561 laudatis
705 2506 903 2563 litteris
931 2506 1242 2581 encyclicis
1270 2506 1619 2564 Benedictus
1645 2504 1813 2563 XIV.
1836 2526 1850 2562 ε
1940 2515 1977 2541 “
2000 2506 2219 2564 Contra
2250 2505 2429 2563 mutui
2454 2508 2630 2578 siqui-

449 2600 578 2659 dem
605 2604 814 2681 legem‚
844 2624 971 2677 quae
1000 2604 1319 2663 necessario
1348 2606 1407 2662 in
1435 2604 1550 2661 dati
1591 2613 1756 2675 atque
1780 2602 1983 2660 redditi
2014 2603 2327 2675 aequalitate
2356 2610 2630 2669 versatur,

451 2719 616 2776 agere
642 2702 736 2759 ille
764 2706 1137 2773 convincitur,
1167 2705 1449 2777 quisquis,
1491 2688 1692 2759 eadem
1720 2700 2034 2773 aequalitate
2060 2703 2241 2759 semel
2270 2702 2474 2777 posita,
2503 2701 2631 2777 plus

447 2798 657 2871 aliquid
685 2820 718 2856 a
744 2802 1016 2874 quolibet,
1045 2806 1101 2862 vi
1130 2804 1311 2861 mutui
1337 2788 1541 2879 ipsius,
1572 2802 1663 2858 cui
1690 2819 1794 2878 per
1819 2801 2036 2876 aequale
2068 2800 2192 2877 jam
2219 2800 2355 2857 satis
2394 2810 2483 2857 est
2506 2799 2633 2857 ‘fac-

449 2906 590 2963 tum,
619 2901 852 2973 exigere
880 2900 1062 2959 adhuc
1089 2920 1202 2959 non
1231 2910 1482 2959 veretur:
1514 2900 1865 2976 proindeque
1886 2899 1938 2958 si
1965 2899 2265 2976 acceperit,
2289 2898 2635 2957 restituendo

451 2996 558 3052 erit
583 2996 863 3055 obnoxius
891 3016 966 3056 ex
1009 3001 1134 3078 ejus
1174 3000 1514 3075 obligatione
1547 2999 1804 3075 justitiae,
1844 3016 2012 3069 quam
2052 2999 2509 3057 commutativam
2538 3016 2635 3073 ap-

449 3094 681 3169 pellant,
710 3108 768 3154 et
805 3099 967 3175 cujus
1009 3110 1114 3166 est,
1144 3100 1204 3157 in
1244 3099 1507 3156 humanis
1549 3097 1925 3155 contractibus
1954 3098 2327 3169 aequalitatem
2356 3097 2634 3176 cujusque

445 3196 734 3269 propriam
761 3206 818 3253 et
841 3208 1032 3256 sancte
1060 3218 1304 3266 servare,
1324 3209 1381 3255 et
1400 3218 1516 3256 non
1545 3208 1824 3255 servatam
1846 3207 2044 3254 exacte
2063 3196 2389 3272 reparare.”
2459 3195 2629 3261 Quae-

447 3310 693 3367 cumque
716 3296 902 3371 igitur,
925 3299 1141 3371 absque
1153 3299 1311 3374 justo
1339 3298 1519 3365 titulo,
1543 3305 1773 3370 accepta
1798 3305 1931 3353 sunt
1954 3296 2136 3352 mutui
2158 3296 2481 3361 occasione,
2500 3303 2635 3351 sunt

448 3390 694 3450 dominis
719 3398 1064 3455 restituenda
1089 3417 1219 3454 cum
1246 3397 1520 3455 fructibus
1547 3394 1913 3471 naturalibus,
1944 3412 2057 3450 non
2100 3404 2283 3450 autem
2322 3393 2421 3463 qui
2449 3411 2522 3449 ex
2551 3394 2633 3449 in-

449 3489 660 3549 dustria
698 3496 905 3551 utentis
947 3507 1080 3553 sunt
1123 3495 1389 3552 derivata.
1476 3494 1763 3551 caeterum
1814 3491 2084 3548 damnum
2130 3489 2505 3566 reparandum
2548 3500 2637 3545 est

449 3592 600 3667 quod
641 3610 716 3649 ex
757 3596 999 3669 pecunia
1037 3594 1315 3652 subtracta
1341 3592 1577 3649 domino
1619 3590 1879 3666 legitimo
1919 3588 2169 3645 obvenit.
2254 3586 2373 3643 Res
2402 3585 2633 3657 quidem

453 3690 792 3751 difficillima
830 3702 919 3748 est
949 3692 1074 3749 haec
1113 3690 1416 3747 sanissima
1455 3690 1735 3765 principia
1774 3689 1833 3745 in
1872 3705 2040 3742 usum
2079 3684 2389 3741 deducere:
2434 3683 2561 3741 ideo
2587 3685 2638 3741 si

451 3801 674 3849 constet
698 3790 947 3862 aliquem
989 3808 1186 3848 usuras
1226 3790 1532 3865 accepisse,
1563 3788 1773 3856 absque
1814 3784 1976 3841 titulo
2016 3783 2341 3850 sufficienti,
2371 3784 2477 3840 erit
2516 3802 2637 3841 mo-

453 3890 676 3947 nendus
703 3890 1073 3947 restitutionis
1093 3888 1385 3957 faciendae,
1408 3887 1613 3944 divinae
1632 3883 1783 3941 illius
1804 3883 2094 3939 sententiae
2118 3901 2355 3940 memor.
2424 3891 2462 3917 ·'‘
2483 3867 2639 3949 Quid

451 3989 604 4045 enim
648 3988 880 4063 prodest
919 3988 1158 4052 homini,
1200 3988 1250 4043 si
1293 3984 1568 4043 mundum
1609 3982 1939 4039 universum
1977 3982 2243 4048 lucratur,
2274 3983 2475 4039 animae
2502 3980 2634 4039 vero

454 4104 571 4143 suae
597 4084 998 4141 detrimentum
1026 4084 1264 4160 patiatur
1279 4080 1378 4137 3⁹⁹²
1457 4082 1628 4149 Quod
1655 4082 1704 4138 si
1733 4079 2063 4158 praejudicia
2087 4098 2389 4151 moresque
2416 4081 2640 4137 obstent

453 4204 526 4242 ne
553 4185 870 4261 injunctum
900 4183 1008 4239 sibi
1035 4200 1243 4240 munus
1269 4182 1515 4257 expleat,
1544 4181 1829 4257 oportebit
1848 4197 2277 4251 nonnumquam
2307 4178 2377 4236 ad
2397 4196 2637 4235 consen·
2711 4204 2718 4215 =

457 4300 586 4342 sum
632 4300 826 4340 eorum
868 4298 1106 4355 quorum
1149 4282 1380 4339 interest
1417 4298 1723 4348 recurrere,
1754 4279 1822 4335 ad
1864 4298 1993 4337 eum
2036 4297 2207 4338 onere
2249 4272 2676 4336 eximendum.²

663 4487 747 4551 (1)
787 4482 936 4534 Latii.
958 4500 1008 4534 n.
1033 4487 1148 4533 773.
1955 4484 2041 4547 (2)
2082 4481 2222 4529 Μαι
2244 4479 2344 4527 xvi.
2367 4479 2453 4525 26.
