3117 5217
819 597 933 656 DE
976 596 1238 656 FAMAE
1279 597 1397 658 ET
1438 597 1825 657 HONORIS·
1859 597 2280 657 LAESIONE.
2527 603 2638 658 103

462 769 665 844 ripere,
693 769 791 826 vix
814 767 991 827 violat
1020 767 1323 844 justitiam,
1351 786 1483 825 nam
1524 787 1639 826 non
1669 767 1890 825 videtur
1915 768 2094 826 teneri
2120 786 2194 826 ex
2222 767 2414 826 officio
2442 767 2514 826 ad
2539 770 2642 828 im-

464 867 807 942 pediendum
858 867 1073 926 malum
1127 866 1439 942 temporale
1479 867 1738 934 alterius,
1793 867 1960 939 quale
2025 876 2115 924 est
2165 867 2330 925 famae
2383 869 2640 938 amissio,

462 967 720 1038 quamvis
746 966 946 1024 debeat
985 965 1281 1042 invigilare
1321 984 1392 1022 ne
1433 965 1642 1025 subditi
1661 999 1668 1004 -
1685 978 1942 1041 peccent.
2029 965 2201 1031 Quod
2227 968 2278 1024 ui
2317 969 2641 1042 superiores

458 1065 545 1122 vel
576 1066 671 1123 alii
700 1066 1045 1139 quicumque
1072 1063 1344 1141 plaudant
1381 1064 1606 1122 subdito
1647 1064 1982 1132 detrahenti,
2011 1064 2102 1122 vel
2139 1065 2436 1124 hortentur
2461 1075 2522 1124 ut
2545 1066 2642 1126 de·

464 1164 703 1232 trahant,
732 1183 902 1222 causa
927 1174 1062 1223 sunt
1087 1163 1281 1222 damni
1310 1163 1463 1236 quod
1504 1164 1702 1221 alienae
1743 1163 1906 1221 famae
1949 1164 2202 1232 obvenit,
2231 1164 2477 1237 ideoque
2505 1165 2645 1224 illud

462 1281 536 1321 ex
553 1264 777 1339 justitia
800 1281 1061 1339 reparare
1088 1261 1313 1321 debent.

549 1366 685 1420 160.
728 1361 949 1420 Omnes
977 1371 1173 1419 contra
1198 1360 1527 1418 charitatem
1569 1369 1823 1435 peccant,
1860 1361 2082 1435 quoties
2122 1361 2358 1420 libenter
2383 1373 2652 1438 praestant

464 1479 630 1518 aures
656 1460 993 1527 detrahenti,
1023 1461 1135 1518 nisi
1160 1459 1353 1536 forsan
1379 1461 1441 1517 in
1468 1458 1640 1517 modo
1667 1459 2000 1518 detrahendi
2023 1469 2238 1518 tantum
2264 1461 2372 1518 sibi
2397 1464 2646 1539 compla-

464 1569 652 1624 ceant,
684 1558 835 1632 quod
876 1559 1133 1636 leporum
1162 1578 1226 1616 ac
1254 1559 1582 1617 facetiarum
1617 1558 1861 1616 disertus
1890 1559 1982 1616 sit.
2066 1557 2318 1616 Peccant
2353 1560 2520 1618 etiam
2547 1562 2650 1634 qui

464 1659 771 1716 curiositati
814 1657 1130 1734 indulgent,
1178 1657 1463 1716 audiendo
1503 1656 1894 1716 detrahentem
1939 1668 2002 1715 ut
2043 1675 2134 1714 res
2181 1668 2368 1734 gestas
2407 1658 2648 1720 aliorum

468 1755 715 1814 discant:
760 1756 861 1814 sed
900 1777 933 1814 a
970 1759 1129 1833 gravi
1167 1767 1407 1833 peccato
1444 1776 1479 1813 a
1522 1757 1782 1832 pluribus
1823 1767 2185 1824 excusantur,
2227 1758 2452 1831 quoties
2495 1761 2652 1818 abent

468 1853 770 1918 delectatio
798 1854 869 1912 de
896 1855 1265 1914 detractione.

551 1959 684 2012 161.
728 1955 845 2022 Qui
872 1974 987 2014 non
1014 1954 1336 2032 impediunt
1372 1953 1800 2024 detractionem,
1832 1974 2010 2029 quum
2037 1955 2205 2014 facile
2246 1956 2492 2032 possint,
2525 1977 2648 2034 gra-

464 2054 613 2111 viter
636 2063 829 2112 contra
854 2053 1183 2112 charitatem
1210 2063 1465 2130 peccant,
1495 2056 1722 2126 quoties
1749 2063 1912 2114 atrox
1933 2054 2096 2112 valde
2124 2065 2214 2112 est
2238 2053 2532 2126 detractio,
2555 2058 2648 2116 vel

464 2171 741 2229 magnum
787 2153 955 2211 infert
992 2152 1261 2211 damnum
1300 2151 1588 2229 religioni,
1632 2163 1728 2210 aut
1764 2154 1984 2228 privato
2023 2153 2273 2212 cuilibet.
2359 2153 2650 2214 Caeterum

462 2252 797 2327 plerumque
824 2251 1060 2310 venialis
1088 2260 1303 2310 tantum
1329 2261 1419 2309 est
1442 2251 1631 2328 culpa,
1663 2270 1836 2324 quum
1861 2272 1938 2310 ex
1959 2253 2158 2310 animo
2186 2253 2396 2328 pusillo
2421 2263 2478 2310 et
2495 2261 2652 2312 vere-

468 2349 657 2409 cundo
684 2353 971 2427 contingat
996 2351 1149 2408 haud
1175 2347 1476 2425 impediri3
1521 2351 1613 2408 vel
1653 2349 1805 2424 quod
1835 2353 1964 2424 quis
1991 2351 2150 2409 alteri
2177 2352 2420 2427 graviter
2455 2352 2652 2430 displi-

470 2467 599 2506 cere
628 2450 836 2518 timeat,
866 2449 957 2508 vel
982 2449 1135 2521 quod
1164 2467 1237 2508 ne
1265 2459 1515 2506 arcessat
1540 2450 1800 2526 graviora
1825 2451 1974 2508 mala
2001 2460 2274 2509 vereatur.
2359 2451 2653 2524 Equidem

470 2547 766 2623 prudentia
808 2549 1113 2621 aliquando
1158 2566 1273 2608 non
1314 2549 1451 2606 sinit
1488 2556 1554 2605 ut
1594 2548 1888 2606 resistatur
1927 2548 2258 2617 detrahenti,
2288 2551 2388 2621 qui
2432 2551 2500 2608 ad
2547 2554 2658 2610 alia

470 2647 779 2706 enarranda
819 2647 981 2706 facile
1024 2657 1383 2724 provocatur.
1469 2647 1639 2722 Saepe
1667 2646 1853 2704 vultus
1893 2656 2148 2704 austerus
2189 2667 2319 2705 eum
2361 2649 2496 2705 satis
2535 2669 2656 2708 cor-

466 2747 637 2822 ripit:
684 2755 723 2782 ‘⁴
743 2747 963 2806 Ventus
992 2747 1206 2820 Aquilo
1234 2745 1473 2821 dissipat
1497 2745 1742 2821 pluvias,
1772 2754 1828 2802 et
1866 2745 2040 2804 facies
2069 2744 2241 2804 tristis
2267 2747 2521 2823 linguam
2559 2748 2656 2806 de-

468 2839 878 2904 tmhentemssss
960 2846 1285 2919 Aliquando
1308 2863 1638 2904 sermonem
1665 2845 1736 2902 ad
1763 2844 1874 2902 alia
1903 2843 2178 2903 divertere
2205 2855 2452 2922 praestat.

550 2949 682 3004 162.
728 2943 945 3003 Lucide
988 2964 1091 3020 pro
1133 2963 1291 3002 more
1331 2944 1647 3022 Angelicus
1676 2945 1893 3002 Doctor
1930 2945 2127 3013 tradit;
2175 2954 2213 2981 ‘⁴
2237 2945 2304 3003 Si
2331 2945 2533 3019 aliquis
2561 2946 2655 3004 de-

466 3045 766 3104 tractiones
814 3043 1002 3102 audiat
1046 3044 1259 3117 absque
1299 3043 1640 3111 resistentia,
1689 3043 1909 3100 videtur
1949 3043 2247 3102 detractori
2289 3047 2650 3106 consentire:

464 3143 611 3201 unde
637 3145 702 3201 fit
725 3143 1007 3220 particeps
1036 3143 1252 3218 peccati
1282 3143 1428 3219 ejus.
1513 3142 1596 3200 Et
1619 3143 1669 3200 si
1698 3141 1930 3216 quidem
1966 3142 2196 3202 inducat
2219 3164 2352 3202 eum
2381 3144 2451 3202 ad
2477 3146 2654 3203 detra-

465 3240 737 3311 hendum,
766 3242 857 3301 vel
882 3242 1082 3300 saltem
1112 3242 1331 3318 placeat
1368 3243 1423 3300 ei
1448 3242 1738 3310 detractio,
1779 3252 2012 3318 propter
2048 3243 2242 3302 odium
2271 3246 2399 3322 ejus
2441 3246 2536 3304 eui
2562 3243 2656 3302 de-

468 3342 731 3400 trahitur:
778 3361 895 3400 non
922 3343 1111 3400 minus
1151 3349 1353 3417 peceat
1388 3360 1563 3415 quam
1604 3340 1928 3410 detrahens,
1972 3352 2029 3399 et
2067 3342 2410 3415 quandoque
2449 3345 2651 3420 magis.

470 3439 641 3499 Unde
690 3440 1013 3499 Bernardus
1058 3440 1233 3498 dicit:
1280 3449 1294 3474 ‘
1314 3439 1649 3507 Detrahere,
1699 3449 1792 3499 aut
1836 3440 2224 3498 detrahentem
2265 3442 2480 3511 audire,
2525 3442 2663 3515 quid

470 3538 674 3597 horum
702 3538 1077 3598 damnabilius
1104 3539 1196 3606 sit,
1238 3558 1354 3596 non
1396 3538 1557 3596 facile
1587 3538 1876 3598 dixerim.’
1963 3539 2030 3596 Si
2062 3537 2194 3596 vero
2221 3557 2337 3596 non
2364 3541 2582 3614 placeat
2607 3540 2660 3596 ei

470 3650 788 3714 peccatum,
818 3638 920 3696 sed
947 3658 1022 3697 ex
1062 3640 1285 3705 timore,
1316 3638 1404 3696 vel
1445 3639 1810 3715 negligentia,
1842 3638 1934 3695 vel
1961 3637 2130 3694 etiam
2158 3637 2497 3693 verecundia
2526 3655 2663 3709 qua·

469 3737 599 3796 dam
627 3738 845 3796 omittat
867 3737 1142 3814 repellere
1183 3736 1593 3806 detrahentem,
1623 3746 1823 3812 peccat
1849 3735 2105 3808 quidem,
2134 3733 2234 3792 sed
2263 3735 2442 3792 multo
2469 3737 2660 3794 minus

469 3855 642 3908 quam
684 3836 1006 3905 detrahens,
1048 3847 1106 3894 et
1150 3837 1489 3914 plerumque
1536 3835 1850 3892 venialiter.
1937 3833 2298 3906 Quandoque
2341 3837 2511 3895 etiam
2551 3835 2663 3894 hoc

476 3945 664 4010 potest
688 3955 815 3994 esse
843 3947 1142 4013 peccatum
1172 3935 1427 4000 mortale,
1457 3933 1549 3990 vel
1576 3943 1807 4008 propter
1834 3932 1965 4000 hoc,
1995 3932 2150 4005 quod
2175 3933 2342 3993 alicui
2369 3954 2443 3994 ex
2471 3935 2664 3994 officio

472 4035 747 4094 incumbit
764 4034 1151 4094 detrahentem
1172 4034 1454 4108 corrigere
1479 4051 1493 4088 ε
1525 4032 1618 4089 vel
1644 4043 1875 4109 propter
1895 4031 2127 4104 aliquod
2149 4034 2483 4109 periculum,
2507 4034 2663 4106 quod

472 4133 706 4192 audiens
736 4136 895 4192 novit
918 4150 1279 4205 consequens
1302 4149 1317 4198 ;
1361 4130 1450 4188 vel
1479 4140 1712 4208 propter
1737 4130 2008 4199 radicem,
2039 4151 2153 4206 qua
2180 4133 2351 4192 timor
2377 4134 2661 4192 humanus

479 4234 823 4306 quandoque
851 4243 1037 4310 potest
1062 4251 1189 4290 esse
1219 4239 1515 4309 peccatum
1544 4226 1882 4289 mortale.”²

551 4437 635 4502 (1)
677 4436 820 4485 Prov.
842 4452 957 4485 xxv.
976 4439 1059 4484 23.
1654 4437 1738 4502 (2)
1778 4439 1825 4483 2.
1849 4438 1898 4482 2.
1921 4451 2002 4499 qu,
2029 4435 2184 4484 lxxiii.
2206 4439 2292 4483 art·
2313 4433 2378 4481 iv.
2447 4431 2597 4498 Κεφ.
