3117 5217
540 576 659 633 29⁰
988 574 1103 635 DE
1143 574 1588 635 LIBRORUM
1629 574 2278 639 PROHIBITIONE.

624 744 723 799 61.
765 738 883 805 Qui
908 738 1055 797 alios
1080 739 1255 797 libros
1278 740 1351 799 de
1370 740 1628 809 historia,
1648 742 2019 818 geographia,
2039 744 2372 815 caeterisque
2397 740 2733 817 hujusmodi

542 841 711 899 rebus
738 848 1063 905 tractantes,
1090 839 1149 897 in
1189 840 1397 909 quibus
1438 840 1684 916 plurima
1709 840 1848 899 hinc
1885 840 2018 899 inde
2056 844 2416 922 reperiuntur
2453 840 2586 897 fidei
2631 839 2730 897 ad-

542 956 723 1005 versa,
750 936 967 1013 legunt,
1008 939 1271 995 excusari
1296 937 1578 1007 videntur,
1617 940 1694 997 ob
1729 938 2120 999 difficultatem
2159 941 2472 999 maximam
2510 957 2639 1010 quae
2669 939 2732 995 in

542 1037 703 1096 libris
746 1035 1137 1094 discernendis
1180 1036 1696 1113 comparandisque
1733 1038 2010 1105 hebetum
2051 1057 2230 1110 quum
2269 1039 2426 1095 enim
2467 1036 2732 1113 plerique

542 1136 671 1194 libri
696 1134 939 1211 Anglico
966 1153 1229 1193 sermone
1270 1136 1471 1213 scripti
1510 1136 1856 1197 acatholicos
1897 1152 2156 1195 auctores
2181 1137 2447 1204 habeant,
2474 1136 2572 1191 vix
2599 1134 2728 1193 fieri

542 1243 729 1311 potest
752 1246 816 1291 ut
841 1232 1149 1301 Catholici,
1176 1236 1391 1307 absque
1430 1236 1772 1311 gravissimo
1809 1236 2062 1294 scientiae
2095 1235 2456 1302 detrimento,
2483 1233 2728 1305 aliisque

542 1332 947 1400 incommodis,
976 1334 1047 1389 ab
1072 1334 1143 1391 iis
1170 1352 1235 1391 se
1262 1334 1600 1392 abstineant.
1680 1332 1822 1393 Ideo
1847 1333 2068 1391 videtur
2093 1334 2374 1391 Ecclesiae
2401 1333 2726 1407 benignitas

544 1430 605 1490 id
642 1432 957 1509 indulgere,
998 1450 1071 1489 ne
1112 1432 1432 1491 irretiantur
1470 1434 1674 1491 animae
1703 1433 1954 1505 alioquin
1995 1435 2128 1509 piae.
2211 1431 2499 1489 Caeterum
2541 1430 2734 1507 provi-

542 1529 791 1590 dendum
818 1529 1016 1589 sedulo
1044 1548 1117 1587 ne
1138 1532 1521 1607 pei-versionis
1548 1531 1758 1589 oriatur
1781 1532 2048 1599 occasio;
2076 1530 2508 1603 ideoque-omni
2533 1528 2728 1587 studio

542 1629 930 1697 laborandum,
960 1639 1020 1687 ut
1047 1630 1179 1687 libri
1202 1631 1501 1706 expurgati
1526 1630 1856 1687 habeantur.

622 1734 721 1789 62.
766 1732 959 1797 Quum
1008 1730 1429 1805 scripturarum
1474 1729 1660 1785 versio
1704 1728 1950 1805 Anglica
1991 1747 2026 1784 a
2069 1728 2518 1785 Protestantibus
2563 1725 2724 1783 edita

543 1830 737 1905 plures
776 1831 1062 1887 contineat
1100 1827 1359 1893 mendae,
1404 1827 1590 1899 sitque
1619 1827 1942 1902 justissime
1981 1844 2016 1882 a
2053 1827 2310 1885 Summis
2351 1825 2732 1883 Pontificibus

542 1929 734 1992 vetita,
762 1929 911 1985 sicut
934 1936 991 1983 et
1016 1938 1231 1983 caeterae
1258 1942 1461 1983 omnes
1484 1926 1778 1983 versiones
1799 1944 1926 1998 quae
1953 1943 1986 1981 e
2013 1925 2249 1983 Biblicae
2277 1924 2578 1983 Societatis
2603 1921 2736 1979 offi-

540 2026 671 2083 cina
696 2023 1011 2099 prodeunt;
1039 2040 1399 2096 nequaquam
1420 2022 1862 2098 permittendum
1887 2032 1976 2081 est
1995 2033 2060 2081 ut
2078 2022 2364 2081 Catholici
2387 2042 2455 2081 ea
2475 2030 2725 2087 utantur,

544 2123 855 2200 praesertim
884 2140 1059 2194 quum
1088 2123 1171 2179 sic
1198 2122 1451 2179 foveatur
1490 2140 1728 2198 pravum
1761 2123 2128 2200 principium,
2157 2120 2312 2195 quod
2339 2140 2446 2180 suo
2485 2122 2734 2194 quisque

534 2222 759 2301 judicio
786 2221 961 2279 fidem
986 2222 1097 2279 sibi
1122 2238 1453 2296 comparare
1480 2221 1700 2279 debeat.
1785 2222 1960 2280 Pueri
1999 2222 2058 2278 in
2085 2220 2298 2278 scholis
2337 2220 2580 2295 publicis
2605 2236 2730 2275 non

543 2322 754 2381 debent
790 2339 859 2377 ea
884 2321 1145 2378 versione
1184 2320 1305 2385 uti;
1346 2337 1453 2376 nec
1494 2320 1748 2395 magistri
1785 2338 2024 2395 operam
2065 2337 2228 2377 suam
2273 2319 2334 2375 in
2373 2338 2444 2377 ea
2482 2316 2734 2393 legenda

544 2428 832 2497 praestare.
916 2416 1145 2474 Fideles
1192 2435 1309 2475 non
1354 2426 1578 2492 oportet
1619 2436 1747 2475 eam
1793 2418 1950 2475 domi
1992 2418 2254 2475 retinere.
2341 2415 2626 2475 Caeterum
2679 2416 2730 2472 si

546 2520 647 2592 qui
672 2518 789 2575 sint
812 2534 997 2591 nuper
1032 2516 1105 2573 ad
1145 2515 1317 2573 fidem
1356 2517 1640 2583 conversi,
1671 2516 1768 2587 qui
1812 2517 1999 2575 Biblia
2041 2534 2074 2571 a
2113 2516 2234 2573 suis
2275 2517 2588 2593 majoribus
2626 2532 2734 2589 per

546 2636 749 2675 manus
776 2616 993 2681 tradita,
1034 2616 1095 2671 in
1120 2615 1325 2687 quibus
1352 2624 1411 2671 et
1436 2616 1672 2673 nomina
1697 2626 1990 2691 parentum
2031 2624 2090 2671 et
2125 2615 2374 2673 filiorum
2413 2614 2732 2673 inscribun-

546 2726 656 2783 tur,
684 2724 851 2791 prout
878 2732 1001 2772 mos
1030 2723 1135 2781 est,
1165 2714 1461 2780 retineant,
1488 2732 1605 2771 non
1644 2712 1906 2771 videntur
1925 2722 2120 2771 contra
2145 2732 2350 2771 sensus
2379 2713 2730 2783 affectusque

546 2832 683 2873 suos
708 2812 955 2888 cogendi
980 2821 1043 2869 ut
1068 2830 1137 2867 ea
1160 2812 1459 2886 abjiciant;
1501 2812 1786 2888 Apostolo
1811 2824 2116 2869 monente:
2163 2812 2508 2869 “infirmum
2537 2821 2730 2868 autem

549 2914 610 2971 in
636 2912 749 2968 fide
778 2905 1144 2967 assumite.”¹
1226 2909 1355 2967 Imo
1398 2910 1678 2985 neophyti
1719 2911 1976 2987 plerique
2017 2930 2132 2969 non
2161 2909 2424 2967 videntur
2465 2908 2730 2985 urgendi,

546 3020 611 3067 ut
634 3010 811 3067 libros
854 3026 997 3081 quos
1026 3008 1345 3068 habuerunt
1380 3019 1508 3066 ante
1534 3010 1970 3067 conversionem
2009 3008 2308 3075 dimittant,
2337 3026 2514 3079 quum
2543 3007 2729 3067 offen·

548 3110 769 3166 sionem
798 3108 905 3163 hac
932 3109 993 3164 in
1018 3126 1078 3163 re
1106 3106 1272 3165 facile
1300 3109 1602 3182 patiantur,
1625 3116 1684 3163 et
1699 3109 1954 3180 alioquin
1979 3126 2094 3167 non
2115 3116 2410 3165 versentur
2432 3108 2494 3165 in
2521 3126 2734 3184 magno

550 3206 835 3281 pericu103
877 3213 1085 3261 norunt
1110 3204 1263 3260 enim
1279 3207 1401 3281 jam
1430 3222 1670 3271 errores,
1699 3208 1798 3277 qui
1827 3207 1904 3264 ibi
1929 3208 2307 3265 continentur.

626 3306 725 3359 63.
780 3302 925 3367 Quae
973 3301 1291 3375 Gregorius
1332 3302 1501 3359 XVI.
1544 3303 1901 3361 sanctissime
1947 3305 2148 3371 edixit,
2192 3303 2486 3363 licentiam
2527 3305 2724 3379 impri-

549 3400 745 3459 mendi
786 3399 943 3457 nullo
990 3399 1171 3456 froeno
1216 3400 1428 3477 injecto
1474 3409 1752 3477 spectant,
1780 3420 1894 3474 qua
1919 3404 2096 3479 impia
2113 3420 2356 3475 quaeque
2383 3414 2440 3459 et
2464 3404 2732 3460 obscoena

548 3519 581 3559 e
620 3500 779 3577 prelo
805 3498 1088 3575 prodeunt
1112 3518 1242 3556 cum
1270 3508 1424 3557 tanto
1464 3500 1780 3559 animarum
1805 3500 2034 3559 damno.
2119 3502 2483 3573 Quicumque
2511 3501 2734 3559 noverit

550 3601 833 3676 pessimos
860 3598 1049 3656 omnis
1089 3598 1315 3673 generis
1355 3599 1531 3658 libros
1573 3600 1672 3669 qui
1711 3617 1745 3655 e
1784 3601 1965 3675 prelo,
1997 3600 2226 3659 Gallico
2267 3601 2600 3675 praesertim,
2629 3616 2734 3673 per

552 3699 809 3757 seculum
856 3697 1114 3771 elapsum
1157 3697 1357 3756 emissi
1397 3707 1549 3765 sunt,
1597 3716 1712 3755 non
1753 3700 1960 3773 poterit
1995 3701 2168 3757 verba
2207 3698 2504 3757 Pontificis
2542 3714 2732 3753 rerum

550 3797 779 3853 veritate
806 3796 911 3853 niti
938 3814 1055 3853 non
1094 3816 1439 3872 agnoscere:
1486 3806 1523 3832 ‘⁶
1549 3795 1684 3853 Huc
1723 3806 1942 3873 spectat
1977 3797 2280 3856 deterrima
2321 3797 2418 3854 illa
2455 3815 2522 3853 ac
2563 3813 2728 3853 num·

550 3910 717 3965 quam
748 3894 883 3950 satis
910 3894 1227 3951 execranda
1250 3905 1307 3951 et
1332 3894 1678 3953 detestabilis
1718 3895 1947 3953 libertas
1985 3897 2118 3953 artis
2144 3896 2384 3953 librariae
2413 3895 2484 3952 ad
2508 3894 2722 3970 scripta

548 3990 813 4063 quaelibet
837 3992 1059 4049 edenda
1091 3992 1151 4048 in
1178 3987 1481 4068 vulgus.”²
1560 3992 1825 4051 Profecto
1853 3995 1992 4070 ipsae
2021 4004 2228 4053 nostrae
2254 3994 2433 4069 leges,
2461 3993 2730 4065 quamvis

549 4088 795 4146 libertati
820 4090 965 4163 preli
990 4091 1305 4157 consulant,
1328 4109 1455 4149 eam
1476 4100 1662 4149 tamen
1685 4093 1854 4149 certis
1873 4102 2086 4151 arctant
2102 4093 2394 4159 limitibus,
2417 4109 2732 4168 poenasque

548 4205 617 4245 ea
642 4187 995 4275 abutentibus
1022 4184 1322 4264 irrogant.³
1401 4190 1470 4247 In
1497 4190 1750 4248 Statibus
1777 4190 2267 4260 meridionalibus,
2291 4194 2350 4249 in
2381 4191 2586 4264 quibus
2615 4209 2732 4249 ser·

625 4326 709 4391 (1)
748 4324 890 4372 Rom.
914 4323 1011 4371 xiv.
1034 4324 1083 4391 i..
1471 4326 1556 4392 (2)
1597 4327 1692 4391 Ep.
1717 4328 2004 4392 Encycliea,
2027 4344 2160 4379 anno
2187 4332 2333 4378 1832.

630 4412 715 4476 (3)
754 4409 831 4457 De
855 4408 1095 4457 Vattelius
1116 4416 1373 4471 postquam
1390 4410 1449 4459 de
1472 4412 1687 4461 libertate
1708 4412 1828 4475 preli
1847 4413 2162 4473 disseruisset,
2183 4414 2458 4479 subjunxit:
2496 4414 2560 4461 “I
2583 4415 2732 4463 know

552 4496 659 4544 that
680 4493 777 4541 this
794 4493 963 4555 liberty
988 4492 1077 4541 has
1098 4492 1161 4541 its
1175 4494 1280 4557 just
1317 4494 1535 4554 bounds;
1569 4495 1675 4545 that
1707 4512 1738 4545 a
1772 4496 1890 4545 wise
1923 4504 2243 4557 government
2273 4497 2427 4559 ought
2445 4504 2497 4545 to
2518 4498 2644 4547 have
2667 4514 2730 4547 an
