3117 5217
901 563 1014 622 DE
1055 563 1587 624 JUDIOIORUM
1626 561 1975 624 oRmNE.
2042 531 2053 544 “
2413 569 2531 624 345

1234 1071 1519 1134 CAPUT
1557 1071 1637 1133 ΙΙ.

1069 1277 1146 1316 DE
1179 1276 1350 1317 some
1357 1273 1546 1318 lorum
1573 1275 1821 1318 ORDINE·

413 1428 476 1480 8.
519 1422 558 1480 J
563 1422 752 1480 udicia
775 1423 1092 1482 ordinaria
1119 1425 1382 1489 dicuntur
1407 1447 1478 1485 ea
1515 1428 1575 1484 in
1614 1428 1819 1499 quibus
1856 1418 2147 1485 consueta}
2190 1429 2384 1487 formae
2420 1447 2535 1486 ser-

333 1531 574 1580 vantur:
629 1514 984 1581 summario·
1013 1543 1168 1592 vero,
1221 1545 1348 1599 quae
1391 1527 1537 1584 fiunt
1588 1526 1819 1584 omissis
1863 1527 2011 1600 juris
2062 1525 2533 1595 solemnitatibuS,

329 1621 526 1692 iisque
555 1630 769 1678 tantum
797 1624 1062 1698 peractis,
1091 1642 1218 1696 quae
1245 1625 1314 1682 ad
1341 1625 1632 1682 veritatem
1664 1623 2119 1700 cognoscendam
2158 1626 2533 1697 requiruntur.

340 1717 718 1784 criminalia
747 1719 966 1796 judicia
992 1731 1282 1780 versantur
1305 1724 1454 1782 circa
1480 1722 1716 1780 delicta:
1760 1721 1967 1782 civilia
2004 1725 2415 1782 controversias
2463 1723 2533 1782 de

333 1819 508 1876 bonis
542 1819 885 1896 juribusque
906 1809 1186 1896 spectant,
1267 1820 1665 1890 Procurator,
1694 1841 1795 1879 seu
1824 1821 2010 1882 alieni
2037 1821 2213 1900 juris
2240 1821 2533 1892 vicarius,

335 1917 544 1976 civiles
585 1935 786 1976 causas
827 1919 1072 1983 actoris,
1115 1921 1204 1978 vel
1243 1921 1332 1979 rei
1353 1923 1626 1988 nomine,
1670 1931 1857 1997 potest
1895 1922 2185 1996 prosequi,
2230 1923 2281 1978 si
2328 1921 2539 1998 scripto

335 2016 514 2075 fuerit
567 2016 858 2092 delegatus
879 2013 924 2074 :¹
971 2000 1086 2077 nori
1135 2029 1322 2078 autem
1373 2021 1717 2078 criminales.
1810 2018 2267 2089 Universitatea,
2322 2021 2541 2080 scilicet

335 2126 524 2175 coetus
543 2116 908 2187 quicumque,
929 2118 1360 2176 Procuratorem
1381 2119 1625 2197 syndici
1646 2121 1877 2176 nominc
1898 2129 2176 2198 coguntur
2190 2115 2534 2188 instituere‚²

335 2215 442 2287 qui
491 2217 556 2274 in
610 2215 997 2272 criminalibus
1043 2217 1276 2292 judiciis
1328 2219 1496 2274 etiam
1549 2218 1847 2292 excipitur.
1933 2215 2293 2275 clericorum
2336 2229 2535 2275 ‘causae
2594 2205 2597 2212 ¹

341 2328 552 2374 omnes
581 2323 699 2371 tum
729 2314 930 2372 civiles
956 2324 1074 2372 tum
1102 2317 1448 2383 criminaleS,
1476 2293 1591 2373 frisi
1628 2318 1825 2374 eontra
1860 2316 2065 2374 laicum
2108 2317 2311 2373 actoris
2350 2326 2539 2391 partes

337 2412 680 2478 sustineant,
709 2412 780 2470 ad
807 2413 1254 2472 ecclesiasticum
1283 2415 1466 2472 sorum
1495 2416 1781 2498 pertinent
1808 2415 1937 2490 jure
1966 2416 2243 2475 canonico
2274 2424 2331 2472 et
2356 2416 2531 2474 civili.

421 2515 482 2568 9.
527 2511 686 2569 Reus
705 2509 961 2588 judicem
991 2522 1206 2570 certum
1231 2515 1461 2571 sortitur
1485 2531 1563 2574 ex
1590 2523 1831 2585 quatuor
1844 2512 2163 2588 ‘praesertim
2192 2515 2401 2578 caucin,
2430 2515 2537 2571 sci-

339 2610 484 2668 licet
507 2627 582 2666 ex
607 2609 936 2677 domicilio,
969 2630 1041 2668 ex
1069 2618 1400 2680 contractu,
1429 2630 1504 2670 ex
1530 2630 1593 2670 re
1618 2612 1760 2678 cita,
1791 2629 1865 2668 ex
1892 2610 2123 2670 delicto.
2209 2611 2275 2668 Si
2302 2601 2539 2670 domici-

337 2709 486 2766 lium
515 2727 632 2766 non
657 2711 732 2766 sit
756 2710 1058 2768 nativitatis
1085 2710 1264 2777 locus,
1295 2711 1462 2768 debet
1485 2723 1643 2768 certo
1668 2721 1927 2772 constare
1970 2728 2127 2768 reum
2160 2727 2356 2767 revera
2394 2710 2537 2768 illud

341 2827 414 2864 eo
440 2807 556 2864 loci
581 2808 961 2866 constituisse.
1047 2809 1144 2866 Ex
1173 2815 1484 2868 contractu
1509 2821 1698 2867 certus
1730 2809 1935 2886 judicii
1960 2811 2123 2868 loeus
2150 2818 2339 2885 potest
2364 2811 2532 2877 oriri;

343 2925 480 2964 nam
509 2925 580 2962 eo
599 2907 714 2964 loci
729 2907 1007 2982 agendum
1027 2918 1132 2973 eat,
1154 2925 1268 2979 quo
1295 2908 1466 2966 initus
1489 2919 1577 2966 est
1594 2919 1933 2979 contractus,
2000 2906 2111 2967 Ex
2132 2927 2193 2966 re
2212 2907 2333 2965 sita
2354 2909 2535 2986 judex

339 3005 478 3072 loci,
495 3005 554 3062 in
577 3024 692 3077 quo
709 3006 914 3077 aliquis
942 3007 1110 3062 habet
1134 3007 1494 3074 beneficium,
1525 3009 1615 3066 vel
1644 3027 1765 3066 rem
1794 3009 2064 3078 aliquam,
2089 3008 2159 3065 de
2188 3026 2301 3080 qua
2326 3010 2529 3083 agitur,

347 3105 738 3178 auctoritatem
767 3124 930 3164 suam
960 3115 1206 3164 exercet.
1291 3100 1400 3164 Ex
1427 3104 1638 3166 delicto
1666 3108 1841 3164 oritur
1859 3107 2184 3184 jurisdictio
2204 3105 2533 3183 judiciloei,

348 3208 410 3264 in
436 3224 554 3277 quo
581 3207 798 3263 crimen
823 3207 930 3266 fuit
955 3215 1251 3283 patratum,
1281 3207 1423 3266 adeo
1449 3215 1512 3264 ut
1535 3208 1723 3266 alieno
1750 3207 1957 3264 clerieo
1984 3207 2043 3266 in
2072 3206 2301 3264 dioeceei
2344 3207 2537 3280 aliqua

349 3305 702 3376 delinquenti
733 3325 930 3381 poenas
957 3306 1202 3382 irrogare
1230 3307 1410 3364 valeat
1432 3307 1546 3366 loci
1590 3308 1737 3365 illius
1776 3308 2104 3384 episcopus·
2188 3307 2252 3363 Si
2279 3307 2541 3365 beneficii

347 3403 502 3477 quod
531 3405 592 3462 in
619 3423 722 3460 sua
747 3406 983 3462 dioecesi
1013 3406 1198 3471 habet,
1217 3407 1593 3480 privationem
1623 3407 1765 3472 ferat
1788 3408 2099 3463 sententia:
2134 3414 2173 3441 ‘⁶
2190 3424 2292 3480 per
2318 3383 2541 3479 ep'isco·

349 3523 511 3579 pum,
541 3503 600 3560 in
629 3503 792 3579 cujus
817 3505 1052 3562 dioecesi
1079 3503 1338 3576 deliquit,
1367 3506 1643 3562 sententia
1680 3505 2033 3580 promulgari
2056 3504 2263 3578 poterit
2302 3504 2359 3558 in
2401 3523 2538 3560 eun·

353 3601 482 3660 dem
507 3622 522 3658 :
553 3601 656 3658 sed
682 3604 749 3660 ab
777 3621 866 3671 eo,
896 3603 1144 3679 incujus
1171 3601 1406 3660 dioecesi
1431 3603 1771 3664 beneficium
1799 3603 2033 3667 obtinet,
2057 3601 2163 3658 erit
2188 3598 2372 3672 quoad
2403 3601 2541 3659 illud

351 3702 616 3759 executio
655 3693 1036 3760 facienda.”³⁷
1090 3700 1234 3759 Haec
1264 3721 1378 3776 prae
1405 3701 1586 3759 oculis
1627 3700 1888 3758 habenda
1926 3709 2074 3766 sunt,
2116 3690 2275 3765 nam,
2322 3707 2543 3756 “extra

357 3801 698 3858 territorium
717 3803 815 3878 jus
835 3800 1046 3869 dicenti
1068 3818 1180 3857 non
1211 3813 1436 3877 paretur
1459 3793 1795 3876 impune.”⁴
1872 3798 2541 3875 Religiosiin'plerisque

359 3900 702 3976 plerumque·
725 3900 1036 3978 privilegiis
1063 3901 1392 3958 eximuntur
1416 3920 1448 3956 a
1465 3899 1680 3976 judicis
1708 3897 1973 3968 ordinarii
2002 3899 2350 3956 auctoritate.
2384 3965 2394 3974 ‚

440 4001 533 4055 10.
578 4001 773 4068 Actor,
804 4001 901 4071 qui
922 4000 978 4057 in
999 3998 1285 4077 judicium
1311 3999 1485 4066 venit,
1514 3997 1709 4056 libello
1732 3998 1897 4056 debet
1916 3999 2157 4056 breviter
2182 4008 2240 4055 et
2268 3999 2417 4055 clare
2445 4017 2563 4075 εις-χ

355 4115 570 4176 ponere
599 4116 724 4169 quae
752 4100 895 4174 petit
916 4089 964 4166 3³
990 4098 1233 4171 ideoque
1255 4099 1304 4155 si
1324 4096 1797 4157 conventionalia
1824 4099 1919 4164 sit,
1942 4097 2011 4155 de
2040 4116 2099 4154 re
2126 4099 2347 4156 scilicet
2370 4083 2543 4165 civili,

430 4257 516 4320 (1)
558 4253 680 4319 Cap.
704 4255 735 4302 i.
759 4255 819 4304 de
840 4271 1026 4318 procur.
1699 4258 1777 4320 (2)
1816 4255 1939 4318 Cap.
1963 4255 2043 4303 vii.
2068 4256 2172 4304 eod.
2197 4256 2270 4304 tit.

428 4343 514 4406 (Β)
556 4340 680 4403 Gap,
700 4341 800 4389 xiv.
821 4327 880 4391 He
900 4340 1019 4407 foro
1042 4347 1244 4408 compet.
1685 4343 1769 4406 (4)
1810 4339 1869 4390 L.
1892 4342 1978 4389 ult.
1996 4339 2046 4389 ff.
2070 4342 2129 4390 de
2145 4341 2315 4406 jurisd.
2338 4355 2469 4386 omn.

433 4427 518 4490 (5)
547 4423 692 4474 -Idem
713 4424 810 4472 fere
823 4425 1119 4489 judiciorum
1153 4426 1268 4474 ordo
1301 4433 1526 4474 servatur*
1549 4425 1603 4474 in
1638 4426 1771 4476 curia
1810 4411 2131 4474 ecelesiastica
2168 4424 2297 4488 apud
2337 4422 2543 4482 Anglos.

359 4509 488 4558 Vide
510 4509 789 4561 Blackston.
812 4510 844 4559 1.
865 4509 934 4559 iii.
955 4526 1006 4558 n.
1034 4512 1146 4558 100.
1570 4521 1577 4529 ¹
