3117 5217
1051 555 1166 619 DE
1209 554 1987 620 IRREGULARITATE.
2484 558 2603 615 395

419 740 546 781 eam
572 739 698 795 quae
727 720 908 781 semel
933 733 1226 799 nupserat,
1270 724 1438 799 plane
1463 722 1745 800 designat.
1828 721 2183 782 Sacramenti
2208 720 2467 779 defectus
2506 738 2603 779 vo·

420 831 578 879 catur
601 822 726 879 haec
764 822 1164 897 irregularitas,
1205 823 1340 894 quia
1365 822 1712 898 significatio
1752 820 1974 878 Christi
1998 838 2129 877 cum
2172 820 2437 879 Ecclesia
2474 837 2607 877 con-

414 921 734 997 junctionis
761 938 880 978 non
919 920 1066 979 adeo
1107 929 1260 997 patet
1297 922 1357 979 in
1399 920 1655 979 secundo
1695 922 1987 998 conjugio.
2072 919 2355 977 Praeterea
2382 920 2607 976 animus

422 1019 494 1077 ad
519 1020 863 1095 voluptatem
891 1038 1109 1095 pronus
1135 1019 1372 1077 infertur
1397 1038 1472 1077 ex
1513 1020 1711 1078 iterato
1750 1020 2063 1095 conjugio;
2107 1028 2451 1094 quapropter
2490 1036 2607 1074 non

429 1118 570 1177 adeo
598 1118 748 1177 valet
771 1118 1036 1193 bigamus
1063 1118 1467 1177 continentiam
1507 1114 1963 1177 commendare.¹
2046 1118 2309 1194 Bigamia
2334 1134 2475 1175 vera
2502 1125 2609 1183 est,

423 1235 538 1290 quo
576 1218 708 1290 quis
749 1214 892 1274 duas
933 1235 1146 1276 uxores
1181 1217 1470 1293 legitimas
1513 1218 1727 1284 habuit,
1768 1234 1899 1275 cum
1943 1216 2149 1288 quibus
2194 1216 2616 1275 consummavit

423 1315 888 1382 matrimonium3
951 1334 1082 1375 nam
1103 1326 1307 1374 ‘ratum
1351 1317 1777 1375 matrimonium
1818 1334 1935 1373 non
1981 1314 2198 1373 inducit
2238 1314 2613 1391 irregularita-

425 1409 594 1471 tem.²
673 1412 1145 1491 Inter-prolativa
1167 1415 1416 1492 bigamia
1457 1414 1667 1473 dicitur
1690 1432 1817 1487 quse
1856 1432 1933 1471 ex
1965 1414 2111 1489 juris
2152 1413 2609 1487 interpretatione

425 1504 682 1580 habetur,
723 1513 860 1570 licet
883 1515 1116 1572 unicum
1155 1514 1328 1571 fuerit
1353 1514 1797 1573 matrimonium.
1882 1514 1983 1570 Sic
2025 1514 2125 1584 qui
2166 1513 2394 1571 viduam
2424 1511 2607 1579 duxit,

428 1611 522 1668 vel
547 1612 846 1670 mulierem
871 1613 942 1669 ab
967 1612 1080 1670 alio
1121 1622 1464 1689 corruptam,
1503 1623 1561 1669 et
1598 1630 1731 1669 cum
1772 1630 1841 1668 ea
1882 1612 2301 1671 consummavit
2326 1611 2611 1668 matrimo-

429 1712 608 1776 nium,
637 1722 904 1769 censetur
925 1702 1238 1787 bigamus.³
1309 1710 1841 1770 Similitudinaria
1867 1710 2115 1788 bigamia
2140 1720 2229 1767 est
2250 1730 2319 1769 ea
2344 1728 2459 1783 qua
2484 1711 2615 1781 quis

431 1818 562 1885 post
599 1811 918 1867 solemnem
957 1810 1250 1886 religionis
1295 1811 1737 1885 professionem,
1779 1809 1871 1866 vel
1910 1809 2125 1868 ordinis
2166 1810 2613 1885 susceptionem,

428 1908 854 1966 matrimonium
881 1910 1171 1966 attentavit
1195 1910 1366 1967 etiam
1393 1928 1524 1967 cum
1553 1909 1795 1985 virgine,
1824 1919 1881 1966 et
1907 1908 2168 1984 copulam
2198 1903 2443 1967 habuit.⁴

514 2010 648 2063 109.
691 2008 790 2065 Ex
809 2007 1034 2065 defectu
1063 2006 1335 2067 lenitatis
1361 2009 1685 2085 irregularis
1725 2016 1813 2069 est
1836 2008 2073 2079 quilibet
2097 2006 2415 2082 baptizatus
2440 2005 2617 2064 homo

431 2106 532 2176 qui
559 2103 628 2161 ad
654 2105 906 2162 hominis
935 2124 1157 2173 necem,
1196 2106 1292 2163 vel
1333 2107 1769 2172 mutilationem,
1810 2108 2069 2163 membro
2096 2106 2375 2172 abscisso,
2414 2104 2505 2161 vel
2548 2104 2618 2161 ad

431 2203 632 2260 mortis
661 2203 1152 2272 accelerationem,
1181 2204 1496 2263 voluntarie
1542 2212 1600 2260 et
1624 2204 1907 2279 proxime,
1947 2204 2081 2262 licet
2111 2204 2287 2279 juste,
2316 2204 2617 2269 concurrit.

357 2320 378 2331 ·
435 2302 594 2359 Hinc
635 2302 966 2379 irregulares
1005 2312 1142 2361 sunt
1174 2302 1360 2379 judex
1405 2304 1595 2362 ferens
1636 2304 1975 2361 sententiam
2022 2303 2239 2370 mortis,
2269 2304 2360 2361 vel
2400 2302 2620 2361 mutila-

434 2402 626 2468 tionis,
655 2402 780 2479 ejus
808 2418 1148 2467 assessores,
1177 2410 1234 2457 et
1257 2420 1462 2461 omnes
1489 2402 1735 2461 ministri
1753 2403 2010 2480 justitiae,
2040 2400 2111 2459 ad
2136 2420 2265 2459 eam
2292 2403 2619 2460 auctoritate

433 2500 662 2576 publica
685 2510 1108 2568 concurrentes,
1139 2513 1448 2571 accusator,
1481 2502 1721 2578 ejusque
1762 2502 2091 2568 advocatuS,
2122 2510 2313 2567 testes,
2356 2518 2620 2577 procura·

435 2612 522 2657 tor
547 2600 894 2675 reipublicae,
921 2601 1214 2667 satellites,
1243 2608 1302 2657 et
1321 2614 1657 2659 executores
1684 2602 1997 2658 sententiat.
2068 2600 2127 2657 N
2130 2618 2207 2657 on
2252 2610 2385 2658 sunt
2403 2602 2621 2675 ‘ii-regu»

438 2699 586 2756 lares
613 2699 714 2771 qui
751 2708 966 2757 remote
1007 2709 1240 2759 tantum=
1263 2709 1623 2767 concurrunt,
1664 2708 1727 2757 ut
1762 2700 1955 2775 legum
1986 2699 2217 2764 latores,
2262 2700 2625 2776 magistratus

431 2798 704 2875 jubentes
749 2808 810 2855 ut
853 2800 1112 2874 capiatur
1153 2816 1284 2856 reus
1331 2798 1402 2856 ad
1446 2799 1703 2857 criminis
1754 2800 2137 2875 cognitionem
2185 2796 2621 2864 instituendam3

437 2883 824 2964 concionator,
853 2897 944 2955 vel
969 2899 1228 2973 scriptor,
1257 2898 1354 2971 qui
1381 2916 1510 2955 reos
1551 2899 1821 2957 universe
1848 2897 2179 2973 plectendos
2224 2898 2395 2955 etiam
2440 2908 2621 2955 morte

442 2995 810 3054 contenderet
859 2996 934 3053 ob
983 2997 1222 3055 salutem
1279 2997 1567 3073 publicam
1580 3016 1605 3054 -:
1664 3014 1837 3055 secus·
1874 2997 1926 3054 si
1978 2997 2255 3069 quosdam
2307 2997 2625 3073 singulares

443 3104 626 3153 morte
653 3094 974 3170 puniendos
999 3106 1296 3167 quoereret.

525 3197 666 3256 110..
701 3202 744 3229 ‘⁴
767 3187 844 3251 Si'
882 3192 1152 3262 furiosus,
1193 3203 1288 3253 aut
1327 3195 1535 3264 infans,
1580 3213 1681 3252 seu
1724 3194 2035 3262 dormiens,
2064 3195 2355 3256 hominem
2386 3194 2625 3260 mutilet,

445 3292 538 3350 vel
562 3292 801 3360 occidat,
830 3292 1042 3351 nullam
1071 3313 1144 3352 ex
1172 3294 1284 3351 hoc
1309 3294 1775 3371 irregularitatem
1804 3295 2056 3353 incurrit.
2143 3294 2223 3352 Et
2250 3294 2401 3353 idem
2431 3294 2501 3351 de
2530 3293 2629 3353 illo

447 3410 750 3450 censemus
775 3394 878 3464 qui
904 3403 1146 3451 mortem
1175 3394 1336 3451 aliter
1360 3395 1536 3452 vitare
1576 3412 1691 3451 non
1716 3392 1934 3459 valens,
1964 3410 2132 3450 suum
2158 3394 2369 3451 occidit
2396 3393 2485 3449 vel
2512 3411 2633 3453 mu-

439 3490 560 3546 tilat
585 3487 1005 3547 invasorem.”⁵
1084 3492 1200 3556 Qui
1227 3509 1388 3547 suam
1418 3489 1733 3549 defendens
1772 3490 2107 3556 castitatem,
2139 3491 2230 3549 vel
2258 3492 2403 3548 bona
2432 3494 2625 3567 magni

445 3586 744 3653 momenti,
781 3589 1056 3664 injustum
1095 3606 1490 3664 aggressorem
1534 3587 1765 3654 occidit,
1806 3598 2029 3646 servato
2070 3587 2481 3657 moderamine,
2512 3608 2627 3649 non

441 3684 660 3743 videtur
687 3686 1007 3762 irregularis
1027 3679 1077 3743 :⁶
1101 3704 1270 3745 secus
1295 3688 1346 3744 si
1374 3686 1743 3745 moderamen
1770 3701 1887 3745 non
1909 3688 2254 3755 servaverim
2283 3698 2629 3766 quapropter

447 3784 776 3861 Religiosus
803 3786 902 3857 qui
927 3784 1071 3844 duos
1091 3784 1298 3843 occidit
1313 3786 1581 3855 latrones,
1604 3784 1831 3859 quando
1858 3786 1917 3856 id
1944 3804 2063 3844 non
2084 3795 2206 3845 erat
2232 3788 2627 3847 necessarium

447 3882 518 3941 ad
543 3902 608 3941 se
627 3903 844 3956 suaque
871 3886 1018 3943 bona
1043 3884 1270 3953 tuenda,
1298 3886 1621 3964 irregularis
1650 3884 1874 3944 habitus
1903 3877 2042 3946 est.⁷

530 3988 556 4041 1
571 3987 666 4041 ll.
707 3984 1056 4061 Irregulares
1073 4004 1189 4043 non
1213 3996 1350 4043 sunt
1365 3986 1464 4059 qui
1491 3984 1627 4045 dum
1648 3996 1858 4063 aegroto
1880 3987 2213 4054 inserviunt,
2234 3995 2471 4045 mortem
2496 3988 2624 4065 ejus

524 4141 609 4204 (1)
651 4138 711 4187 C.
735 4139 798 4188 iv.
823 4139 932 4188 dist.
954 4138 1053 4189 xvi.
1457 4146 1542 4210 (2)
1584 4141 1707 4206 Cap.
1729 4142 1975 4203 Debitum,
1997 4141 2057 4193 de
2083 4142 2302 4211 bigamis
2327 4159 2427 4193 non
2448 4143 2610 4193 ordin.

526 4226 610 4289 (3)
652 4222 776 4287 Cap.
797 4224 866 4273 ix.
887 4224 1002 4273 dist:
1019 4225 1190 4274 xxxiv.

529 4310 614 4375 (4)
656 4308 780 4371 Cap.
802 4309 866 4357 iv.
888 4308 948 4361 de
973 4307 1159 4375 bigam.
1181 4316 1232 4359 et
1251 4324 1360 4359 can.
1391 4310 1653 4377 Quotquot.
1676 4312 1827 4361 xxvii.
1848 4328 1931 4375 qu.
1950 4312 1985 4361 i.

527 4388 614 4455 (5)
654 4389 810 4441 Clem-
833 4389 893 4441 de
914 4389 1146 4443 homicid·
1450 4394 1534 4458 (6)
1574 4392 1628 4446 S.
1650 4392 1801 4458 Alph.
1824 4394 1858 4444 l.
1878 4394 1958 4443 vii.
1982 4410 2033 4443 n.
2056 4394 2172 4443 389.

529 4479 614 4543 (7)
655 4476 718 4525 C.
741 4476 1076 4541 Suscepimus,
1096 4476 1156 4527 de
1177 4475 1411 4529 amicta.
