3117 5217
1275 574 1390 635 DE
1433 561 1913 635 ORATIONEJ
2548 577 2669 633 219

495 738 729 799 effectus
756 740 1071 800 secundum
1099 740 1357 801 ordinem
1401 762 1436 800 a
1471 742 1605 801 Deo
1632 741 1993 818 dispositum.
2076 740 2161 799 Et
2185 738 2335 797 idem
2377 740 2547 799 etiam
2586 748 2673 797 est

492 837 554 895 in
580 840 920 897 naturalibus
947 840 1158 899 causis.
1243 840 1326 899 Et
1347 841 1536 901 simile
1564 850 1655 899 est
1676 842 1847 899 etiam
1874 839 1945 897 de
1972 840 2245 897 oratione.
2328 839 2468 897 Non
2512 839 2668 897 enim

490 948 721 1013 propter
745 939 856 997 hoc
883 958 1135 1006 oramus,
1171 947 1236 998 ut
1257 938 1506 999 divinam
1537 940 1972 1017 dispositionem
2012 937 2417 996 immutemus:
2466 938 2569 996 sed
2609 946 2673 995 ut

487 1034 550 1093 id
575 1036 964 1112 impetremus,
993 1038 1146 1111 quod
1191 1038 1354 1097 Deus
1397 1039 1683 1115 disposuit
1721 1057 1824 1113 per
1864 1038 2147 1096 orationes
2174 1045 2497 1095 sanctorum
2538 1053 2667 1093 esse

486 1132 874 1210 implendum:
897 1145 964 1193 ut
988 1136 1206 1195 scilicet
1221 1137 1484 1197 homines
1511 1138 1855 1215 postulando
1875 1145 2195 1195 mereantur
2215 1137 2495 1213 accipere,
2516 1132 2670 1207 quod

485 1231 572 1289 eis
599 1233 761 1291 Deus
787 1234 1150 1311 omnipotens
1176 1246 1306 1293 ante
1333 1237 1528 1295 secula
1551 1236 1833 1312 disposuit
1858 1234 2088 1301 donare,
2111 1244 2172 1291 ut
2192 1234 2505 1313 Gregorius
2532 1233 2671 1291 dicit

484 1330 545 1387 in
569 1331 716 1390 libro
744 1326 1194 1409 dialogorum.'’1
1235 1334 1404 1401 Quod
1431 1346 1619 1393 autem
1648 1334 1779 1394 Deo
1804 1352 2041 1393 necesse
2068 1351 2185 1391 non
2207 1335 2283 1400 sit
2298 1335 2668 1393 necessitates

487 1438 728 1499 nostras,
771 1432 936 1488 nobis
965 1433 1139 1490 veluti
1179 1426 1572 1502 referentibus,
1601 1436 1973 1499 innotescere,
2004 1432 2362 1491 verissimum
2400 1444 2521 1500 est:
2559 1430 2662 1489 sed

485 1528 656 1585 nobis
685 1529 922 1605 prodest
945 1531 1160 1590 orando
1181 1551 1277 1590 eas
1305 1551 1617 1608 exponere,
1647 1543 1709 1591 ut
1732 1532 1935 1591 intimo
1962 1531 2152 1587 animo
2178 1532 2487 1589 sentiamus
2514 1530 2667 1588 unde

483 1626 648 1683 nobis
677 1630 972 1704 proveniat
997 1631 1306 1689 auxilium:
1353 1641 1392 1667 “
1417 1632 1554 1690 Non
1597 1640 1685 1689 est
1720 1630 2108 1689 necessarium
2147 1648 2253 1685 nos
2299 1629 2429 1687 Deo
2468 1646 2667 1706 preces

484 1727 794 1802 porrigere,
823 1736 886 1786 ut
909 1730 965 1786 ei
991 1739 1212 1787 nostras
1239 1730 1599 1808 indigentias,
1630 1730 1721 1788 vel
1748 1728 2031 1787 desideria
2056 1728 2516 1786 manifestemus:
2562 1726 2666 1785 sed
2748 1746 2755 1753 ·

483 1831 546 1881 ut
569 1843 676 1882 nos
719 1827 834 1903 ipsi
871 1827 1302 1887 consideremus
1330 1830 1388 1887 in
1417 1830 1506 1887 his
1535 1830 1607 1888 ad
1634 1828 1887 1886 divinum
1916 1828 2191 1885 auxilium
2220 1846 2347 1883 esse
2374 1844 2667 1885 recurren-

483 1919 720 1981 dum.'’²
797 1926 1088 1998 Equidem
1137 1936 1176 1963 ‘⁴
1199 1927 1360 1987 Deus
1400 1930 1565 1987 nobis
1603 1928 1781 1985 multa
1824 1936 2054 2004 praestat
2078 1944 2153 1983 ex
2180 1944 2283 1983 sua
2306 1925 2659 1991 liberalitate,

482 2021 650 2079 etiam
682 2043 798 2081 non
835 2026 1040 2099 petita:
1083 2026 1186 2084 sed
1229 2027 1382 2100 quod
1425 2028 1615 2099 aliqua
1656 2028 1779 2085 vult
1823 2035 2087 2102 praestare
2115 2025 2280 2084 nobis
2315 2025 2662 2102 petentibus,

477 2118 589 2197 hoc
615 2132 704 2179 est
731 2133 960 2198 propter
983 2136 1234 2183 nostram
1263 2127 1581 2193 utilitatem,
1612 2138 1673 2184 ut
1698 2125 1919 2183 scilicet
1954 2123 2219 2181 fiduciam
2261 2123 2545 2195 quandam
2576 2141 2664 2180 ac-

481 2219 762 2294 cipiamus
790 2223 1116 2281 recurrendi
1144 2223 1214 2281 ad
1242 2224 1456 2291 Deum,
1485 2235 1542 2282 et
1579 2234 1643 2282 ut
1666 2241 2149 2300 recognoscamus
2174 2240 2307 2280 eum
2336 2241 2465 2279 esse
2489 2223 2665 2279 bono-

481 2334 606 2373 rum
633 2329 958 2378 nostrorum
985 2331 1296 2382 auctorem.
1382 2322 1552 2381 Unde
1596 2322 2057 2399 chrysostomus
2090 2321 2263 2378 dicit:
2310 2330 2325 2356 ‘
2345 2319 2668 2379 Considera

479 2425 692 2485 quanta
717 2427 802 2473 est
827 2419 928 2475 tibi
953 2437 1232 2477 concessa
1255 2421 1516 2489 felicitas,
1545 2430 1757 2493 quanta
1780 2421 1961 2496 gloria
1988 2420 2246 2477 attributa
2268 2439 2285 2487 ;
2313 2419 2663 2478 orationibus

479 2511 716 2570 fabulari
742 2533 872 2573 cum
902 2516 1054 2584 Dec,
1083 2537 1213 2576 cum
1243 2518 1480 2577 Christo
1508 2520 1751 2578 miscere
1776 2517 2082 2589 colloquia,
2104 2527 2299 2592 optare
2323 2518 2477 2590 quod
2496 2518 2661 2582 velis,

479 2610 637 2683 quod
663 2611 948 2671 desideras
976 2609 1363 2691 postulare.”³

566 2714 660 2767 10.
705 2710 894 2777 Quam
921 2717 1246 2774 necessaria
1271 2717 1348 2773 sit
1371 2714 1536 2774 nobis
1566 2714 1833 2786 frequens
1854 2715 2054 2779 oratio,
2076 2730 2149 2771 ex
2178 2714 2399 2771 Christi
2427 2712 2665 2771 Domini

479 2816 536 2865 et
561 2810 968 2884 Apostolorum
991 2814 1202 2882 verbis,
1229 2814 1448 2887 liquet:
1495 2822 1534 2849 “
1558 2812 1805 2889 Oportet
1840 2827 2069 2887 semper
2106 2830 2289 2880 orare,
2330 2823 2389 2870 et
2410 2830 2529 2869 non
2570 2809 2665 2869 de-

479 2903 753 2964 ficere.”⁴
831 2918 871 2945 ‘⁶
893 2911 1144 2987 Vigilate
1169 2915 1328 2971 omni
1367 2922 1622 2988 tempore
1662 2903 1985 2969 orantes.”⁵
2067 2918 2105 2945 ‘⁶
2130 2910 2305 2969 Orate
2344 2930 2416 2969 ne
2444 2911 2663 2968 intretis

478 3004 540 3061 in
566 3006 954 3065 tentationem.
998 3010 1246 3085 Spiritus
1268 3011 1497 3083 quidem
1525 3020 1824 3086 promptus
1846 3018 1954 3074 est,
1982 3027 2114 3065 caro
2135 3018 2319 3067 autem
2338 2998 2664 3067 infirma.”⁶

479 3110 520 3137 “
544 3102 802 3162 Orationi
829 3102 1203 3167 instantes.”⁷
1266 3119 1306 3146 ‘⁶
1329 3110 1577 3187 Vigilate
1604 3110 1663 3166 in
1689 3102 2137 3165 orationibus.”⁸
2217 3107 2415 3166 Oratio
2443 3106 2656 3164 idcirco

475 3200 738 3261 habenda
775 3214 862 3261 est
901 3208 1254 3284 praecipuum
1291 3208 1577 3281 quoddam
1624 3224 1831 3265 munus
1871 3206 1977 3263 viri
2018 3206 2333 3274 christiani,
2380 3216 2440 3265 et
2476 3206 2663 3264 subsi-

477 3298 632 3359 dium
673 3302 744 3360 ad
771 3306 1010 3364 salutem
1051 3306 1256 3366 adultis
1300 3309 1724 3367 necessarium:
1766 3323 1900 3364 nam
1942 3323 2015 3363 ex
2042 3306 2316 3381 petitione
2344 3302 2572 3382 pendet,
2598 3314 2665 3363 ut

478 3398 645 3473 plura·
666 3402 790 3458 sine
831 3406 1037 3475 quibus
1077 3406 1318 3464 salutem
1359 3424 1476 3465 non
1517 3405 1923 3483 adipiscemur,
1960 3422 2365 3475 assequamur:
2411 3412 2449 3439 “
2474 3403 2659 3460 Petite

477 3504 534 3553 et
557 3497 780 3556 dabitur
804 3497 1065 3561 vobis.”⁹
1129 3506 1372 3570 Quoties
1399 3516 1588 3563 autem
1618 3502 1895 3562 orandum
1925 3502 2018 3567 sit,
2048 3501 2205 3558 nulla
2231 3510 2383 3558 certe
2409 3502 2537 3576 lege
2566 3499 2661 3556 de·

473 3593 704 3655 finitur:
749 3598 850 3656 sed
878 3604 974 3677 pia
999 3612 1088 3659 est
1111 3602 1364 3661 fidelium
1392 3602 1745 3661 consuetudo
1772 3617 1939 3657 mane
1966 3608 2025 3655 et
2050 3616 2291 3674 vespere
2318 3616 2517 3672 preces
2538 3598 2663 3655 sun-

473 3691 666 3763 dendi,
709 3708 912 3771 praeter
949 3718 1046 3758 eas
1094 3718 1236 3772 quas
1282 3718 1441 3757 sacro
1493 3700 1777 3758 adstantes
1829 3698 1891 3754 in
1936 3695 2139 3753 diebus
2184 3696 2345 3753 sestis
2397 3694 2658 3753 fundunt.

469 3791 806 3869 Saepissime
833 3799 1004 3855 etiam
1031 3810 1192 3857 orant
1217 3799 1317 3871 qui
1343 3800 1611 3875 pietatem
1636 3797 1849 3863 colunt,
1886 3803 1943 3851 et
1968 3795 2254 3852 orationes
2281 3795 2485 3851 breves
2512 3795 2659 3852 inter

474 3893 831 3960 quotidianas
857 3898 1258 3973 occupationes
1287 3916 1362 3955 ex
1394 3898 1567 3955 corde
1593 3897 1769 3954 veluti
1800 3895 1982 3971 jactas
2010 3895 2291 3960 emittunt,
2318 3912 2477 3951 more
2504 3902 2656 3951 vete·

464 4004 590 4046 rum
619 3994 1030 4053 monachorum
1057 3996 1130 4055 de
1171 3998 1378 4069 quibus
1419 3997 1613 4053 scribit
1650 3992 2041 4071 Augustinus:
2085 4003 2126 4075 ‘.‘
2146 3994 2429 4053 Dicuntur
2454 3995 2651 4053 fratres

542 4158 621 4221 (l)
661 4156 714 4204 S.
737 4156 916 4211 Thom.
935 4162 982 4207 2.
1007 4164 1054 4209 2.
1069 4162 1260 4213 lxxxiii.
1283 4170 1369 4213 art.
1391 4164 1441 4215 ii.
1511 4162 1659 4233 Resp.
1839 4210 1845 4217 .
1867 4166 1951 4230 (2)
1990 4163 2187 4213 Ibidem.
2256 4162 2343 4212 Ad
2362 4164 2614 4230 primum-

541 4241 626 4306 (3)
667 4241 866 4291 Ibidem.
934 4245 1256 4298 Adtertium.
1871 4251 1955 4317 (4)
1996 4248 2118 4300 Luc·
2142 4250 2275 4300 xviii·
2306 4252 2348 4299 l·

538 4326 623 4392 (5)
662 4328 858 4390 Ibidem,
881 4332 982 4381 xxi.
1007 4335 1089 4383 36.
1177 4338 1180 4343 '
1864 4340 1948 4405 (6)
1985 4339 2182 4397 Ibidem,
2206 4340 2325 4388 xxii.
2347 4340 2430 4387 40.
2452 4340 2536 4388 46.

534 4413 621 4478 (¹7)
660 4413 801 4462 Rom.
822 4416 908 4464 xii.
934 4419 1012 4469 12.
1666 4407 1675 4416 '
1862 4427 1947 4492 (s)
1992 4429 2014 4474 1
2044 4427 2149 4476 Pet.
2172 4428 2235 4476 iv.
2260 4431 2307 4475 ⁷.

537 4498 621 4565 (9)
663 4498 782 4551 Mat.
805 4498 886 4549 vii.
912 4504 958 4551 7.
