3117 5217
885 543 1000 602 DE
1043 541 1547 604 EXCOMMUN
1553 543 1908 606 ICATION
1914 547 1990 606 E.
2416 549 2529 604 381

345 701 557 783 piat.”²
639 709 878 767 Poenam
905 711 1056 768 hanc
1101 711 1392 768 incurrunt
1417 705 1749 768 mandantes
1776 711 1867 768 vel
1894 709 2093 769 dolose
2121 712 2529 787 permittentes,

349 825 524 879 quum
554 807 720 866 facile
741 818 980 885 possent
1005 801 1334 884 impedire‚²
1359 817 1416 866 et
1453 819 1629 867 ratam
1672 809 1943 868 habentes
1970 811 2397 885 percussionem
2426 827 2533 868 suo

347 907 580 962 nomine
622 903 878 966 factam.³
931 905 1382 966 'Monachorum
1419 909 1655 966 nomine
1694 908 2063 966 includuntur
2112 911 2281 967 etiam
2328 909 2533 966 saneti-

352 1005 630 1062 moniales
654 999 703 1062 :⁴
727 1007 848 1065 imo
881 1007 1050 1083 juxta
1089 1006 1152 1062 S.
1197 1006 1586 1082 Alphonsum‚
1632 1007 1901 1066 mulieres
1942 1008 2311 1066 conviventes
2356 1011 2533 1067 instar

347 1099 795 1178 religiosarum‚⁶
820 1113 876 1162 et
898 1103 1030 1163 laici
1049 1099 1361 1172 conversi‚⁶
1387 1115 1444 1162 et
1467 1101 1720 1166 novitii.⁷
1760 1105 1971 1164 Manus
1999 1107 2273 1165 violentas
2299 1108 2535 1184 injicere

351 1213 634 1270 censetur,
665 1205 766 1275 qui
789 1205 904 1261 vim
933 1205 1180 1277 aliquam
1209 1213 1265 1259 et
1305 1204 1571 1279 injuriam
1602 1203 1753 1272 facit,
1794 1205 1963 1264 etiam
2006 1206 2401 1282 conspuendo,
2444 1206 2535 1264 vel

353 1320 580 1360 carcere
607 1301 842 1370 detinet,
870 1304 960 1360 vel
987 1303 1137 1361 sistit
1160 1319 1393 1374 equum,
1442 1302 1623 1360 froeno
1670 1312 1910 1378 arrepto,
1938 1314 2001 1362 ut
2024 1305 2265 1363 clericus
2291 1313 2539 1378 nequeat

355 1401 652 1477 progredi:
695 1403 786 1460 vel
809 1401 1182 1477 persequitur,
1209 1409 1274 1459 ut
1309 1402 1369 1459 in
1408 1401 1628 1459 flumen
1667 1403 1953 1461 fossamve
1980 1403 2159 1461 cadat.
2244 1404 2537 1463 Malitiosa

355 1501 430 1557 sit
456 1500 750 1576 percussio
775 1519 1012 1558 necesse
1037 1507 1144 1565 est,
1173 1509 1518 1576 quapropter
1564 1519 1679 1559 non
1706 1501 2051 1559 contrahitur
2076 1505 2537 1562 excommunica-

353 1599 434 1658 tio
461 1601 514 1656 si
531 1601 672 1677 joco
695 1601 823 1671 quis
853 1601 1128 1676 percutiat
1147 1590 1195 1654 :⁸
1237 1599 1328 1656 vel
1353 1618 1490 1656 casu
1510 1593 1563 1654 :⁹
1603 1601 1695 1658 vel
1740 1603 2010 1678 ignorans
2052 1619 2182 1658 eum
2222 1621 2351 1660 esse
2376 1603 2539 1661 cleri-

353 1717 510 1757 cum.
570 1699 708 1756 Non
735 1699 1102 1766 contrahitur,
1131 1699 1180 1754 si
1207 1698 1575 1756 correctionis
1595 1717 1765 1758 causa
1792 1708 1951 1776 pater
1974 1701 2249 1776 percutiat
2271 1702 2453 1759 filium
2476 1702 2539 1762 in

357 1799 674 1857 minoribus
703 1790 1147 1865 constitutum,¹⁰
1167 1797 1256 1854 vel
1285 1805 1599 1873 praeceptor
1612 1799 2034 1858 ecclesiasticus
2054 1799 2343 1858 subditum
2363 1801 2535 1858 etiam

355 1897 416 1954 in
442 1890 828 1976 majoribus,¹¹
858 1895 1170 1956 dummodo
1196 1896 1324 1954 laici
1351 1886 1526 1974 opera
1553 1917 1666 1955 non
1692 1889 1954 1956 utatur.²2
2017 1897 2075 1956 N
2082 1917 2147 1956 ec
2166 1900 2532 1966 contrahitur,

353 1998 404 2054 si
432 1998 794 2074 percutiatur,
825 1997 922 2070 qui
948 1995 1392 2073 deprehenditur
1435 1997 1669 2072 turpiter
1707 2016 1883 2075 agens
1923 2015 2053 2054 cum
2094 2008 2290 2067 matre,
2320 2016 2536 2066 sorore,

355 2097 448 2154 vel
488 2097 605 2154 filia
656 2098 1054 2172 percutientisz
1109 2096 1198 2153 vel
1249 2096 1299 2152 si
1353 2096 1482 2168 quis
1536 2097 1606 2152 ad
1659 2115 1721 2154 se
1775 2095 2195 2154 defendendum
2237 2099 2536 2174 percutiat,

356 2207 580 2254 servato
605 2195 992 2254 moderamine
1035 2195 1334 2270 inculpatae
1375 2185 1643 2252 tutelae.¹³
1724 2194 1939 2252 Clerici
1983 2197 2309 2271 impuberes
2350 2215 2411 2253 se
2456 2198 2541 2254 in·-

353 2296 538 2352 vicem
584 2295 962 2370 percutientes
1009 2313 1124 2352 non
1169 2293 1508 2370 contrahunt
1546 2294 2231 2364 excommunicationem3
2295 2296 2541 2371 puberes

355 2403 562 2469 autem,
582 2395 682 2466 qui
703 2413 778 2452 ex
799 2393 932 2451 odio
957 2394 1048 2452 vel
1067 2395 1224 2470 gravi
1246 2393 1326 2450 ira
1344 2393 1684 2469 percutiunt,
1706 2411 1774 2451 ea
1792 2387 2195 2452 irretiuntur.¹⁴
2234 2395 2541 2452 Percussio

355 2494 608 2550 enormis
651 2501 690 2530 ‘⁸
709 2501 902 2568 utpote
930 2493 980 2550 si
1007 2491 1078 2550 ad
1107 2491 1516 2550 mutilationem
1559 2493 1799 2550 membri
1827 2492 1917 2550 vel
1945 2491 2016 2548 ad
2040 2491 2383 2553 effusionem
2412 2511 2541 2550 san-

359 2591 550 2668 guinis
577 2603 666 2650 est
689 2610 1042 2668 processum,
1072 2602 1167 2649 aut
1191 2593 1251 2648 in
1277 2592 1637 2666 episcopum,
1667 2600 1761 2648 aut
1786 2591 2039 2648 abbatem
2068 2591 2315 2650 violenta
2335 2609 2539 2650 manus

359 2684 693 2767 inJ'ecta‚”¹⁶
727 2691 1318 2749 excommunicatione
1347 2690 1613 2766 plectitur
1641 2691 1815 2764 Papoe
1830 2699 2143 2747 reservata:
2174 2691 2277 2749 sed
2302 2693 2355 2749 si
2375 2689 2547 2748 fuerit

362 2791 604 2856 occulta,
621 2780 816 2866 potest
829 2789 898 2846 ab
913 2790 1188 2866 episcopo
1203 2791 1411 2848 remitti
1433 2778 1508 2845 :¹⁶
1533 2785 1677 2846 levis
1700 2791 1997 2865 percussio
2016 2807 2247 2868 semper
2269 2798 2457 2867 potest
2474 2789 2545 2848 ab

361 2889 636 2965 episcopo
657 2879 946 2947 remitti.¹⁷
1027 2888 1300 2946 Praelatus
1329 2887 1727 2963 religiosorum
1754 2887 2011 2946 subditos
2034 2907 2171 2948 suos
2211 2909 2273 2948 se
2300 2889 2550 2951 invicem

360 2989 740 3064 percutientes
767 2993 958 3063 potest
981 2987 1292 3054 absolvere,
1321 2987 1370 3043 si
1396 2988 1693 3060 percussio
1720 3005 1835 3044 non
1862 2989 1937 3044 sit
1976 2990 2225 3047 enormis
2249 2982 2326 3045 :¹⁸
2366 2983 2467 3045 sed
2493 2988 2544 3045 si

355 3085 564 3145 fuerint
587 3085 798 3144 diversi
824 3083 1040 3143 ordinis
1068 3103 1370 3160 percussor
1393 3094 1451 3141 et
1489 3103 1817 3161 percussus,
1875 3088 2169 3158 utriusque
2211 3087 2543 3162 Superioris
2559 3067 2576 3090 '¹

361 3187 530 3243 venia
557 3175 880 3262 exigitur.¹⁹
943 3185 1010 3242 Si
1037 3185 1340 3260 religiosus
1383 3186 1726 3261 percusserit
1768 3185 2037 3243 clericum
2067 3187 2416 3252 saecularem,
2446 3203 2549 3242 ne·-

363 3286 506 3356 quit,
542 3285 674 3361 jure
701 3285 1014 3351 communi,
1045 3283 1259 3342 absolvi
1302 3284 1414 3342 nisi
1453 3285 1522 3342 ab
1549 3276 1922 3362 episcopot²⁰
1960 3285 2051 3344 vel
2090 3305 2123 3344 a
2162 3285 2467 3352 Pontifice,
2494 3287 2547 3344 si

361 3384 658 3459 percussio
705 3383 875 3441 fuerit
911 3384 1184 3440 enormis.
1285 3384 1550 3440 Attamen
1604 3384 1904 3459 privilegia
1940 3384 2210 3459 deinceps
2252 3384 2543 3457 accepisse

359 3481 623 3540 dicuntur
649 3480 896 3539 Ordines
926 3481 1231 3558 Religiosi,
1249 3499 1490 3553 quorum
1521 3482 1578 3538 vi
1597 3481 1937 3556 Superiores
1966 3480 2255 3538 absolvere
2277 3472 2547 3537 valent.²¹

432 3649 518 3712 (1)
559 3647 714 3697 Cone.
739 3647 847 3696 Lat.
871 3648 920 3696 ii.
943 3664 1050 3698 can.
1073 3663 1154 3696 xv.
1561 3647 1645 3712 (2)
1688 3645 1811 3710 Cap.
1829 3646 1962 3696 xlvii.
1980 3645 2038 3696 de
2059 3651 2183 3696 sent.
2207 3661 2387 3696 excom.

432 3735 518 3798 (3)
560 3731 684 3796 Cap.
707 3734 846 3782 xxiii.
869 3733 928 3782 de
949 3738 1074 3784 sent.
1096 3748 1277 3786 excom.
1300 3733 1354 3781 in
1379 3734 1425 3780 6.
1563 3733 1647 3798 (4)
1688 3730 1812 3795 Cap.
1836 3731 2007 3780 xxxiii.
2033 3730 2091 3780 de
2113 3735 2239 3780 sent.
2260 3745 2441 3781 excom.

431 3818 518 3881 (5)
559 3814 617 3866 L.
641 3815 722 3864 vii.
745 3833 795 3865 n.
819 3819 936 3865 271.
1559 3816 1644 3880 (6)
1686 3813 1811 3877 Cap.
1832 3830 1876 3862 v,
1904 3813 1961 3864 de
1984 3817 2107 3864 sent.
2132 3830 2314 3864 eaecom.

432 3903 520 3965 (7)
561 3898 684 3964 Cap.
707 3901 810 3949 xxi.
834 3900 935 3951 eod.
961 3899 1040 3950 tit.
1062 3900 1116 3949 in
1139 3903 1186 3948 6.
1564 3902 1645 3963 (8)
1682 3897 1743 3947 0.
1766 3899 1797 3946 i.
1822 3897 1879 3948 de
1899 3903 2021 3948 sent.
2050 3915 2229 3948 excom.

434 3987 521 4051 (9)
563 3985 624 4034 c,
645 3985 714 4034 iii.
735 3985 837 4035 eod.
861 3986 942 4036 tit.
1561 3985 1679 4050 (ιο)
1721 3983 1845 4047 cap.
1867 3984 1899 4032 i.
1923 3983 2024 4034 eod.
2047 3985 2129 4034 tit.

435 4071 556 4133 (11)
597 4069 650 4117 S.
673 4069 872 4132 Alph.1.
895 4069 978 4118 vii.
1000 4086 1052 4121 n.
1076 4073 1192 4120 275.

438 4155 559 4218 (12)
601 4151 724 4216 Cap.
745 4152 880 4201 xxiv.
901 4152 961 4203 de
981 4158 1112 4204 sent.
1129 4167 1309 4202 excom.
1583 4151 1694 4214 (13)
1733 4148 1857 4214 Cap.
1878 4150 1946 4199 iii.
1968 4149 2068 4202 eod.
2091 4151 2172 4203 tit.

437 4237 559 4304 (14)
597 4237 650 4285 S.
674 4237 823 4300 Alph.
846 4238 877 4287 l.
899 4238 981 4287 vii.
1003 4255 1052 4287 n.
1077 4241 1192 4287 279.
1576 4238 1697 4302 (15)
1738 4235 1860 4300 Cap.
1883 4236 1915 4285 i.
1938 4236 1997 4289 de
2018 4245 2127 4290 sent
2149 4238 2408 4290 excom-'in
2432 4240 2478 4286 6.

438 4325 559 4389 (16)
600 4321 660 4370 C.
692 4322 827 4371 Cum
851 4321 1238 4373 illorumxxxii.
1263 4327 1308 4384 ς.
1333 4321 1448 4382 Qui.
1471 4321 1529 4372 de
1551 4325 1675 4371 sent.
1699 4337 1879 4372 excom.
2180 4327 2183 4330 ⁴

441 4408 561 4473 (17)
603 4405 664 4455 C.
686 4406 802 4456 xvii.
825 4407 926 4458 eod.
943 4407 1022 4458 tit.
1588 4407 1705 4472 (18)
1746 4405 1806 4454 C.
1830 4406 2002 4456 xxxiii.
2025 4407 2125 4457 eod.
2148 4407 2225 4458 tit.

437 4491 558 4556 (19)
600 4488 660 4538 C.
684 4491 839 4539 xxxii.
862 4491 962 4541 eod.
987 4491 1063 4542 tit.
1575 4490 1695 4558 (20)
1736 4489 1797 4540 C.
1820 4491 1923 4539 xxi.
1945 4489 2003 4539 de
2027 4495 2150 4540 sent.
2174 4504 2355 4539 excom.
2380 4488 2433 4536 in
2457 4489 2503 4534 6.

362 4634 371 4645 .
439 4575 559 4642 (21)
599 4572 760 4623 Collet
780 4573 840 4624 de
861 4576 1093 4635 censuris,
1115 4590 1163 4640 p.
1185 4575 1236 4626 ii.
1258 4592 1300 4625 c.
1321 4574 1352 4625 i.
1374 4579 1419 4635 §.
1441 4574 1473 4624 i.
1497 4574 1550 4623 S.
1574 4575 1723 4640 Alph.
1742 4576 1774 4625 l.
1789 4573 1870 4623 vii.
1891 4589 1941 4622 n.
1972 4575 2085 4622 107.
