3117 5217
452 548 567 604 116
1121 543 1235 602 DE
1279 542 1866 604 RESTITUTION
1872 545 1948 602 E.

441 716 713 776 tuendum
744 715 1045 792 obligatum,
1075 715 1189 773 nisi
1217 724 1417 792 postea
1456 715 1664 774 certior
1707 713 1806 772 fiat
1845 733 1946 773 eas
1986 733 2183 774 revera
2222 715 2434 775 alienas
2477 733 2606 774 esse

442 817 559 884 Qui
589 835 679 876 res
708 815 943 872 furtivas
968 815 1129 880 emit,
1156 813 1324 871 debet
1348 832 1445 870 eas
1485 813 1720 872 domino
1760 815 2076 882 restituere,
2119 815 2316 874 saltem
2359 815 2410 872 si
2437 825 2634 892 posset

440 935 503 974 se
532 915 859 974 indemnem
888 914 1025 972 alias
1066 913 1336 990 praebere.
1421 912 1592 980 Quod
1639 913 1690 970 si
1733 925 1980 986 nequeat
2016 915 2282 991 pretium,
2330 915 2482 986 quod
2522 915 2631 972 suri

440 1014 615 1083 dedit,
644 1031 1001 1089 recuperare,
1030 1013 1142 1070 nisi
1169 1030 1229 1069 re
1256 1011 1367 1069 suri
1410 1012 1630 1078 tradita,
1660 1012 1856 1088 plures
1898 1013 2170 1091 theologi,
2201 1015 2326 1072 aliis
2353 1013 2632 1072 contradi-

436 1116 719 1182 centibus,
748 1113 945 1171 dicunt
972 1129 1105 1170 eum
1132 1129 1303 1186 posse
1330 1110 1658 1170 rescindere
1699 1121 2074 1181 contractum,
2101 1123 2158 1170 et
2185 1131 2304 1171 rem
2335 1113 2443 1172 furi
2470 1114 2632 1170 resti-

442 1225 621 1281 tuere,
650 1231 828 1286 quum
870 1230 985 1270 non
1035 1219 1289 1268 teneatur
1330 1229 1463 1268 cum
1508 1230 1630 1269 suae
1674 1212 1933 1287 pecuniae
1970 1213 2194 1289 jactura
2232 1231 2352 1270 rem
2399 1212 2632 1270 domino

442 1332 686 1373 servare.
770 1312 839 1370 ld
865 1309 1178 1388 praesertim
1206 1310 1517 1368 affirmatur
1554 1310 1628 1368 dc
1653 1329 1726 1368 eo
1768 1311 1866 1383 qui
1905 1310 2064 1372 bona
2083 1309 2220 1389 fide
2261 1312 2436 1368 emit:
2479 1311 2631 1383 quod

443 1422 631 1472 tamen
671 1413 863 1488 plures
902 1411 1074 1468 etiam
1116 1409 1184 1466 ad
1230 1410 1391 1467 malae
1445 1409 1579 1481 fidei
1625 1399 1946 1486 emptorem
1991 1411 2326 1478 extendunt,
2358 1412 2630 1482 quamvis

442 1513 598 1570 enim
618 1510 863 1569 emendo
882 1509 1213 1586 peccaverit,
1228 1509 1327 1585 jus
1342 1509 1546 1566 retinet
1560 1509 1924 1568 rescindendi
1941 1511 2202 1582 iniquum
2229 1519 2598 1568 contractum.
2613 1507 2630 1538 ¹

443 1612 508 1670 Si
538 1619 781 1683 nequeat
806 1630 841 1666 a
866 1611 987 1666 sure
1017 1608 1261 1684 pretium
1308 1626 1666 1683 recuperare,
1707 1609 1932 1668 videtur
1967 1619 2083 1667 tum
2127 1609 2288 1666 malae
2329 1609 2486 1676 fidei,
2515 1626 2631 1666 tum

441 1712 605 1770 bonae
634 1709 769 1768 fidei
796 1718 1019 1785 emptor
1048 1707 1223 1764 teneri
1250 1706 1321 1764 ad
1348 1707 1757 1767 restituendum
1781 1709 2037 1775 domino,
2060 1727 2152 1765 res
2175 1710 2328 1766 enim
2357 1707 2427 1766 ad
2453 1708 2634 1766 domi-

441 1829 580 1870 num
608 1809 835 1874 clamat,
866 1809 924 1866 in
952 1823 1343 1878 quascumque
1370 1825 1575 1864 manus
1603 1806 1917 1866 devenerit.
2002 1807 2292 1866 Dominus
2315 1817 2500 1865 autem
2519 1825 2634 1865 non

442 1919 677 1970 tenetur,
691 1906 763 1964 ad
788 1907 1031 1982 pretium
1059 1903 1240 1964 ullum
1268 1904 1632 1974 solvendum,
1663 1925 1838 1978 quum
1865 1924 1956 1966 res
1983 1907 2202 1975 suasit,
2220 1918 2278 1965 et
2296 1907 2408 1983 ipsi
2427 1907 2634 1982 injuria

442 2007 643 2064 ablata.
728 2005 891 2080 Lege
938 2002 1186 2080 Anglica
1232 2002 1485 2062 venditio
1533 2005 1720 2080 palam
1765 2007 1916 2064 facta
1941 2023 2048 2082 pro
2075 2023 2232 2064 more
2259 2017 2635 2064 mercatorum

442 2105 763 2170 dominium
793 2105 874 2162 rei
900 2103 995 2162 dat
1028 2103 1273 2179 emptori
1302 2105 1465 2161 bonae
1507 2103 1681 2162 fidei:
1725 2125 1892 2164 secus
1933 2106 1985 2162 si
2031 2105 2129 2162 fiat
2167 2105 2337 2172 clam,
2365 2116 2422 2162 et
2447 2115 2638 2162 contra

443 2223 683 2264 morem.
767 2203 925 2281 Lege
974 2203 1205 2261 Gallica
1242 2205 1327 2261 rei
1380 2202 1650 2263 dominus
1702 2207 1947 2281 pretium
1998 2205 2162 2262 bonae
2213 2205 2348 2262 fidei
2395 2205 2637 2279 emptori

442 2305 665 2362 solvere
686 2301 872 2371 debet,
894 2301 1149 2374 illudque
1170 2322 1203 2358 a
1220 2301 1523 2360 venditore
1540 2300 1849 2379 repetere.²
1889 2303 2005 2361 Sed
2028 2304 2251 2380 legibus
2267 2303 2630 2362 Americanis

448 2402 716 2460 dominus
751 2403 1041 2478 legitimus
1068 2419 1295 2476 semper
1322 2411 1514 2477 potest
1538 2422 1661 2460 rem
1689 2404 1800 2461 sibi
1828 2398 2170 2462 vindicare-³
2210 2404 2400 2461 Nobis
2427 2401 2638 2460 arridet

440 2503 717 2560 sententia
744 2501 904 2559 bonae
932 2501 1065 2558 fidei
1084 2501 1327 2577 emptori
1348 2519 1464 2558 non
1490 2503 1663 2560 licere
1682 2522 1803 2561 rem
1823 2503 2140 2561 discrimini
2168 2503 2440 2579 objicere,
2457 2518 2632 2574 quum

445 2600 712 2660 dominus
740 2600 943 2658 debeat
966 2600 1277 2658 commodo
1314 2610 1373 2658 et
1414 2603 1734 2671 securitate,
1777 2621 1948 2675 quam
1989 2620 2080 2658 res
2113 2586 2234 2678 jam
2277 2601 2448 2658 habet
2485 2600 2637 2676 apud

442 2718 595 2766 eum,
624 2701 757 2758 frui.
1329 2701 1333 2704 ⁴

530 2803 663 2857 189.
706 2798 1105 2875 Participans
1147 2799 1217 2856 de
1264 2799 1475 2874 praeda,
1518 2799 1608 2856 vel
1647 2818 1960 2874 cooperans
2001 2800 2062 2856 in
2088 2801 2310 2858 actione
2335 2798 2636 2865 damnosa,

444 2906 668 2954 tenetur
694 2897 763 2953 ad
792 2895 1220 2954 restituendum.
1269 2897 1351 2954 Et
1376 2895 1608 2970 quidem
1635 2900 1687 2956 si
1714 2897 2016 2976 honafide
2032 2901 2162 2970 quis
2187 2908 2404 2975 partem
2434 2897 2638 2974 praedae

443 2996 881 3069 consumpserit,
908 2995 1171 3053 nesciens
1200 2995 1419 3054 scilicet
1442 3015 1570 3054 eam
1613 3016 1740 3054 esse
1787 2999 2051 3065 alienam,
2099 2999 2380 3057 tenebitur
2419 3008 2637 3054 tantum

444 3092 515 3149 ad
542 3092 955 3151 restituendum
982 3093 1041 3150 id
1066 3095 1126 3150 in
1154 3113 1269 3165 quo
1298 3095 1479 3152 factus
1520 3107 1610 3152 est
1648 3095 1834 3188 ditior,
1863 3096 1956 3154 vel
1985 3108 2258 3168 quantum
2285 3098 2542 3172 pepercit
2567 3095 2640 3152 de

445 3210 587 3250 suo:
630 3193 680 3249 si
706 3191 873 3250 mala
883 3191 1039 3268 fide,
1068 3191 1239 3249 debet
1262 3210 1365 3267 pro
1396 3203 1551 3269 parte
1581 3213 1750 3266 quam
1790 3196 1990 3254 habuit
2027 3196 2354 3254 satisfacere
2383 3195 2639 3254 domino.

446 3290 561 3355 Qui
590 3291 649 3346 in
678 3291 901 3348 actione
928 3289 1203 3348 damnosa
1228 3293 1549 3373 participat,
1579 3311 1809 3368 operam
1837 3295 2098 3366 aliquam
2123 3295 2386 3372 injuriam
2417 3295 2640 3352 illaturo

442 3387 799 3464 praestand03
842 3408 915 3447 v:
962 3407 1037 3466 g:
1082 3391 1355 3447 excubias
1396 3391 1642 3467 agendo,
1685 3393 1868 3450 scalas
1909 3392 2275 3469 applicando,
2319 3402 2538 3469 peccat,
2582 3400 2639 3448 et

443 3487 777 3546 restituendi
804 3489 1085 3548 contrahit
1108 3489 1538 3566 obligationem,
1569 3491 1620 3548 si
1645 3491 1704 3548 id
1729 3501 1858 3568 agat
1896 3494 2089 3551 animo
2116 3492 2421 3570 adjuvandi
2447 3490 2640 3549 damni

444 3587 748 3646 illatorem.
836 3589 903 3646 Si
930 3587 1063 3646 vero
1092 3588 1304 3660 aliquid
1346 3588 1680 3667 hujusmodi
1719 3589 1890 3648 faciat
1927 3600 2082 3650 metu
2125 3592 2453 3668 gravissimi
2481 3590 2637 3654 mali,

519 3792 603 3855 (1)
643 3791 695 3838 S.
718 3791 868 3856 Alph.
891 3794 922 3840 l.
946 3793 1012 3842 iii.
1035 3809 1085 3842 n.
1109 3795 1225 3852 569,
1248 3797 1364 3844 570.

521 3876 605 3939 (2)
648 3872 770 3924 cod.
793 3876 883 3924 civ.
906 3885 991 3925 m.
1014 3881 1164 3926 2280.

521 3960 605 4024 (3)
644 3967 673 3990 “
688 3959 733 4006 It
771 3959 814 4008 is
851 3961 1157 4020 understood,
1192 3964 1295 4010 that
1326 3964 1409 4012 the
1442 3965 1653 4026 English
1686 3971 1876 4014 custom
1909 3965 1965 4013 of
1990 3965 2201 4014 maskets
2235 3971 2369 4014 overt
2404 3964 2520 4012 does
2547 3968 2633 4010 not

447 4043 592 4107 apply
614 4050 664 4090 to
687 4043 782 4090 this
804 4051 1034 4106 country3
1070 4044 1166 4092 and
1188 4046 1270 4094 the
1294 4049 1483 4106 general
1507 4049 1742 4112 principle
1759 4049 2023 4114 applicable
2044 4056 2094 4097 to
2117 4049 2200 4097 the
2222 4049 2316 4097 law
2338 4049 2395 4097 of
2407 4045 2630 4110 personal

445 4139 664 4195 property
691 4133 991 4193 throughout
1006 4133 1221 4182 civilized
1238 4135 1434 4199 Europe
1452 4136 1507 4196 is,
1519 4138 1626 4186 that
1646 4154 1788 4189 nemo
1803 4137 1928 4206 plus
1935 4139 2081 4207 juris
2099 4139 2154 4190 in
2175 4137 2338 4189 alium
2363 4135 2638 4206 tramsme

437 4221 605 4284 potest
641 4229 795 4283 quam
830 4216 938 4282 ipse
976 4215 1135 4267 habet.
1204 4217 1330 4266 This
1362 4219 1405 4267 is
1440 4237 1471 4268 a
1502 4222 1686 4270 maxim
1708 4224 1898 4286 equally
1925 4223 1982 4276 of
2005 4223 2088 4271 the
2110 4237 2336 4272 common
2359 4221 2457 4270 and
2479 4221 2536 4268 of
2559 4221 2641 4268 the

446 4301 557 4350 civil
581 4303 699 4360 law3
723 4301 819 4350 and
842 4317 871 4350 a
892 4303 991 4350 sale
1012 4317 1075 4352 ex
1094 4301 1146 4352 vi
1168 4304 1387 4363 termini,
1409 4305 1608 4369 imports
1629 4307 1838 4368 nothing
1855 4323 1990 4356 more
2011 4309 2130 4356 than
2151 4307 2257 4356 that
2277 4307 2359 4354 the
2384 4304 2513 4356 bona
2526 4303 2638 4371 fide

453 4387 714 4449 purchaser
735 4387 962 4436 succeeds
984 4394 1035 4436 to
1057 4387 1139 4436 the
1162 4387 1313 4448 rights
1336 4389 1393 4437 of
1418 4390 1500 4438 the
1534 4390 1762 4439 vendor.”
1832 4390 2007 4440 Kent's
2042 4390 2452 4450 Commentarios,
2474 4390 2568 4437 vol.
2591 4388 2640 4437 ii.

458 4487 508 4520 n.
534 4474 651 4520 325.
