3117 5217
1206 560 1319 621 DE
1364 558 1834 621 scANDALo.
2059 528 2066 535 ’
2491 520 2612 619 aea

518 729 651 783 133.
716 723 923 784 Utrum
972 734 1166 802 parato
1209 724 1277 783 ad
1332 743 1505 803 grave
1544 725 1766 783 facinus
1818 722 2152 801 patrandum
2203 724 2371 783 liceat
2421 726 2612 783 minus

432 824 645 882 malum
672 823 928 893 suadere,
956 826 1102 883 inter
1130 824 1423 901 theologos
1453 825 1756 897 quaeritur:
1800 844 1876 882 v:
1919 843 1994 901 g:
2038 824 2088 881 si
2134 824 2262 896 quis
2305 824 2444 881 velit
2481 825 2615 883 alte-

434 941 561 981 rum
588 922 925 992 interficere,
954 924 1009 983 ei
1036 923 1274 983 suadere
1299 933 1363 982 ut
1387 925 1578 1000 potius
1617 925 1775 1000 potui
1800 921 2090 999 indulgeat
2115 923 2313 990 nimi0,
2341 923 2433 980 vel
2457 933 2521 983 ut
2547 922 2616 981 ad

436 1022 792 1080 meretricem
836 1023 1090 1081 divertat.
1178 1023 1412 1099 Negant
1454 1022 1736 1090 nonnulli,
1777 1040 2092 1094 numquam
2140 1022 2312 1079 licere
2354 1031 2614 1099 putantes

436 1120 654 1195 aliquid
682 1121 818 1180 mali
844 1121 1080 1179 suadere
1105 1143 1120 1179 ε
1162 1122 1258 1179 alii
1288 1129 1477 1189 autem
1504 1130 1743 1179 censent
1765 1122 1958 1188 licere,
1990 1129 2028 1155 ‘⁶
2046 1121 2180 1193 quia
2205 1130 2338 1178 tunc
2365 1122 2612 1179 suadens

438 1239 555 1279 non
582 1220 784 1291 quaerit
810 1219 1044 1287 malum,
1073 1220 1176 1277 sed
1220 1219 1457 1287 bonum,
1499 1220 1718 1277 scilicet
1761 1220 2097 1277 electionem
2138 1220 2374 1277 minoris
2420 1219 2618 1277 mali.'’

442 1317 589 1376 Haec
616 1321 897 1378 sententia
923 1319 1109 1377 arrisit
1136 1320 1199 1375 S.
1231 1310 1585 1394 ΑΙρΙιοιιιεο.1
1667 1317 1954 1376 Caeterum
1981 1336 2154 1375 nemo
2180 1336 2294 1377 non
2321 1319 2474 1376 videt
2495 1338 2621 1376 eam

443 1417 673 1475 nonnisi
702 1418 761 1476 in
790 1419 1129 1497 gravissimo
1170 1417 1500 1477 discrimine
1546 1417 1947 1485 adhibendam,
1975 1426 2039 1475 ut
2064 1418 2210 1474 mala
2235 1418 2491 1493 graviora
2517 1419 2621 1476 im·-

445 1513 761 1592 pediantur.

529 1618 661 1672 134.
705 1612 1067 1689 Quandoque
1092 1615 1227 1674 licet
1252 1614 1424 1673 alium
1442 1615 1692 1692 objicere
1719 1614 2054 1680 discrimini,
2070 1614 2238 1685 eique
2266 1616 2624 1675 occasionem

440 1713 717 1788 peccandi
745 1716 1018 1790 praebere,
1046 1731 1275 1791 gravem
1303 1714 1375 1770 ob
1400 1732 1650 1782 causam,
1679 1714 1898 1771 scilicet
1921 1724 1982 1771 ut
2010 1714 2180 1770 virtus
2211 1714 2334 1790 ejus
2363 1714 2623 1790 explore-

442 1821 549 1880 tur,
598 1812 686 1869 vel
731 1831 857 1885 quae
897 1813 1083 1871 studio
1136 1811 1364 1879 occulit,
1404 1812 1735 1889 detegantur
1766 1812 1918 1870 vitia.
2003 1812 2103 1869 Sic
2143 1812 2344 1871 marito
2383 1814 2628 1889 graviter

444 1912 757 1987 suspicanti
783 1930 1026 1969 uxorem
1054 1930 1287 1988 pravam
1317 1910 1509 1968 fovere
1535 1910 2030 1978 consuetudinem,
2057 1910 2193 1967 licet
2217 1910 2627 1983 aliquantulum

443 2008 615 2067 domo
643 2012 863 2077 abesse,
892 2020 949 2067 et
974 2020 1169 2067 contra
1196 2028 1361 2086 spem
1390 2010 1615 2077 reverti,
1643 2017 1707 2067 ut
1732 2008 1954 2085 detegat
1979 2010 2061 2067 rei
2089 2010 2401 2067 veritatem.
2474 2011 2630 2068 Mer-

447 2108 619 2166 catori
665 2111 835 2166 etiam
887 2108 1164 2166 famulum
1218 2108 1349 2165 furti
1402 2108 1734 2183 suspicanti,
1774 2107 1910 2165 licet
1953 2109 2258 2183 pecuniam
2305 2117 2456 2166 certo
2501 2109 2628 2167 loco
2703 2173 2711 2180 ,

448 2202 679 2283 ponere,
708 2226 822 2281 quo
850 2206 1041 2263 famuli
1065 2204 1207 2263 fides
1228 2206 1561 2263 innotescat.
1647 2206 1984 2278 Numquam
2012 2216 2198 2264 tamen
2225 2206 2359 2264 licet
2385 2208 2632 2280 aliquem

450 2306 517 2362 ad
547 2303 899 2383 peccandum
926 2306 1241 2371 solicitare3
1284 2306 1374 2363 vel
1400 2324 1532 2363 eum
1561 2305 1623 2362 in
1650 2306 1719 2362 iis
1747 2323 1936 2362 rerum
1958 2306 2239 2381 adjunctis
2267 2307 2630 2377 constituere,

449 2404 506 2461 in
536 2405 737 2475 quibus
766 2402 917 2461 certo
948 2415 1279 2479 peccaturus
1308 2412 1413 2472 est,
1431 2404 1726 2461 communi
1753 2413 2000 2479 spectata
2020 2404 2336 2480 fragilitate.
2423 2406 2637 2464 Peccat

452 2500 659 2561 idcirco
688 2502 785 2575 qui
812 2502 1109 2559 mulierem
1138 2502 1436 2576 suspicans
1464 2520 1592 2559 esse
1635 2503 1823 2559 minus
1865 2502 2152 2577 pudicam,
2181 2521 2308 2560 eam
2337 2502 2408 2561 ad
2435 2522 2634 2563 secum

452 2600 947 2659 concumbendum
981 2601 1199 2667 invitat,
1248 2602 1509 2672 quamvis
1552 2600 1698 2656 absit
1741 2601 1962 2657 animus
2009 2619 2134 2658 eam
2182 2603 2636 2661 consentientem

452 2699 813 2776 excipiendi:
846 2699 937 2757 vel
966 2700 1063 2771 qui
1082 2700 1359 2776 juvenem
1380 2700 1511 2757 cum
1539 2698 1733 2774 puella
1757 2698 2020 2757 cubiculo
2049 2696 2306 2768 includit,
2325 2713 2386 2759 ut
2411 2702 2632 2759 virtutis

456 2800 580 2875 ejus
608 2799 774 2857 faciat
798 2799 1137 2877 periculum.

1340 2955 1425 3019 (1)
1465 2952 1525 3003 L.
1546 2952 1597 3003 ii.
1615 2968 1664 3002 n.
1689 2954 1770 3003 57.
