3117 5217
479 536 600 590 356
1265 524 1383 585 DE
1423 524 1871 585 CENSURIS.

484 697 574 763 rit,
617 694 868 753 obnoxia
903 701 992 749 est
1025 692 1290 768 potestati
1329 690 1635 759 Ecclesiae,
1674 700 1731 747 et
1768 708 1969 767 reapse
2010 688 2249 747 diffundi
2296 697 2491 763 posset
2528 706 2661 747 cum

481 812 692 869 magno
731 794 1044 851 animarum
1085 789 1313 849 damno.
1399 790 1464 847 Si
1507 790 1675 847 verba
1708 789 1853 867 legis
1890 797 2177 847 auctorem
2200 786 2455 845 criminis
2482 788 2665 862 respi-

481 894 794 957 ciant;·non
821 896 1008 945 sunta
1032 896 1282 963 patrante
1307 887 1462 945 -illud
1499 886 1568 945 ad
1610 886 1753 944 alios
1780 888 1878 960 qui
1916 887 2109 945 forsan
2148 904 2279 943 eum
2321 884 2577 942 consiliis
2606 892 2663 940 et

480 989 846 1047 hortamentis
868 986 1216 1065 impulerint,
1235 986 1629 1057 extendenda:
1658 987 1773 1045 uisi
1792 986 1891 1043 lex
1918 1003 2019 1043 eos
2046 984 2213 1042 etiam
2242 983 2427 1041 verbis
2448 983 2663 1057 perspi-

487 1088 610 1147 cuis
631 1085 1055 1161 complectatur.

557 1188 656 1241 25.
701 1182 1078 1241 Contumacia
1119 1183 1178 1239 in
1219 1182 1607 1239 auctoritatem
1636 1182 2083 1240 ecclesiasticam
2110 1178 2431 1237 necessaria
2458 1186 2562 1241 est,
2604 1184 2666 1233 ut

483 1282 610 1354 quis
673 1298 915 1339 censura
977 1281 1294 1346 irretiatur:
1361 1298 1496 1337 nam
1535 1278 1817 1337 Ecclesia:
1850 1296 2039 1355 poenae
2086 1295 2215 1335 eam
2254 1270 2667 1349 ‘spernentibus

485 1381 800 1455 irrogantur
835 1379 1002 1453 juxta
1028 1376 1168 1436 illud
1200 1375 1458 1434 Christi:
1505 1377 1635 1433 “Si
1663 1377 1991 1435 Ecclesiam
2030 1372 2436 1453 non-audierit,
2464 1374 2539 1429 sit
2568 1372 2669 1429 tibi

483 1477 634 1535 sicut
672 1477 930 1535 ethnicus
971 1486 1030 1533 et
1067 1465 1496 1553 publicauuS.'’¹
1585 1472 1744 1533 Hine
1790 1474 2128 1551 gravissima
2180 1470 2415 1539 scelera,
2460 1470 2665 1541 quibus

485 1573 708 1633 adnexa
771 1584 858 1632 est
923 1592 1178 1637 censura,
1246 1572 1626 1639 admittentes,
1698 1572 1799 1645 qui
1864 1571 2143 1629 Ecclesiae
2204 1556 2437 1626 {vetitum
2510 1568 2673 1645 igno-

483 1684 626 1740 rant,
681 1692 796 1731 non
848 1690 976 1731 eam
1015 1672 1372 1729 contrahunt.
1457 1670 1575 1735 Qui
1614 1671 1805 1729 sciunt
1842 1668 2303 1749 prohibitionem,
2356 1665 2459 1723 sed
2513 1667 2673 1743 igno-
2728 1682 2735 1693 ·

486 1782 609 1828 rant
635 1789 932 1829 censuram
964 1769 1206 1837 adnecti,
1250 1788 1376 1825 eam
1421 1769 1765 1827 contrahunt
1811 1770 1978 1844 juxta
2005 1768 2258 1841 aliquos,
2304 1764 2435 1839 quia
2480 1782 2675 1819 revera

493 1881 769 1943 spernunt
787 1870 1173 1925 auctoritatem
1196 1867 1478 1940 Ecclesia:
1497 1886 1512 1923 :
1543 1868 1641 1925 alii
1669 1877 1855 1923 tamen
1878 1875 2110 1923 censent
2128 1881 2227 1920 eos
2248 1881 2363 1920 non
2393 1878 2521 1919 esse
2537 1880 2671 1919 con-

487 1976 758 2031 tumaceS‚
789 1966 1156 2037 quotiesnon
1185 1973 1394 2021 norunt
1432 1963 1489 2020 id
1529 1965 1771 2039 graviter
1796 1965 2027 2021 vetitum
2070 1963 2175 2019 snb
2208 1952 2500 2019 censura.2
2580 1959 2675 2017 Ob

487 2062 704 2119 scelera
729 2062 968 2121 omnino
997 2062 1296 2138 praeterita,
1329 2064 1693 2133 quantumvis
1722 2063 1997 2127 enormia,
2026 2060 2157 2119 ferri
2186 2078 2301 2117 non
2327 2066 2519 2135 potest
2544 2076 2675 2113 cen-

487 2179 640 2229 sura,
674 2180 850 2233 quum
889 2162 964 2219 sit
993 2162 1054 2217 in
1094 2158 1298 2219 animae
1339 2160 1677 2229 remedium,
1719 2158 1908 2237 potius
1950 2177 2121 2231 quam
2160 2156 2423 2215 vindictae
2464 2174 2668 2221 causa:

487 2258 590 2315 sed
617 2262 674 2321 si,
696 2260 950 2318 criminis
979 2258 1216 2317 effectus
1244 2270 1590 2333 permaneat,
1628 2260 1856 2316 nonnisi
1882 2275 2121 2316 censura
2141 2238 2462 2320 ‘tollendum
2493 2253 2672 2311 fertur

490 2358 615 2414 haec
643 2356 966 2435 aliquando,
996 2376 1064 2413 v:
1097 2376 1166 2431 g:
1197 2366 1258 2413 ut
1285 2356 1524 2431 publicae
1554 2356 1861 2415 offensioni
1886 2374 2018 2413 reus
2044 2363 2278 2429 cogatur
2311 2353 2536 2409 obviam
2564 2352 2668 2418 ire,

490 2453 580 2511 vel
609 2453 877 2511 damnum
897 2455 1116 2512 illatum
1137 2472 1422 2529 reparare.
1506 2454 1599 2514 De
1628 2455 1811 2530 culpis
1840 2454 2043 2511 suturis
2070 2470 2322 2510 censurae
2345 2450 2411 2507 ab
2438 2449 2671 2507 homine

491 2552 736 2609 ferendae
766 2572 882 2611 non
911 2544 1091 2613 sunt.³
1172 2551 1516 2627 Degradatio
1556 2561 1745 2609 autem
1788 2562 1843 2609 et
1870 2551 2175 2627 depositio,
2204 2567 2329 2621 quae
2358 2548 2416 2605 in
2444 2565 2677 2622 poenam

491 2651 889 2719 decernuntur,
920 2670 1034 2724 non
1061 2660 1194 2707 sunt
1213 2668 1486 2707 censurae.
1572 2649 1841 2709 Cessatio
1864 2670 1899 2707 a
1926 2649 2134 2707 divinis
2163 2648 2371 2722 pariter
2410 2646 2674 2703 censuris

493 2768 610 2807 non
637 2760 724 2805 est
750 2748 1134 2807 accensenda:
1178 2756 1265 2803 est
1303 2749 1458 2805 enim
1485 2750 1677 2822 potius
1718 2748 1975 2805 moeroris
2004 2746 2279 2803 indicium
2308 2746 2378 2805 ob
2407 2736 2673 2820 injuriam

492 2846 770 2903 Ecclesiae
812 2828 1033 2909 factam..
1120 2846 1661 2903 Excommunicatio
1700 2855 1755 2901 et
1792 2846 2096 2921 suspensio
2142 2842 2443 2915 aliquando
2489 2826 2694 2898 latiori*

491 2961 665 3000 sensu
694 2953 1031 3017 usurpantur
1071 2962 1174 3017 pro
1214 2944 1571 3017 separatione
1614 2944 1681 2999 ab
1709 2943 1866 2999 altari
1892 2952 1999 2999 etc.
2044 2942 2115 3000 ad
2154 2950 2401 3015 tempuS,
2431 2958 2558 3011 quae
2600 2940 2674 2996 ob

492 3042 838 3117 praeteritum
868 3041 1084 3098 crimen
1112 3040 1450 3097 decernitur.
1499 3080 1504 3083 -
2375 3108 2381 3113 ¹

576 3142 676 3195 26.
733 3138 976 3212 Propria
1015 3140 1292 3213 cujusque
1333 3139 1500 3213 culpa
1531 3138 1611 3197 ,ad
1656 3138 2307 3199 excommunicationem
2342 3135 2678 3195 contrahen-

495 3236 624 3291 dam
683 3236 950 3309 exigitur,
1005 3236 1340 3308 gravissima
1393 3235 1607 3310 quippe
1660 3244 1749 3293 est
1796 3256 1987 3313 poena.
2075 3234 2351 3297 Censura:
2403 3234 2674 3301 minores,

495 3331 854 3390 interdictum
883 3330 1103 3389 scilicet
1127 3341 1182 3387 et
1215 3332 1538 3407 suspensi-o,
1571 3333 1875 3405 aliquando
1913 3337 2234 3411 irrogantur
2260 3333 2429 3392 coetui
2468 3333 2541 3389 ob
2580 3332 2677 3388 ali·

496 3448 758 3503 quorum,
790 3430 1101 3505 praesertim
1133 3431 1230 3501 qui
1260 3411 1539 3504 primores
1580 3442 1731 3499 sunt,
1760 3452 1993 3499 noxam,
2019 3441 2083 3488 ut
2114 3432 2369 3489 omnium
2412 3448 2584 3505 poe-na
2622 3438 2678 3485 et

495 3548 738 3587 moerore
779 3529 939 3587 noxii
973 3526 1042 3586 ad
1083 3529 1286 3587 bonam
1329 3527 1552 3605 frugem
1590 3531 1853 3587 redeant:
1900 3528 2346 3606 “Suspensio,”
2382 3529 2569 3599 inquit
2609 3527 2671 3583 S.

496 3627 780 3696 ThomaS,
825 3636 863 3662 ‘⁶
888 3634 1002 3685 non
1046 3637 1198 3685 tanta
1235 3645 1408 3703 poena
1439 3637 1545 3694 est,
1576 3637 1785 3699 quanta
1818 3627 2357 3694 excommunicatiO,
2388 3627 2522 3697 quia
2554 3643 2676 3681 sus-

496 3728 664 3801 pensi
687 3746 802 3785 non
821 3726 1146 3784 fraudantur
1167 3726 1446 3783 Ecclesiae
1475 3726 1783 3802 suffragiiS,
1806 3728 1953 3785 sicut
1976 3725 2490 3784 excommunicati:
2522 3722 2675 3781 unde

497 3824 666 3881 etiam
695 3824 896 3895 aliquis
925 3825 1047 3881 sine
1077 3834 1309 3898 peccato
1335 3826 1568 3899 proprio
1592 3824 1973 3899 suspenditur,
1994 3826 2144 3883 sicut
2161 3833 2217 3880 et
2235 3832 2412 3881 totum
2436 3840 2677 3901 regnum

499 3923 728 3996 ponitur
754 3922 858 3979 sub
889 3921 1184 3981 interdicto
1211 3939 1316 3997 pro
1343 3932 1575 3998 peccato
1602 3921 1851 3999 regiS.”⁴¹

575 4104 658 4166 (1)
699 4102 838 4158 Matt.
861 4102 994 4151 xviii.
1023 4104 1100 4150 17.
1163 4120 1170 4125 ·
1307 4104 1391 4171 (2)
1431 4102 1705 4167 Laymann‚
1729 4104 1788 4153 de
1811 4100 2041 4163 censum,
2064 4105 2095 4152 1.
2113 4102 2145 4152 i.
2162 4110 2296 4153 tract.
2319 4119 2364 4150 v.
2386 4119 2427 4151 6.
2451 4119 2498 4151 v.
2521 4118 2570 4151 n.
2596 4106 2644 4151 8.

552 4186 656 4253 ‘(3)
699 4187 759 4235 C.
783 4203 828 4235 v·
851 4187 911 4235 de
933 4195 1054 4236 sent.
1079 4202 1264 4237 excom.
1287 4188 1341 4236 in
1365 4191 1411 4235 6.

573 4272 593 4331 <
598 4272 656 4336 4)
696 4270 754 4319 In
779 4271 922 4321 addit.
947 4288 1027 4334 qu.
1051 4271 1169 4319 xxii.
1193 4276 1279 4319 art.
1297 4270 1360 4319 iii.
1396 4271 1466 4321 ad
1483 4270 1775 4322 secundum.
