3117 5217
665 551 786 606 810
1095 545 1209 606 DE
1251 545 1869 606 ELEEMOSYNAE
1914 543 2420 605 PRAEOEPTO.

663 725 768 782 tes,
796 711 1085 790 erogando
1111 714 1172 772 in
1199 731 1482 792 pauperes
1522 731 1858 772 communes
1886 712 2421 789 quinquagesimam
2462 719 2656 786 partem
2680 729 2778 770 suo·

663 831 788 872 rum
815 811 1156 880 reddituum,
1185 812 1306 878 sive
1333 812 1476 871 duos
1504 829 1705 871 aureos
1730 830 1806 870 ex
1832 822 2085 880 centum,
2123 811 2231 870 sed
2259 829 2377 869 non
2402 811 2459 867 in
2484 809 2663 867 eadem
2684 827 2782 886 pro-

668 912 946 988 portione,
977 911 1026 968 si
1053 909 1266 969 divitiae
1289 911 1530 970 multum
1561 911 1859 970 excedant.
1865 910 1905 937 ’⁹
1886 903 1937 937 ’²

745 1013 877 1067 104.
945 1008 1140 1075 Quum
1190 1009 1252 1067 in
1301 1011 1591 1086 plerisque
1642 1010 1957 1068 civitatibus
2014 1008 2373 1084 oppidisque
2420 1007 2777 1083 provinciarum

659 1107 1050 1166 foederatarum
1079 1108 1327 1185 hospitia
1363 1109 1478 1167 sint
1513 1109 1573 1166 in
1616 1109 1820 1182 quibus
1864 1124 2141 1184 pauperes
2184 1108 2562 1184 excipiuntur,
2588 1121 2782 1177 quorum

659 1207 1058 1264 sustentationi
1097 1208 1252 1266 cives
1281 1209 1609 1276 consulunt,
1636 1214 1847 1266 taccam
1876 1205 2179 1274 solvendo,
2204 1207 2315 1265 hac
2354 1223 2429 1262 ex
2452 1212 2596 1280 parte
2618 1201 2781 1277 obliga·

660 1305 800 1362 tioni
824 1304 998 1362 dandi
1025 1306 1422 1381 eleemosynas
1450 1304 1699 1377 quodam
1738 1317 1906 1381 pacto
1946 1305 2084 1362 satis
2126 1305 2217 1367 fit.
2304 1305 2365 1361 N
2368 1322 2444 1361 on
2484 1304 2638 1378 igitur
2658 1299 2783 1356 facile

661 1402 992 1480 deneganda
1017 1414 1106 1462 est
1137 1403 1412 1462 absolutio
1438 1402 1619 1471 diviti,
1648 1404 1746 1477 qui
1784 1401 2063 1462 mendicis
2104 1421 2227 1462 non
2256 1401 2548 1460 subvenit:
2588 1408 2782 1456 attamen

661 1502 874 1562 hortari
901 1511 1122 1580 oportet
1145 1521 1347 1561 omnes
1387 1511 1426 1538 ‘⁶
1449 1502 1652 1562 divites
1692 1501 1814 1560 fieri
1853 1504 1911 1560 in
1952 1491 2117 1560 bonis
2144 1502 2442 1580 operibus,
2481 1499 2629 1556 facile
2652 1497 2781 1553 tribu·

659 1619 774 1669 ere,
803 1601 1220 1660 communicare
1239 1595 1333 1658 :⁹⁹⁹
1369 1603 1568 1675 eisque
1596 1602 1655 1659 in
1696 1602 2031 1659 memoriam
2064 1619 2343 1660 revocare
2370 1597 2505 1656 illud
2531 1594 2777 1673 Apostoli:

660 1708 700 1736 ‘⁶
723 1700 838 1766 Qui
881 1700 1143 1760 habuerit
1179 1702 1548 1760 substantiam
1594 1701 1765 1778 hujus
1793 1700 2013 1768 mundi,
2052 1708 2111 1757 et
2150 1699 2363 1758 viderit
2400 1698 2610 1755 fratrem
2650 1711 2779 1750 suum

659 1799 1056 1858 necessitatem
1095 1799 1318 1868 habere,
1363 1809 1420 1858 et
1459 1801 1722 1858 clauserit
1754 1801 1975 1858 viscera
2002 1800 2071 1857 ab
2110 1817 2179 1859 eo
2207 1820 2223 1857 :
2270 1795 2553 1871 quomodo
2588 1792 2781 1850 charitas

669 1897 780 1956 Dei
807 1909 998 1956 manet
1021 1899 1076 1955 in
1107 1916 1176 1955 eo
1199 1893 1298 1953 ³⁹⁹³

747 1999 878 2054 105.
921 1995 1206 2054 Omnibus
1227 1997 1545 2074 egentibus,
1570 1997 1783 2069 absque
1802 1997 2113 2074 religioniS,
2136 2006 2238 2054 aut
2256 1997 2462 2074 gentiS‚
2484 1989 2781 2052 discrimine:

661 2094 1114 2152 subveniendum
1137 2103 1245 2164 est,
1273 2097 1356 2154 uti
1396 2095 1631 2172 pulchre
1668 2113 1777 2153 nos
1818 2096 2012 2154 docuit
2038 2093 2338 2164 Christus,
2380 2090 2685 2152 Samaritani
2708 2103 2783 2142 ex·

663 2194 874 2270 emplo.
957 2193 1120 2253 Ordo
1161 2205 1350 2254 tamen
1387 2204 1663 2262 servatur,
1707 2205 1768 2253 ut
1805 2195 2335 2272 propinquioribus,
2363 2203 2423 2251 et
2446 2207 2659 2266 quorum
2683 2201 2781 2241 cura

653 2294 818 2352 nobis
845 2294 1150 2351 commissa
1177 2303 1281 2362 est,
1323 2295 1605 2370 imprimis
1646 2294 2026 2363 subveniatur,
2066 2294 2179 2354 nisi
2220 2295 2448 2372 gravior
2472 2291 2682 2348 aliorum
2702 2299 2776 2340 ne-

655 2393 890 2449 cessitas
919 2391 1072 2450 aliud
1100 2393 1365 2468 postulet.

739 2493 873 2548 106.
917 2491 1018 2550 Ex
1041 2491 1207 2551 bonis
1233 2493 1376 2560 suis,
1401 2511 1518 2551 non
1545 2501 1736 2551 autem
1762 2492 1984 2560 alienis,
2006 2492 2384 2570 eleemosyna
2402 2483 2670 2548 tribuenda
2684 2487 2773 2536 est:

657 2609 829 2650 nemo
855 2591 1010 2650 enim
1038 2599 1224 2667 potest
1249 2591 1432 2650 aliena
1469 2592 1693 2669 largiri:
1737 2601 2086 2668 quapropter
2106 2593 2353 2669 graviter
2379 2594 2606 2667 peccant
2624 2586 2779 2657 contra

651 2691 930 2767 justitiam
959 2691 1154 2750 famuli
1195 2690 1556 2751 dominorum
1596 2691 1745 2748 bona
1786 2691 2111 2749 tribuentes.
2195 2691 2469 2750 Attamen
2492 2686 2541 2742 si
2576 2690 2779 2739 extrema

659 2799 858 2867 urgeat
882 2790 1209 2857 necessitas,
1239 2808 1615 2862 quaecumque
1643 2798 1848 2864 proesto
1887 2801 2019 2846 sunt
2056 2799 2329 2866 possunt
2334 2783 2579 2846 adhiberi
2602 2777 2660 2836 ad
2682 2773 2779 2832 sub·

659 2886 1002 2946 veniendum
1029 2887 1312 2962 perituro:
1357 2904 1464 2944 nec
1489 2886 1643 2944 enim
1673 2885 1937 2944 dominus
1977 2887 2186 2944 invitus
2212 2883 2531 2944 censendus
2554 2888 2645 2936 est.
2702 2871 2779 2928 Sic

663 2985 726 3042 in
751 2985 1043 3060 naufragio
1085 2983 1362 3058 quidquid
1401 2993 1589 3061 petest
1627 2985 1899 3042 inservire
1938 2993 2001 3042 ut
2040 2986 2171 3057 quis
2196 2985 2421 3051 evadat,
2463 2980 2602 3040 licite
2636 2967 2785 3044 arripi·

659 3097 767 3151 tur,
814 3094 879 3142 ut
921 3085 1232 3160 praebeatur
1273 3083 1649 3159 periclitanti:
1692 3085 1753 3141 in
1796 3082 1947 3141 fame
1992 3083 2273 3156 quidquid
2318 3083 2543 3142 obvium
2583 3066 2781 3134 occurrit

655 3183 787 3239 vitae.
810 3182 1188 3242 sustentanda:
1234 3181 1523 3248 idoneum,
1551 3183 1715 3241 datur
1740 3182 2033 3241 morituro.
2112 3183 2255 3242 Non
2280 3182 2417 3241 licet
2440 3186 2615 3237 autem
2636 3170 2777 3228 aliena

659 3279 928 3355 praebere,
957 3281 1008 3338 si
1035 3290 1130 3336 tua
1155 3288 1360 3356 proesto
1387 3280 1503 3337 sint
1528 3282 1732 3354 quibus
1760 3281 1813 3337 ei
1840 3283 2143 3340 subvenire
2170 3283 2384 3358 possis.
2451 3280 2517 3337 In
2542 3260 2783 3332 commuui

663 3379 995 3436 necessitate
1035 3397 1152 3437 non
1195 3379 1330 3436 licet
1373 3376 1504 3436 dare
1551 3380 1983 3456 eleemosynam
2030 3399 2105 3438 ex
2144 3381 2345 3438 alienis
2393 3377 2573 3442 bonis,
2597 3367 2693 3428 nisi
2726 3375 2783 3418 ΒΧ

665 3479 832 3537 tacito
861 3477 1063 3550 saltem
1089 3479 1304 3537 domini
1345 3496 1651 3538 consensu.
1736 3478 1911 3538 Hunc
1952 3479 2121 3538 habet
2144 3498 2293 3538 uxor
2330 3479 2403 3537 de
2428 3477 2589 3536 rebus
2623 3459 2785 3526 mariti,

667 3579 954 3638 moderate
997 3587 1204 3646 tamen,
1247 3586 1303 3635 et
1343 3597 1447 3655 pro
1487 3597 1649 3638 more
1682 3577 1915 3638 aliarum
1956 3578 2213 3657 eJusdem
2258 3573 2623 3638 conditionis:
2661 3555 2787 3641 pueri

666 3680 857 3745 etiam,
879 3687 938 3735 et
961 3677 1328 3746 filiifamilias,
1349 3678 1518 3754 juxta
1535 3677 1773 3736 aliorum
1794 3686 1989 3736 notam
2012 3679 2501 3742 consuetudinem,
2522 3666 2783 3732 moderatas

665 3775 800 3834 dant
823 3777 1252 3854 eleemosynas:
1295 3777 1512 3835 ancilloe
1539 3776 1610 3834 de
1638 3777 1777 3834 cibis
1816 3777 1915 3849 qui
1954 3787 2279 3854 supersunt,
2306 3786 2365 3835 et
2390 3776 2461 3835 de
2487 3756 2783 3830 vestimentis

666 3873 899 3949 abjectis
926 3874 1116 3947 aliqua
1140 3876 1405 3944 tribuunt,
1433 3877 1683 3936 dominis
1710 3875 1865 3934 haud
1895 3875 2109 3934 invitis.
2177 3875 2463 3936 Oaeterum
2488 3887 2596 3930 non
2620 3861 2787 3919 debent

665 3969 802 4028 dare
825 3971 984 4029 cibos
1012 3992 1227 4034 mensae
1257 3973 1510 4034 nondum
1549 3976 1863 4052 appositos,
1904 3976 1997 4033 vel
2039 3995 2131 4034 res
2175 3976 2335 4044 alias,
2364 3983 2549 4032 contra
2572 3960 2783 4026 domin&

664 4087 790 4126 rum
837 4069 1050 4144 justam
1101 4073 1468 4143 voluntatem,
1521 4075 1767 4148 ideoque
1817 4075 2231 4137 restitutionem
2286 4075 2469 4136 facere
2510 4067 2709 4131 debent,
2745 4069 2785 4111 ⁸¹

663 4185 830 4226 secus
855 4168 1095 4244 egerint.

871 4370 956 4436 (l)
997 4368 1049 4417 S.
1072 4369 1372 4434 Alphonsus,
1393 4375 1486 4426 ubi
1505 4391 1682 4443 supra,
1704 4395 1753 4428 n.
1778 4381 1859 4428 32.
2134 4382 2219 4448 (2)
2258 4380 2295 4430 1.
2318 4381 2445 4431 Tim.
2466 4376 2525 4425 vi.
2552 4374 2620 4420 18.

873 4456 957 4522 (3)
995 4453 1227 4510 Joan..iii.
1255 4459 1333 4508 17..
