3117 5217
510 559 628 613 340
762 553 876 614 DE
919 552 1366 613 ECCLESIAE
1409 552 1917 613 POTESTATE
1958 552 2457 613 JUDIOIARIA.

508 723 704 780 fratres
731 720 800 778 ad
841 720 1169 779 Ecclesiam
1206 718 1540 791 referuntur,
1581 738 1697 797 qno
1723 717 2002 779 vocabulo
2040 731 2227 778 coetus
2266 720 2495 794 quidem
2541 737 2697 794 saepe

511 820 857 896 intelligitur,
886 819 987 877 sed
1033 820 1162 895 ejus
1189 828 1438 876 rectores
1481 819 1648 894 plane
1668 819 2069 895 designantur;
2100 819 2169 877 ad
2197 819 2507 895 Apostolos
2535 818 2693 875 enim

509 938 577 977 ea
595 918 803 977 directa
829 928 965 977 sunt
983 920 1175 987 verba,
1198 918 1406 989 quibus
1429 918 1711 977 Ecclesiae
1732 918 2011 977 sententia
2028 927 2147 975 rata
2172 919 2231 976 in
2258 920 2416 980 coelis
2437 915 2695 975 habenda

511 1018 850 1075 declaratur:
894 1019 996 1093 qui
1035 1036 1162 1075 mos
1204 1016 1508 1095 praesidem
1551 1029 1729 1075 eoetus
1770 1017 2001 1075 nomine
2042 1016 2381 1095 designandi
2408 1015 2561 1094 apud
2586 1032 2693 1073 nos

511 1117 679 1173 etiam
709 1116 880 1193 viget,
909 1118 1078 1175 curiae
1107 1119 1263 1175 enim
1291 1116 1522 1175 nomine
1541 1115 1724 1192 judex
1751 1124 1999 1183 vocatur,
2028 1126 2085 1172 et
2110 1116 2387 1175 Ecclesiae
2414 1113 2691 1173 vocabulo

513 1214 781 1273 Pontifex
809 1234 963 1292 saepe
993 1217 1342 1291 intelligitur.
1427 1214 1597 1281 Quod
1638 1224 1825 1273 autem
1867 1214 2134 1273 Ecclesia
2171 1214 2355 1273 adhue
2382 1234 2501 1273 non
2526 1213 2692 1271 fuerit

508 1314 811 1372 constituta
851 1334 916 1373 ac
965 1314 1244 1391 disposita
1283 1332 1356 1371 eo
1396 1325 1564 1389 pacto
1604 1332 1721 1387 quo
1766 1313 2059 1371 tribunalis
2112 1314 2411 1391 cujusdam
2450 1313 2690 1371 formam

512 1412 884 1489 praeseferret,
926 1432 1041 1473 non
1081 1414 1284 1481 obstat,
1326 1432 1456 1470 nam
1499 1431 1615 1470 vox
1655 1432 1730 1471 ex
1774 1413 1903 1488 ipso
1943 1412 1982 1471 J
1986 1412 2277 1471 udaeorum
2316 1432 2447 1480 usu,
2490 1412 2579 1469 vel
2620 1408 2691 1467 ad

511 1512 680 1569 totius
706 1514 892 1589 gentis
920 1523 1150 1579 costum,
1181 1512 1271 1569 vel
1311 1512 1380 1569 ad
1420 1510 1765 1589 singularem
1806 1522 2151 1570 conventum
2192 1511 2551 1578 referebatur,
2582 1527 2691 1581 qua

509 1612 722 1669 ratione
765 1611 948 1669 facilis
989 1620 1108 1669 erat
1145 1611 1466 1678 intellectu;
1509 1620 1569 1667 et
1607 1628 1841 1686 premes,
1884 1628 1987 1685 pro
2029 1628 2209 1677 more,
2238 1621 2417 1668 coetus
2456 1609 2687 1667 nomine

510 1708 928 1787 designabatur.
1012 1711 1192 1789 Igitur
1225 1709 1508 1787 judicium
1547 1709 1855 1785 praesulum
1894 1708 1964 1765 de
2010 1708 2243 1767 fratrum
2290 1706 2688 1767 controversiis

509 1818 698 1883 potest
724 1828 893 1884 poena
919 1828 1146 1869 summa
1169 1809 1410 1875 sanciri;
1453 1809 1595 1866 adeo
1636 1821 1699 1865 ut
1721 1827 1753 1865 e
1792 1807 2049 1865 fidelium
2074 1818 2221 1867 coetu
2250 1810 2488 1885 ejectus,
2518 1808 2690 1865 instar

509 1907 724 1965 ethnici
750 1907 1045 1966 habendus
1072 1908 1164 1973 sit,
1194 1908 1292 1979 qui
1319 1908 1372 1964 ei
1401 1906 1669 1963 obaudire
1693 1906 1985 1965 detrectat.

587 2010 646 2061 2.
691 2004 954 2063 Eandem
999 2014 1334 2081 potestatem
1379 2004 1487 2062 sibi
1532 2004 1835 2063 vindicavit
1878 2006 2214 2083 Apostolus,
2259 2006 2357 2078 qui
2401 2024 2576 2078 quum
2622 2022 2685 2061 se

509 2120 608 2160 eos
648 2104 747 2176 qui
793 2114 954 2162 extra
993 2104 1320 2163 Ecclesiam
1363 2113 1495 2161 sunt
1530 2103 1787 2181 judicare
1834 2123 1951 2163 non
1990 2105 2471 2180 possesateretur,
2502 2114 2688 2161 aucto-

509 2203 729 2260 ritatem
748 2202 1106 2280 judiciariam
1135 2204 1194 2260 in
1223 2221 1322 2260 eos
1351 2205 1450 2275 qui
1481 2204 1623 2260 intra
1662 2213 1795 2260 sunt
1819 2222 1881 2259 se
1910 2203 2115 2261 habere
2143 2203 2427 2262 ostendit:
2474 2213 2512 2238 ‘⁶
2535 2202 2685 2267 Quid

511 2300 664 2359 enim
693 2302 835 2360 mihi
862 2303 936 2360 de
961 2303 1053 2370 iia,
1084 2303 1182 2373 qui
1211 2301 1347 2359 foris
1374 2312 1506 2359 sunt
1523 2303 1783 2378 judicare
1802 2299 1897 2357 3⁹⁹¹
1940 2302 2198 2361 Minatus
2226 2312 2314 2360 est
2338 2303 2507 2359 etiam
2536 2303 2693 2379 virga

509 2418 572 2456 se
599 2400 657 2456 in
684 2418 811 2457 reos
841 2402 1397 2459 animadversurum:
1445 2409 1483 2435 ‘⁶
1507 2401 1661 2467 Quid
1692 2400 1904 2458 vultis?
1944 2402 2001 2460 in
2033 2404 2191 2479 virga
2213 2403 2435 2459 veniam
2465 2402 2536 2458 ad
2563 2419 2686 2469 vos,

509 2518 580 2556 an
609 2499 666 2555 in
693 2498 958 2557 charitate
985 2510 1042 2557 et
1063 2500 1266 2575 spiritu
1295 2500 1745 2560 mansuetudinis
1765 2494 1819 2555 2²
1857 2500 2099 2559 Summa
2125 2501 2221 2560 illa
2248 2510 2524 2577 potestate
2550 2518 2687 2558 usus

509 2608 615 2665 est,
641 2596 963 2667 Corinthio,
993 2601 1091 2671 qui
1119 2601 1398 2657 incestum
1419 2600 1727 2657 immanem
1748 2598 2071 2668 admiserat,
2100 2620 2133 2659 e
2160 2602 2379 2677 gremio
2406 2600 2687 2658 Ecclesiae
2779 2611 2787 2617 '

509 2698 729 2773 ejecto:
776 2707 815 2733 ‘⁶
835 2699 968 2775 Ego
995 2697 1228 2771 quidem
1269 2698 1472 2756 absens
1499 2717 1759 2775 corpore,
1799 2717 2051 2774 praesens
2092 2709 2277 2759 autem
2304 2700 2529 2775 spiritu,
2562 2699 2689 2775 jam

501 2795 753 2871 judicavi
793 2807 856 2855 ut
894 2816 1144 2871 praesens
1183 2816 1312 2855 eum
1353 2798 1452 2869 qui
1490 2798 1575 2854 sic
1616 2810 1881 2872 operatus
1922 2808 2029 2863 est,
2072 2799 2131 2855 in
2170 2799 2402 2857 nomine
2450 2798 2691 2868 Domini

509 2896 687 2951 nostri
733 2894 874 2951 Jesu
907 2894 1147 2962 Christi,
1189 2896 1550 2971 congregatis
1593 2897 1755 2953 vobis
1798 2905 1855 2952 et
1880 2914 2011 2954 meo
2050 2899 2273 2972 spiritu,
2312 2916 2445 2955 cum
2485 2899 2691 2955 virtute

508 2991 745 3051 Domini
773 2994 948 3051 nostri
987 2993 1130 3053 Jesu
1160 2993 1400 3062 Christi,
1444 2994 1660 3052 tradere
1702 2994 2034 3071 hujusmodi
2062 2997 2287 3056 Satanae
2312 2997 2373 3054 in
2400 2997 2689 3065 interitum

507 3092 716 3159 carnia,
757 3102 820 3149 ut
855 3093 1088 3168 spiritus
1130 3094 1320 3153 salvus
1359 3095 1434 3151 sit
1477 3096 1538 3151 in
1575 3093 1670 3152 die
1709 3094 1947 3153 Domini
1976 3096 2153 3155 nostri
2192 3094 2333 3159 Jesu
2374 3090 2691 3161 Christi.”³

507 3189 852 3247 Auctor-itate
895 3190 1116 3249 Christi
1158 3192 1399 3249 Domini
1451 3210 1614 3249 reum
1659 3192 1946 3250 damnavit
1994 3194 2325 3269 Apostolus,
2368 3204 2426 3251 et
2468 3195 2689 3253 sublato

508 3304 796 3343 sacrorum
814 3290 1122 3356 consortio,
1141 3289 1755 3364 tamquam·profanum
1784 3291 1997 3361 habuit,
2026 3312 2159 3351 eum
2186 3294 2409 3351 Satanae
2440 3294 2684 3361 tradens,

506 3395 570 3441 ut
593 3402 724 3443 caro
749 3403 991 3444 moerore
1017 3387 1092 3444 ob
1119 3406 1344 3464 poenam
1387 3389 1705 3455 tabescens,
1746 3390 1935 3449 anima
1973 3392 2305 3468 poenitentia
2342 3392 2413 3451 ad
2450 3394 2687 3453 salutem

507 3479 877 3543 afficeretur.⁴
956 3486 1126 3551 Quod
1147 3498 1360 3570 “autem
1389 3506 1452 3544 se
1477 3506 1593 3545 una
1618 3507 1749 3547 cum
1784 3488 2047 3549 fidelibus
2074 3492 2514 3551 convenientem
2540 3494 2688 3549 hanc

515 3584 712 3641 tulisse
751 3586 1088 3643 sententiam
1133 3586 1301 3653 dicat,
1341 3606 1510 3658 quam
1554 3587 1711 3645 solus
1740 3601 1927 3647 tamen
1968 3590 2112 3657 tulit,
2156 3591 2263 3649 fuit
2302 3592 2439 3663 quia
2480 3592 2687 3649 mentis

505 3684 846 3759 cogitatione
875 3701 974 3741 eos
1003 3685 1198 3743 habuit
1223 3697 1531 3761 praesentes
1557 3686 1639 3743 rei
1682 3696 1851 3745 testes
1892 3700 1951 3747 et
1988 3690 2163 3747 veluti
2192 3700 2471 3747 auctores.
2557 3690 2685 3749 Nec

505 3781 576 3838 ad
615 3783 962 3858 singularem
1003 3784 1252 3857 aliquem
1293 3803 1488 3843 casum
1530 3804 1692 3843 suam
1732 3789 1967 3846 arctavit
1992 3798 2349 3864 potestatem,
2390 3790 2471 3847 ait
2489 3792 2681 3848 enim:

506 3888 545 3913 ‘⁶
570 3878 638 3936 In
666 3892 928 3957 promptu
957 3882 1230 3941 habentes
1257 3883 1458 3941 ulcisci
1497 3902 1728 3942 omnem
1750 3880 2305 3945 inobedientiam:”⁵
2342 3906 2520 3961 seque
2554 3889 2683 3965 jure

503 3978 720 4053 optimo
745 3977 814 4035 de
842 3991 1116 4054 potestate
1145 3983 1256 4041 sibi
1295 3983 1568 4041 divinitus
1594 3986 1923 4045 commissa·
1943 3986 2172 4062 gloriari
2197 4006 2368 4063 posse
2396 3986 2676 4046 ostendit:

576 4135 660 4200 (1)
699 4134 739 4182 1.
762 4134 874 4185 Cor.
891 4153 936 4185 v,
965 4141 1042 4187 12.
1342 4143 1425 4207 (2)
1465 4142 1502 4190 1.
1528 4140 1643 4191 Cor.
1664 4143 1727 4191 iv.
1751 4146 1837 4198 21.
2171 4148 2255 4213 (3)
2294 4146 2333 4195 Ῑ.
2357 4144 2471 4195 Cor.
2494 4164 2539 4197 v.
2565 4148 2611 4194 3.

581 4222 665 4287 (4)
705 4229 735 4253 “
753 4221 799 4269 It
820 4220 992 4271 should
1015 4241 1144 4273 seem
1167 4226 1272 4274 that
1315 4232 1394 4291 (as
1417 4228 1500 4276 the
1535 4236 1663 4278 most
1694 4229 1911 4282 eminent
1944 4238 2328 4291 commentatore,
2361 4232 2556 4280 ancient
2588 4231 2683 4279 and

505 4304 701 4354 medem
723 4320 802 4353 are
823 4305 881 4353 of
906 4307 1146 4373 opinion,)
1171 4324 1255 4357 we
1269 4310 1392 4359 have
1413 4312 1528 4361 here
1550 4313 1686 4376 plain
1724 4314 1932 4375 vestiges
1954 4314 2012 4363 of
2034 4332 2065 4364 a
2098 4314 2266 4365 formal
2296 4316 2682 4365 excommunica-

502 4388 652 4438 tion.”
703 4388 1024 4450 ‘Bloomfield,
1047 4393 1105 4441 in
1130 4392 1307 4442 locum.
1375 4453 1378 4461 Ι

574 4477 653 4541 (5)
692 4474 755 4523 11.
778 4474 890 4528 Cor.
909 4492 959 4527 x.
980 4479 1027 4526 6.
