3117 5217
551 576 624 630 14
1239 572 1354 631 DE
1395 571 2043 633 TEMPERANTIA.

443 818 452 833 .
543 754 602 803 et
634 760 806 803 omne
845 741 998 815 quod
1039 742 1318 801 inebriare
1353 739 1639 819 potest.’'l
1720 751 1759 779 ‘⁶
1778 742 1847 801 In
1885 742 2150 802 omnibus
2183 742 2406 819 potibus
2452 742 2729 801 inebriare

543 842 864 902 valentibus
891 850 980 899 est
1005 860 1118 901 una
1143 851 1202 899 et
1237 840 1438 901 eadem
1467 843 1611 901 ratio
1637 840 1987 919 impediendi
2012 841 2243 899 rationis
2270 859 2457 899 usum.
2540 841 2622 903 Et
2644 841 2729 899 sic

543 942 643 1001 illa
684 951 920 1018 potuum
958 938 1256 999 diversitas
1287 959 1391 1017 per
1417 940 1685 1000 accidens
1726 959 1789 999 se
1830 941 2001 999 habet
2036 938 2110 997 ad
2146 930 2508 998 virmtem.’'²
2586 939 2727 997 Vini

539 1042 858 1121 praesertim
897 1056 1066 1099 usum
1107 1040 1460 1099 moderatum
1497 1040 1672 1099 licere
1713 1041 1915 1115 probat
1944 1040 2009 1098 S.
2050 1039 2309 1097 Thomas
2350 1056 2425 1098 ex
2449 1038 2728 1114 Apostolo
2783 1028 2789 1033 ’

543 1140 920 1199 Timotheum
948 1139 1240 1198 hortante:
1299 1146 1338 1174 ‘⁶
1363 1138 1506 1197 Noli
1533 1139 1721 1198 adhuc
1749 1157 1954 1211 aquam
1979 1139 2191 1206 bibere,
2212 1136 2315 1195 sed
2340 1138 2569 1197 modico
2595 1138 2727 1194 vino

541 1249 702 1298 utere
729 1248 962 1316 propter
987 1236 1346 1297 stomachum
1373 1247 1554 1305 tuum,
1583 1248 1643 1297 et
1678 1236 2005 1311 frequentes
2046 1247 2168 1295 tuas
2207 1230 2633 1295 infirmitates”³
2670 1245 2728 1293 et

543 1358 618 1397 ex
645 1336 1090 1396 Ecclesiastico:
1179 1344 1218 1371 ‘⁴
1234 1336 1535 1396 Exultatio
1561 1338 1767 1395 animae
1794 1346 1853 1395 et
1876 1335 2063 1395 cordis
2092 1336 2289 1394 vinum
2314 1336 2601 1394 moderate
2629 1353 2725 1410 po-

541 1430 816 1497 tatum.”⁴
895 1434 1042 1494 Haec
1069 1453 1186 1513 prae
1213 1435 1394 1493 oculis
1421 1434 1685 1494 habenda
1708 1444 1861 1504 sunt,
1890 1454 1963 1493 ne
1992 1434 2147 1507 quod
2184 1453 2338 1493 nuuc
2376 1435 2523 1512 rapit
2547 1452 2727 1509 popu-

541 1537 630 1595 los
658 1534 908 1595 studium
947 1554 1079 1593 cum
1119 1553 1308 1593 errore
1349 1535 1492 1592 forte
1531 1534 1725 1607 aliqua
1760 1535 2174 1613 conjungatur:
2219 1532 2487 1591 laudandi
2512 1534 2724 1608 quippe

545 1646 696 1701 sunt,
725 1636 845 1707 qui,
874 1634 999 1693 vitii
1023 1632 1177 1702 odio,
1205 1652 1441 1692 omnem
1469 1644 1639 1711 potus
1682 1635 1783 1707 qui
1814 1633 2087 1691 inebriare
2127 1632 2310 1689 valeat
2346 1650 2515 1689 usum
2554 1630 2725 1689 decli-

543 1742 712 1801 nent;
741 1733 845 1791 sed
869 1730 1186 1795 cavendum
1213 1750 1286 1789 ne
1311 1751 1450 1790 usus
1477 1732 1803 1792 moderatus
1832 1730 2146 1790 damnetur.
2230 1729 2517 1803 Equidem
2539 1730 2724 1787 bibere

539 1836 759 1899 vinum,
789 1832 1053 1906 quamvis
1081 1848 1184 1907 per
1209 1849 1274 1887 se
1300 1831 1488 1899 liceat,
1519 1840 1558 1868 ‘⁶
1578 1840 1769 1908 potest
1793 1842 1980 1889 tamen
2007 1828 2167 1887 reddi
2194 1829 2452 1888 illicitum
2498 1847 2600 1905 per
2638 1848 2725 1885 ac·

543 1931 760 1991 cidens.
846 1929 1204 2002 Quandoque
1247 1928 1481 2002 quidem
1526 1949 1602 1988 ex
1649 1928 1973 1989 conditione
2016 1928 2279 1995 bibentis,
2314 1928 2447 2001 quia
2484 1925 2553 1984 de
2593 1928 2725 1984 vino

542 2031 706 2089 facile
733 2027 973 2097 laeditur,
1003 2028 1094 2084 vel
1115 2027 1248 2101 quia
1273 2046 1348 2085 ex
1374 2030 1611 2104 speciali
1632 2039 1764 2088 voto
1780 2028 2061 2105 obligatur
2088 2026 2159 2085 ad
2174 2029 2371 2085 vinum
2392 2044 2509 2085 non
2532 2026 2725 2083 biben-

541 2129 711 2187 dum:
756 2128 1098 2201 quandoque
1143 2138 1335 2185 autem
1381 2145 1456 2185 ex
1495 2127 1670 2186 modo
1696 2127 1947 2195 bibendi,
1980 2127 2112 2199 quia
2156 2126 2380 2184 scilicet.
2400 2143 2725 2183 mensuram

541 2231 602 2287 in
629 2225 874 2285 bibendo
900 2226 1164 2287 excedit:
1196 2224 1537 2300 quandoque
1578 2236 1765 2285 autem
1792 2245 1867 2285 ex
1894 2234 2048 2303 parte
2088 2223 2345 2291 aliorum,
2387 2225 2487 2297 qui
2512 2243 2586 2281 ex
2615 2224 2723 2281 hoc

543 2318 1159 2385 scandalizarentur.”⁵

621 2430 723 2483 27.
783 2424 936 2491 Quid
961 2413 1168 2507 f‘autem
1221 2424 1523 2505 dicendum
1572 2429 1647 2485 sit
1696 2426 1767 2485 de
1826 2428 2209 2503 promissione
2272 2425 2483 2484 emissa
2542 2425 2724 2501 palam

545 2508 1158 2615 solemniterquesjuti
1225 2542 1352 2582 mos
1421 2536 1527 2593 est,
1589 2545 1895 2598 numquam
1962 2527 2159 2584 vinum
2218 2526 2464 2583 aliumve
2530 2535 2725 2601 potum

547 2626 646 2697 qui
698 2623 972 2683 inebriare
1024 2624 1207 2681 valeat
1255 2624 1508 2692 bibendi,
1563 2626 1677 2683 nisi
1730 2644 1805 2683 ex
1875 2625 2087 2683 medici
2138 2624 2419 2683 consilio?
2519 2624 2723 2681 Utrum

540 2722 866 2781 habendum
933 2723 1007 2781 sit
1071 2724 1248 2780 instar
1320 2724 1475 2780 voti?
1584 2725 1831 2783 Minime
1897 2724 2190 2799 gentium:
2272 2742 2377 2781 nec
2436 2724 2588 2780 enim
2658 2740 2727 2778 ea

541 2830 631 2877 est
675 2838 841 2879 mens
883 2820 997 2895 ipsi
1035 2820 1406 2877 celeberrimo
1451 2819 1625 2896 hujus
1664 2822 1905 2879 instituti
1938 2823 2151 2881 auctori
2191 2822 2348 2879 Patri
2388 2821 2723 2880 Theobaldo

541 2918 876 2977 Matthews.
960 2917 1330 2993 Propositum
1381 2926 1470 2973 est
1520 2916 1761 2990 quadam
1808 2920 2166 2978 solemnitate
2218 2920 2501 2988 indutum,
2546 2930 2608 2977 ut
2657 2940 2723 2978 ea

539 3018 759 3075 ratione
787 3014 858 3073 ad
884 3016 1362 3091 perseverantiam
1385 3017 1706 3075 excitentur
1730 3027 1788 3074 et
1814 3018 2150 3096 adjuventur
2165 3019 2263 3091 qui
2284 3018 2425 3076 illud
2444 3021 2719 3077 emittunt.

541 3116 608 3173 Si
635 3116 804 3191 igitur
830 3114 1128 3189 contigerit
1151 3133 1252 3172 eos
1279 3114 1420 3172 illud
1447 3115 1860 3188 derelinquere,
1889 3135 2005 3175 non
2046 3118 2234 3175 statim
2262 3111 2567 3176 damnandi
2592 3129 2724 3177 sunt

542 3215 762 3290 peccati
783 3213 1077 3289 gravioriS‚
1105 3213 1217 3269 nisi
1235 3213 1489 3271 ebrietati
1508 3212 1854 3291 indulgeant,
1878 3216 1969 3273 vel
1988 3216 2045 3273 in
2072 3217 2399 3292 proximum
2429 3217 2553 3293 ejus
2579 3220 2724 3293 peri-

542 3312 735 3394 culum
765 3330 828 3367 se
854 3310 1114 3387 injiciant
1133 3312 1208 3369 ob
1232 3312 1542 3386 specialem
1570 3311 1963 3389 fragilitatem:
1995 3315 2150 3388 quod
2188 3317 2502 3392 periculum
2538 3319 2589 3375 si
2630 3320 2720 3376 ab·

541 3412 632 3477 sit,
661 3429 694 3466 a
718 3411 868 3467 bono
894 3410 1186 3485 proposito
1215 3410 1446 3481 quidem
1473 3410 1764 3479 deficiunt,
1795 3414 1932 3485 quin
1972 3415 2191 3491 peccati
2218 3416 2405 3473 labem
2432 3415 2562 3472 ideo
2589 3436 2719 3475 con-

543 3507 784 3567 trahant.

622 3612 722 3666 28.
767 3616 805 3642 ‘⁶
826 3606 1112 3664 Sobrietas
1130 3608 1376 3664 maxime
1397 3609 1703 3679 requiritur
1720 3610 1779 3666 in
1797 3611 2104 3686 juvenibus
2122 3622 2178 3669 et
2194 3613 2557 3671 mulieribus:
2589 3616 2723 3686 quia

544 3710 602 3765 in
611 3708 917 3783 juvenibus
937 3706 1090 3782 viget
1108 3706 1571 3782 concupiscentia
1590 3706 1937 3766 delectabilis
1959 3722 2189 3787 propter
2206 3712 2487 3770 fervorem
2506 3713 2681 3771 oetatis
2703 3733 2718 3769 ε

544 3806 604 3861 in
631 3804 962 3861 mulieribus
1002 3815 1188 3863 autem
1230 3825 1347 3864 non
1387 3815 1477 3863 est
1507 3804 1797 3864 sufficiens
1842 3810 2011 3867 robur
2054 3811 2279 3878 mentis,
2308 3810 2379 3868 ad
2416 3810 2526 3868 hoc
2570 3810 2721 3885 quod

545 3901 1022 3976 concupiscentiis
1066 3904 1347 3961 resistant.
1435 3904 1605 3963 Unde
1658 3906 1973 3964 secundum
2020 3908 2315 3968 Valerium
2368 3910 2718 3977 Maximum,

545 4000 812 4057 mulieres
839 3998 990 4075 apud
1016 4000 1310 4058 Romanos
1337 4004 1645 4075 antiquitus
1673 4024 1789 4063 non
1806 4006 2085 4065 ‘bibebant
2108 4009 2325 4066 vinum.
2411 4009 2544 4067 Alio
2583 4008 2717 4066 vero

543 4097 716 4155 modo
741 4098 1014 4155 sobrietas
1043 4098 1224 4175 magis
1252 4097 1557 4170 requiritur
1594 4104 1655 4159 in
1694 4104 1995 4177 aliquibus,
2024 4116 2219 4183 utpote
2248 4108 2431 4185 magis
2460 4127 2719 4165 necessa-

619 4238 703 4302 (1)
743 4237 794 4284 S.
817 4236 996 4287 Thom.
1019 4242 1132 4286 22.
1155 4255 1236 4302 qu.
1258 4238 1406 4289 cxlix.
1427 4241 1579 4290 amsii.
1646 4242 1796 4311 Κεφ.
1935 4249 2021 4313 (2)
2059 4223 2257 4298 Ibidem.
2326 4248 2414 4298 Ad
2429 4248 2652 4301 tertium.

613 4322 696 4387 (3)
741 4324 764 4368 1
785 4321 916 4369 Tim.
938 4337 983 4370 v.
1006 4325 1086 4370 23.
1418 4359 1433 4373 .
1600 4392 1607 4399 ·
1939 4330 2023 4395 (4)
2062 4330 2183 4379 12:001
2218 4333 2356 4382 xxxi.
2380 4336 2459 4381 36.

620 4407 704 4471 (5)
743 4405 795 4453 S.
817 4405 996 4455 Thom.
1021 4410 1067 4455 2.
1091 4411 1138 4455 2.
1156 4423 1237 4470 qu.
1260 4409 1406 4458 cxlix.
1429 4416 1514 4458 art.
1531 4409 1599 4459 iii.
1668 4403 1817 4477 Resp.
2029 4420 2034 4427 ’
