3117 5217
496 560 608 615 160
885 555 998 615 DE
1043 554 1496 614 EMPTIONE
1539 552 1655 611 ET
1696 548 2261 611 VENDITIONE.

1391 1056 1675 1120 CAPUT
1720 1054 1794 1111 V.

1091 1272 1168 1311 m:
1211 1246 1522 1313 EMP'1310NE
1552 1236 1633 1313 E‘T
1662 1252 2058 1333 νεΝύξΤιοΝΕ.

574 1452 672 1506 45.
716 1446 968 1525 Emptio
997 1460 1086 1507 est
1110 1451 1297 1525 pactio
1325 1452 1488 1525 pretii
1519 1450 1691 1509 dandi
1718 1468 1822 1525 pro
1852 1467 2039 1506 merce
2063 1467 2077 1504 ε
2120 1446 2388 1505 venditio
2416 1456 2503 1503 est
2542 1466 2671 1523 pac·

497 1546 576 1603 tio
604 1550 810 1605 mercis
838 1547 1034 1605 dandae
1063 1567 1167 1623 pro
1195 1550 1396 1629 pretio.
1483 1549 1740 1609 Pecunia
1776 1548 1945 1623 pretii
1985 1548 2217 1604 nomine
2253 1544 2600 1621 intelligitur,
2630 1546 2681 1602 si

499 1646 653 1701 enim
681 1666 844 1703 merx
888 1665 988 1722 pro
1028 1665 1217 1704 merce
1259 1647 1454 1714 detur,·
1481 1658 1569 1704 est
1596 1645 1988 1725 permutatio.
2075 1646 2246 1702 Merx
2291 1663 2408 1701 rem
2451 1663 2682 1701 omnem

501 1744 684 1817 pretio
711 1744 1102 1802 aestimabilem
1142 1746 1552 1819 complectitur.
1637 1746 1911 1802 Venditio
1952 1744 2076 1801 solo
2116 1744 2358 1819 partium
2400 1760 2683 1799 consensu

500 1842 807 1915 perficitur,
857 1838 1118 1913 quamvis
1159 1844 1420 1903 ultimum
1462 1862 1631 1900 suum
1677 1843 2155 1918 complementum
2206 1840 2500 1898 traditione
2541 1842 2683 1897 acci-

503 1940 654 2012 piat:
700 1958 790 1996 res
821 1952 1010 1996 autem
1050 1941 1278 1997 fictione
1310 1942 1458 2017 juris
1487 1941 1724 1998 habetur
1750 1941 1967 2007 tradita,
1998 1941 2047 1996 si
2075 1958 2331 2005 numer0,
2354 1937 2604 2013 pondere
2633 1948 2689 1995 et

504 2055 772 2093 mensura
817 2048 1104 2104 constanst,
1141 2038 1323 2096 'fuerit
1360 2058 1552 2096 coram
1598 2049 1853 2114 emptore
1899 2046 2209 2105 numerata,
2258 2037 2588 2113 ponderata,
2624 2048 2688 2117 et

505 2146 727 2209 metata.

580 2237 678 2290 46.
724 2232 944 2291 Omnes
972 2234 1186 2291 fructus
1231 2236 1314 2293 rei
1354 2234 1596 2292 venditae
1638 2234 1932 2293 et'tradit‘ae
1972 2244 2224 2311 spectant
2252 2234 2323 2291 ad
2350 2244 2685 2310 emptorem.

503 2331 628 2407 Ipsi
670 2341 708 2368 ‘⁴
731 2332 945 2390 fructus
974 2332 1286 2407 pendentes
1315 2354 1445 2409 pars
1489 2333 1649 2391 fundi
1679 2326 2041 2402 videntur‚”¹
2068 2334 2315 2406 ideoque
2356 2333 2425 2390 ad
2466 2342 2685 2409 empto-

502 2447 624 2487 rem
653 2432 954 2505 pertinent,
983 2431 1095 2487 nisi
1123 2430 1281 2490 aliter
1307 2433 1636 2489 convenerit
1660 2434 1805 2490 inter
1830 2432 2247 2492 contrahentes,
2333 2441 2371 2467 “
2395 2432 2538 2491 Post
2563 2450 2687 2507 per-

503 2526 707 2586 fectam
734 2529 1122 2586 venditionem
1149 2530 1314 2589 foetus
1358 2530 1591 2602 quidem
1631 2550 1901 2607 pecorum
1941 2532 2203 2606 emptori,
2233 2530 2511 2588 venditori
2550 2528 2683 2586 vero

499 2637 780 2704 sumptus,
810 2630 861 2685 si
889 2647 1034 2699 quos
1060 2628 1211 2687 bona
1237 2631 1356 2697 fide,
1386 2631 1601 2696 fecerit,
1624 2631 1842 2687 restitui
1872 2630 2078 2690 debere
2106 2630 2467 2687 notissimum
2498 2622 2683 2684 est.'’²

507 2724 960 2789 controvertitur
987 2728 1220 2799 quidem
1245 2730 1392 2788 inter
1430 2712 1728 2803 theologos
1770 2738 1956 2787 utrum
1998 2728 2213 2786 fructus
2255 2728 2335 2785 rei
2366 2726 2607 2785 venditae
2634 2735 2693 2783 et

506 2826 717 2883 traditae
745 2825 814 2881 ad
842 2835 1159 2900 emptorem
1201 2835 1475 2900 spectent,
1518 2827 1570 2882 si
1609 2828 1733 2901 ipse
1775 2826 2017 2900 pretium
2058 2824 2338 2883 distulerit
2374 2825 2540 2899 culpa
2578 2844 2685 2882 sua

503 2924 761 2980 solvere:
805 2933 1070 2980 caeterum
1097 2924 1188 2979 his
1220 2924 1276 2980 in
1304 2925 1615 2998 provinciis
1644 2925 1743 2981 vix
1782 2922 2114 2981 dubitationi
2151 2926 2259 2981 erit
2294 2924 2478 2990 locuS,
2509 2942 2687 2994 quum

505 3022 840 3095 plerumque
880 3022 1127 3097 perfecta
1169 3021 1509 3089 venditione,
1553 3031 1611 3079 et
1647 3040 1706 3078 re
1750 3022 1968 3090 tradita,
2010 3022 2254 3097 pretium
2297 3032 2511 3079 tantum
2555 3041 2685 3078 cum

506 3137 676 3175 usura
718 3120 843 3194 lege
886 3120 1184 3194 permissa,
1225 3122 1392 3195 juxta
1431 3120 1886 3178 contrahentium
1929 3122 2385 3191 conventionem,
2428 3120 2687 3177 venditor

505 3217 613 3272 sibi
643 3216 908 3273 vindicet.
996 3219 1168 3275 Mens
1198 3218 1368 3292 igitur
1404 3237 1603 3275 eorum
1644 3228 1731 3276 est
1767 3218 2088 3295 indaganda
2112 3238 2188 3275 ex
2215 3220 2397 3295 pactis
2432 3218 2593 3293 ipsiS,
2625 3228 2683 3275 et

507 3314 938 3371 consuetudine.

595 3417 695 3470 47.
741 3412 1064 3470 Periculum
1092 3416 1176 3471 rei
1204 3414 1446 3472 venditae
1473 3425 1531 3472 et
1558 3416 1770 3473 traditae
1798 3415 1869 3473 ad
1906 3425 2223 3491 emptorem
2252 3424 2487 3490 spectat,
2518 3432 2694 3487 quum

509 3512 634 3586 ipse
661 3510 794 3568 vero
823 3512 897 3568 sit
917 3512 1041 3587 ejus
1070 3511 1354 3571 dominus·
1441 3514 1685 3580 Quando
1726 3532 1815 3571 res
1856 3514 2227 3571 determinata
2252 3514 2312 3569 in
2338 3512 2547 3590 specie,
2588 3531 2689 3569 seu

507 3610 827 3669 individuo
857 3610 1150 3668 venditur:
1182 3631 1247 3669 v:
1279 3631 1349 3687 g:
1393 3613 1488 3669 hic
1529 3631 1732 3684 equuS,
1763 3612 1885 3669 haec
1925 3612 2129 3669 domus
2155 3630 2170 3678 3
2202 3612 2533 3687 ,periculum
2563 3611 2688 3686 ejus

506 3711 674 3767 etiam
703 3719 828 3767 ante
857 3709 1231 3777 traditionem,
1262 3710 1331 3767 ad
1358 3721 1673 3786 emptorem
1702 3719 1919 3785 spectat
1949 3712 2081 3787 jure
2121 3710 2420 3768 Romano:
2468 3719 2507 3745 ‘⁴
2532 3708 2687 3765 Cum

508 3808 721 3881 emptio
749 3818 805 3865 et
832 3808 1084 3866 venditio
1112 3818 1398 3875 contracta
1423 3811 1498 3866 sit
1525 3808 1705 3889 (quod
1744 3809 1896 3866 effici
1936 3810 2187 3874 diximus
2222 3804 2591 3891 simulatque
2619 3805 2689 3864 de

511 3905 692 3977 pretio
719 3908 1066 3973 convenerit,
1095 3912 1226 3965 'cum
1255 3909 1377 3965 sine
1419 3910 1697 3983 scriptura
1734 3926 1825 3964 res
1866 3904 2072 3985 agitur)
2102 3908 2421 3983 periculum
2446 3909 2527 3965 rei
2557 3924 2693 3964 ven-

505 3998 632 4057 ditae
660 4003 848 4059 statim
881 4005 950 4061 ad
979 4015 1296 4079 emptorem
1345 4008 1608 4081 pertinet,
1641 4007 1860 4063 tametsi
1889 4006 2074 4063 adhuc
2101 4024 2170 4063 ea
2194 4024 2288 4063 res
2318 4005 2563 4081 emptori
2592 4014 2697 4061 tra-

511 4095 627 4154 dita
655 4117 770 4155 non
798 4098 971 4157 sit.''³
1052 4103 1168 4159 Sed
1195 4105 1244 4161 si
1272 4123 1345 4161 ex
1374 4103 1528 4171 dolo,
1557 4105 1650 4162 vel
1688 4105 1855 4181 culpa
1877 4105 1993 4161 levi
2017 4104 2329 4162 venditoris
2358 4123 2451 4161 res
2480 4111 2693 4179 pereat,

509 4197 636 4271 ipse
664 4195 934 4265 damnum
977 4200 1163 4258 subire
1205 4202 1407 4268 debet3
1450 4203 1582 4274 quia
1621 4204 1680 4273 in
1726 4221 1793 4259 ea
1830 4203 2200 4261 custodienda
2226 4202 2409 4261 donec
2447 4201 2692 4259 tradatur

653 4403 737 4466 (1)
777 4399 836 4447 L.
859 4401 974 4449 xliv,
996 4401 1047 4450 ff.
1071 4402 1128 4451 de
1150 4402 1225 4452 rei
1246 4404 1425 4453 vindic.
1700 4408 1784 4471 (2)
1822 4404 1882 4454 L.
1906 4405 2005 4455 xvi.
2023 4406 2129 4455 cod.
2152 4404 2211 4455 de
2232 4410 2330 4456 act.
2353 4405 2523 4473 empti.

651 4488 736 4551 (3)
777 4485 836 4533 L.
859 4485 926 4535 iii.
950 4488 1020 4536 tit.
1043 4487 1174 4536 xxiv.
1195 4491 1241 4547 ς.
1265 4490 1312 4536 3.
1333 4488 1453 4537 Inst-
1477 4490 1535 4561 de
1547 4490 1707 4557 peric.
1730 4495 1777 4542 et
1798 4490 2036 4543 commod.
2058 4491 2132 4542 rei
2153 4491 2376 4542 venditas.
