3117 5217
480 534 592 589 162
872 527 986 588 DE
1027 526 1422 588 ΕΜΡΤῙΟΝ
1427 527 1480 586 E
1523 528 1641 588 ET
1682 526 2165 588 VENDITION
2170 528 2251 587 E.

484 710 578 759 aut
597 710 824 758 centum
843 699 1066 769 decem,
1089 700 1348 759 infimum
1375 702 1683 779 nonaginta
1702 702 1959 775 quinque
1980 710 2077 759 aut
2092 702 2400 778 nonaginta
2418 696 2555 758 fres
2576 718 2673 758 cu-

477 802 578 877 jus
597 798 850 858 medium
868 800 1110 875 pretium
1127 808 1216 857 est
1229 798 1452 869 decem,
1473 820 1765 861 summum
1784 800 2013 860 habebit
2030 800 2321 869 undecim,
2342 810 2437 857 aut
2461 799 2676 859 duode-

487 900 619 965 cim,
661 898 922 955 infimum
955 916 1184 967 novem,
1229 908 1326 957 aut
1365 910 1514 958 octo.
1600 900 1721 966 Qui
1750 918 2039 959 summum
2072 900 2389 958 excesserit
2424 900 2670 975 pretium

487 996 810 1064 vendendo,
829 996 920 1054 vel
935 997 1077 1054 infra
1094 998 1356 1055 infimum
1377 998 1599 1067 emerit,
1618 1000 1907 1077 injustitiae
1924 1017 2057 1057 reus
2082 1009 2191 1067 est,
2220 1008 2279 1057 et
2292 997 2362 1055 ad
2382 1000 2678 1055 restituen-

487 1094 620 1153 dum
649 1094 947 1173 obligatur.
1017 1097 1074 1153 N
1081 1114 1148 1153 ec
1175 1106 1480 1155 excusatur
1504 1115 1575 1155 eo
1602 1097 1755 1170 quod
1780 1098 1857 1155 ita
1886 1100 2031 1157 inter
2056 1116 2159 1156 eos
2185 1098 2531 1165 convenerit,
2561 1098 2673 1153 nisi

487 1194 660 1252 alteru
671 1204 751 1251 ter
775 1194 962 1251 sciens
991 1195 1353 1271 prudensque
1381 1216 1488 1255 suo
1512 1196 1921 1255 renuntiaverit
1948 1198 2086 1273 juri,
2118 1196 2271 1255 nulla
2310 1214 2541 1273 pressus
2578 1212 2679 1252 ne-

487 1294 788 1351 cessitate:
819 1294 1090 1351 naturalis
1120 1294 1338 1353 scilicet
1364 1296 1599 1368 aequitas
1627 1295 1798 1353 dictat
1824 1314 1893 1353 ea
1910 1305 2125 1353 tantum
2146 1304 2309 1371 pacta
2324 1296 2530 1362 valere,
2548 1312 2673 1366 quae

486 1393 661 1451 libere
681 1393 966 1460 ineuntur,
989 1412 1200 1461 rerum,
1219 1393 1290 1451 de
1313 1394 1518 1467 quibus
1547 1394 1749 1470 agitur,
1772 1395 1875 1453 rite
1896 1394 2181 1452 intellecta
2198 1395 2269 1452 ab
2285 1403 2521 1467 utroque
2542 1412 2676 1451 con-

486 1491 720 1550 ditione.
789 1490 904 1557 Qui
933 1492 1186 1550 vendidit
1211 1511 1332 1550 rem
1360 1493 1542 1569 pretio
1575 1495 1756 1570 justu,
1784 1493 1886 1550 sed
1912 1494 2133 1561 infimo,
2161 1495 2361 1566 nequit
2384 1510 2671 1551 summum

485 1591 730 1667 pretium
754 1592 864 1648 sibi
881 1610 1228 1666 comparare,
1257 1591 1470 1664 aliquid
1497 1591 1569 1651 de
1598 1592 1869 1667 pondere,
1890 1592 1983 1649 vel
1997 1610 2283 1660 mensura,
2304 1592 2519 1649 occulte
2540 1591 2675 1647 sub-

487 1689 782 1757 trahend0,
825 1709 956 1748 nam
1003 1690 1156 1747 fraus
1195 1691 1356 1747 fieret
1395 1692 1715 1768 injuriaque
1742 1692 2023 1768 emptori:
2069 1700 2109 1727 ‘⁴
2133 1691 2329 1749 Nolite
2356 1690 2539 1747 facere
2567 1690 2675 1747 ini-

487 1806 662 1861 quum
685 1790 900 1861 aliquid
929 1790 988 1845 in
1007 1788 1246 1865 judicio,
1278 1790 1336 1846 in
1365 1789 1579 1865 regula,
1604 1790 1663 1846 in
1692 1789 1963 1865 pondere,
1992 1791 2052 1848 in
2078 1782 2436 1849 mensura.'’¹

566 1891 666 1953 49,
708 1887 978 1959 Quinque
1004 1890 1290 1962 praecipue
1331 1898 1697 1945 recensentur
1734 1908 1917 1947 causae
1958 1880 2165 1962 quib'us
2203 1907 2391 1946 rerum
2430 1887 2673 1962 pretium

491 1994 745 2061 augetur.
794 1989 846 2042 1.
877 1993 964 2041 est
979 1982 1217 2043 lucrum
1239 2004 1313 2044 eae
1331 1984 1699 2045 alienatione
1724 1988 1812 2047 rei
1839 1996 1995 2047 certo
2022 1995 2131 2047 aut
2145 1984 2541 2066 probabiliter
2556 2003 2675 2044 ces·

488 2101 655 2151 sans,
683 2091 793 2143 aut
831 2082 1122 2143 damnum
1165 2102 1494 2163 emergens,
1536 2097 1633 2143 aut
1670 2088 1840 2145 etiam
1878 2088 2225 2145 rationabilis
2267 2086 2501 2143 affectus
2542 2102 2677 2160 erga

489 2202 611 2243 rem
635 2202 762 2257 quae
789 2183 1054 2241 venditur
1075 2185 1134 2241 in
1163 2186 1395 2260 gratiam
1425 2186 1676 2243 alterius.
1746 2194 1786 2221 ‘⁶
1809 2186 1875 2244 In
1906 2186 2001 2243 tali
2026 2206 2161 2244 casu
2180 2187 2403 2261 justum
2429 2184 2675 2260 pretium

489 2284 612 2350 erit,
641 2292 704 2339 ut
729 2302 843 2350 non
871 2282 1058 2341 solum
1087 2284 1419 2369 respiciatur
1443 2283 1514 2341 ad
1551 2303 1673 2342 rem
1702 2303 1827 2357 quae
1850 2285 2130 2353 venditur,
2158 2284 2258 2342 sed
2300 2283 2373 2340 ad
2404 2282 2669 2341 damnum

489 2380 640 2453 quod
681 2381 941 2439 venditor
977 2400 1052 2438 ex
1085 2382 1410 2440 venditione
1449 2370 1701 2441 incurrit.
1784 2383 1867 2441 Et
1890 2384 1987 2454 ‚sic
2023 2384 2175 2441 licite
2215 2384 2421 2460 poterit
2458 2378 2673 2453 aliquid

491 2480 662 2538 vendi
700 2482 831 2557 plus
869 2499 1040 2553 quam
1079 2482 1282 2549 valeat,
1313 2482 1629 2540 secundum
1670 2500 1753 2549 se,
1783 2483 2041 2554 quamvis
2082 2501 2194 2541 non
2235 2477 2507 2540 vendatur
2542 2478 2674 2555 plus

493 2599 666 2651 quam
693 2580 878 2639 valeat
904 2574 1232 2639 habenti.”²
1291 2582 1390 2639 Sic
1416 2600 1634 2639 merces
1663 2601 1805 2653 quas
1822 2582 1884 2639 in
1900 2580 2048 2638 aliud
2066 2590 2291 2658 tempus
2320 2598 2541 2637 servare
2568 2587 2679 2633 sta-

491 2680 666 2747 tuisti,
695 2682 880 2757 majus
905 2682 1150 2755 pretium
1180 2690 1316 2737 tunc
1341 2668 1514 2747 certo,
1543 2681 1635 2737 vel
1673 2680 2071 2738 verosimiliter
2108 2689 2460 2756 accepturus,
2488 2678 2538 2734 si
2565 2686 2677 2733 sta-

491 2780 592 2837 tim
623 2778 834 2835 vendas
863 2778 932 2835 ad
974 2780 1142 2837 alicui
1181 2777 1629 2856 gratificandum,
1670 2780 1890 2854 poteris
1922 2781 2451 2854 compensationem
2481 2794 2677 2848 quam·

491 2875 620 2933 dam
645 2878 926 2951 accipere,
956 2879 1204 2951 pretium
1229 2876 1523 2952 augendo:
1568 2876 1827 2933 habenda
1864 2886 2051 2933 tamen
2078 2887 2167 2934 est
2198 2879 2336 2935 ratio
2372 2875 2579 2933 laboris
2620 2883 2680 2930 et

492 2975 730 3049 periculi
771 2974 830 3031 in
870 2977 1040 3031 rebus
1079 2975 1394 3042 servandis,
1425 2988 1482 3033 et
1520 2975 1933 3033 incertitudinis
1971 2976 2111 3033 lucri
2152 2976 2404 3054 majoris.
2485 2980 2545 3031 2.
2590 2978 2677 3031 est

491 3072 751 3150 officium
777 3074 1105 3141 mercandi,
1135 3075 1236 3146 qui
1261 3076 1415 3131 enim
1444 3084 1669 3150 tempus
1710 3093 1877 3131 suum
1919 3074 2199 3149 impendit
2234 3076 2400 3132 rebus
2440 3072 2677 3144 conqui-

491 3171 705 3239 rendis,
735 3171 1152 3247 comparandiS‚
1182 3182 1239 3228 et
1275 3171 1588 3239 servandi5‚
1618 3172 1782 3229 debet
1820 3172 2171 3232 moderatum
2210 3174 2408 3231 saltem
2446 3172 2671 3229 lucrum

491 3270 626 3331 inde
653 3272 763 3329 sibi
791 3289 1141 3346 comparare,
1172 3289 1286 3342 quo
1314 3290 1376 3327 se
1403 3270 1654 3342 suosque
1694 3281 1989 3339 sustentet,
2018 3281 2074 3329 et
2110 3281 2192 3330 tot
2230 3271 2535 3329 satisfaciat
2567 3271 2675 3328 im-

491 3371 708 3446 pensis.
794 3374 850 3426 3.
892 3369 1146 3438 laborea‚
1184 3368 1480 3447 pericula,
1529 3388 1798 3447 expensae
1852 3371 1910 3427 in
1961 3373 2127 3428 rebus
2179 3369 2573 3445 comparandis
2618 3378 2677 3425 et

492 3469 894 3528 conservandis
939 3488 1056 3547 per·
1085 3480 1312 3547 tempus
1358 3469 1705 3537 diuturnum,
1748 3469 1931 3527 donec
1974 3478 2201 3546 emptor
2238 3469 2531 3527 ocurrerit.
2613 3471 2673 3523 4.

498 3568 688 3647 Copia
727 3576 1083 3647 emptorum,
1119 3569 1216 3629 vel
1237 3568 1534 3645 pecuniae,
1564 3577 1621 3625 et
1647 3568 1913 3645 penuria
1950 3568 2261 3627 mercium.
2346 3572 2403 3625 5.
2446 3564 2674 3623 Modus

491 3668 789 3727 vendendi
825 3670 894 3727 in
921 3688 1122 3747 parva
1141 3669 1499 3746 quantitate,
1532 3668 1733 3743 major,
1762 3668 1999 3735 scilicet,
2028 3668 2273 3743 exigitur
2296 3685 2450 3746 cura,
2480 3676 2535 3722 et
2560 3683 2679 3723 ma-

484 3769 642 3843 jores
670 3768 813 3825 fiunt
837 3770 1112 3843 impensae
1140 3770 1201 3825 in
1227 3767 1552 3825 venditione
1573 3765 1922 3842 hujusmodi.

575 3869 671 3921 50.
717 3864 925 3923 causae
951 3868 1190 3924 minoris
1218 3866 1445 3923 emendi
1473 3875 1715 3938 quatuor
1739 3872 2155 3921 enumerantur.
2246 3868 2299 3919 1.
2349 3862 2420 3920 Si
2458 3880 2552 3919 rea
2594 3861 2679 3920 sit

493 3964 747 4039 emptori
761 3982 988 4041 parum
1029 3963 1221 4031 utilis,
1251 3984 1424 4037 quam
1463 3964 1771 4022 venditoris
1813 3963 1989 4041 gratia
2030 3971 2242 4018 tantum
2276 3958 2449 4018 emit:
2492 3966 2552 4018 2.
2603 3958 2674 4018 Si

482 4061 670 4140 pauci
698 4069 984 4143 emptores
1013 4063 1408 4141 reperiantur.
1476 4068 1532 4121 3.
1582 4062 1654 4121 Si
1680 4081 1911 4139 mag-na
1950 4062 2033 4119 sit
2058 4060 2348 4119 mercium
2385 4060 2573 4137 copia.
2616 4063 2674 4115 4.

500 4159 570 4218 Si
589 4168 866 4219 emantur
891 4161 959 4219 in
977 4181 1210 4239 magna
1237 4161 1595 4239 quantitate,
1624 4159 1719 4220 vel
1742 4162 1851 4219 sub
1878 4160 2056 4219 hasta
2084 4158 2355 4238 publica,
2384 4156 2478 4217 vel
2514 4145 2674 4216 ult‘ro

492 4258 702 4319 oblatae
729 4279 767 4318 a
793 4260 1120 4319 venditore.
1185 4260 1224 4317 J
1228 4271 1414 4318 ustum
1441 4262 1682 4336 pretium
1710 4278 1897 4318 rerum
1925 4278 2051 4332 quae
2078 4260 2183 4317 sub
2210 4258 2391 4325 hasta,
2415 4267 2477 4314 ut
2502 4258 2675 4322 aiunt,

567 4486 652 4555 (1)
692 4484 813 4535 LeV.
835 4484 936 4536 xix.
961 4487 1041 4535 35.
1654 4485 1736 4549 (2)
1776 4486 1823 4533 2.
1850 4486 1897 4531 2.
1914 4496 1995 4545 qu.
2019 4480 2189 4531 lxxvii.
2213 4486 2297 4529 art.
2324 4482 2368 4529 1.
