3117 5217
718 575 832 632 DE
876 574 1318 636 LIBRORUM
1356 563 2003 638 PROHIBITIONE.
2332 587 2452 644 287

1161 1008 1445 1068 CAPUT
1486 1011 1567 1068 V.

911 1196 989 1236 m:
1024 1197 1330 1237 LIBRORUM
1371 1198 1831 1239 PROHIBITIONE.

365 1351 458 1405 51.
503 1344 745 1403 Constat
771 1345 842 1402 ab
868 1346 1010 1420 ipsis
1041 1346 1368 1422 primordiis
1414 1347 1695 1405 Ecclesiae
1733 1349 1907 1406 libros
1936 1351 2037 1422 qui
2064 1349 2198 1408 fidei
2222 1351 2314 1408 vel
2342 1371 2461 1411 mo-

294 1446 436 1504 ribus
463 1444 851 1512 adversantur,
879 1463 956 1501 ex
975 1444 1409 1504 christianorum
1439 1447 1699 1503 manibus
1720 1446 1897 1505 fuisse
1924 1458 2169 1524 ereptos,
2194 1461 2251 1506 et
2268 1451 2463 1508 incen-

295 1543 380 1602 dio
422 1553 816 1619 consumpto&
864 1561 936 1600 ne
981 1545 1137 1616 quod
1181 1545 1328 1602 soret
1369 1544 1567 1620 lapsus
1600 1545 1937 1620 periculum.
2019 1547 2119 1604 Ex
2158 1550 2461 1608 occasione

295 1623 619 1700 daemoniaci
667 1643 918 1716 impetus
970 1644 1030 1700 in
1081 1643 1346 1701 homines
1391 1642 1534 1701 Jesu
1586 1644 1841 1711 nornine,
1890 1662 2063 1717 quem
2110 1655 2299 1704 tamen
2345 1667 2463 1706 non

297 1735 678 1816 agnoscebant,
733 1739 1066 1816 adjurantes
1111 1740 1452 1810 daemonem,
1523 1750 1563 1776 ‘⁶
1592 1743 1755 1799 multi
1806 1762 1881 1800 ex
1934 1745 2039 1810 eis,
2092 1745 2191 1816 qui
2244 1745 2465 1804 fuerant

297 1841 510 1898 curiosa
531 1840 750 1906 sectati,
781 1841 1144 1898 contulerunt
1167 1841 1362 1908 libros,
1391 1853 1450 1898 et
1473 1841 1911 1898 combusserunt
1934 1860 2123 1899 coram
2154 1844 2455 1902 omnibus:

297 1949 344 1994 et
365 1940 702 2014 computatis
743 1939 938 2012 pretiis
965 1958 1184 2006 eorum,
1218 1941 1558 1997 invenerunt
1586 1941 1890 2015 pecuniam
1918 1940 2275 1998 denariorum
2304 1945 2467 2014 quin-

299 2039 554 2115 quaginta
591 2031 933 2094 millium.”¹
1014 2038 1170 2096 Huic
1211 2038 1550 2096 inhaerentes
1588 2040 1859 2116 exemplo
1897 2052 2315 2100 consueverunt
2352 2043 2469 2102 Ec-

299 2136 470 2194 clesiae
513 2137 790 2211 praesules
831 2138 1041 2214 scripta
1083 2137 1480 2194 haereticorum
1525 2137 1877 2195 anathemate
1924 2139 2110 2204 ferire,
2156 2150 2215 2196 et
2260 2143 2459 2214 procul

299 2235 600 2304 eliminare,
641 2255 716 2292 ne
763 2235 984 2311 pusillis
1028 2246 1087 2293 et
1129 2235 1374 2292 infirmis
1419 2234 1607 2293 forent
1649 2237 1844 2292 exitio.
1928 2236 2205 2294 Flammis
2253 2237 2465 2297 idcirco

301 2335 666 2402 tradebantur,
695 2346 758 2390 ut
783 2335 1202 2410 exemplaribus
1242 2334 1616 2409 consumptis,
1645 2351 1899 2392 errorum
1939 2336 2180 2411 vestigia
2206 2337 2467 2396 tolleren-

300 2443 396 2490 tur.
437 2433 666 2490 Saeculo
693 2433 892 2504 quinto
919 2441 1160 2490 exeunte
1189 2433 1398 2507 prodiit
1425 2432 1645 2489 Gelasii
1668 2432 1979 2498 decretum,
2002 2453 2117 2504 quo
2144 2439 2465 2513 apocryphi

302 2551 330 2586 a
349 2532 500 2589 libris
529 2531 842 2606 probandis
869 2532 1336 2593 secernebanturz
1380 2541 1438 2587 et
1475 2531 1871 2589 haereticorum
1913 2532 2122 2605 scripta
2162 2543 2201 2568 ‘⁶
2224 2551 2339 2590 non
2378 2555 2471 2592 so·

300 2630 406 2688 lum
450 2629 769 2706 repudiata,
817 2649 1012 2688 verum
1053 2630 1121 2686 ab
1179 2631 1338 2687 omni
1384 2629 1649 2686 Romana
1694 2628 1996 2685 Catholica
2039 2638 2097 2684 et
2140 2631 2473 2705 Apostolica

301 2729 552 2786 Ecclesia
579 2729 890 2795 eliminata,
919 2739 1086 2800 atque
1113 2747 1246 2785 cum
1271 2729 1394 2786 suis
1435 2727 1755 2785 auctoribus
1784 2736 2188 2798 auctorumque
2217 2732 2473 2799 sequaci·

298 2827 390 2885 bus
417 2828 802 2886 indissolubili
831 2828 1062 2885 vinculo
1091 2827 1152 2884 in
1177 2837 1448 2884 aeternum
1477 2826 1817 2884 confitemur
1840 2843 1971 2883 esse
1998 2825 2328 2883 damnata.”
2384 2830 2471 2887 Ita

301 2927 570 2986 clauditur
597 2921 940 2984 decretum.²
1016 2924 1053 2983 J
1057 2925 1202 2982 ussit
1240 2926 1304 2983 S.
1333 2925 1456 2982 Leo
1497 2911 1857 3001 apocryphas
1896 2925 2199 3000 scripturas
2240 2943 2353 2985 non
2383 2947 2473 2986 so·

300 3026 408 3084 lum
459 3025 898 3092 interdicendas,
952 3024 1054 3081 sed
1105 3024 1274 3082 etiam
1327 3023 1791 3097 concremandas,
1848 3023 2093 3080 addensz
2164 3033 2203 3060 ‘⁸
2227 3025 2293 3082 Si
2340 3029 2467 3098 quis

304 3126 703 3202 episcoporum
723 3123 1052 3201 apocrypha
1078 3142 1182 3198 per
1213 3123 1407 3200 haberi
1429 3121 1633 3180 domos
1662 3141 1777 3180 non
1800 3122 2476 3197 prohibuerit,-—haereti-

304 3243 422 3283 cum
465 3243 531 3282 se
561 3225 786 3282 noverit
802 3215 1271 3300 judicandum.”³

371 3328 484 3381 52:
514 3323 646 3389 Qua
673 3319 946 3398 perpetuo
985 3339 1090 3377 usa
1126 3330 1214 3378 est
1251 3319 1432 3378 Sedes
1472 3320 1805 3396 Apostolica
1846 3321 2155 3396 vigilantia,
2195 3333 2258 3379 ut
2296 3323 2469 3381 libros

310 3440 508 3497 pravos
549 3422 890 3488 eliminaret,
923 3419 1110 3496 magis
1133 3420 1352 3486 enituit,
1395 3421 1731 3476 necessitate
1758 3428 1939 3484 aucta,
1968 3437 2043 3476 ex
2070 3438 2187 3491 quo
2214 3423 2369 3495 typis
2398 3423 2482 3478 in-

305 3523 478 3580 ventis
524 3521 654 3579 libri
693 3521 902 3590 ubique
943 3520 1134 3595 spargi
1181 3519 1476 3594 coeperint.
1561 3517 1819 3574 Iudicem
1862 3516 2135 3574 librorum
2178 3519 2473 3575 vetitorum

307 3619 664 3678 conflandum
684 3619 862 3695 jussit
885 3618 1100 3675 Paulus
1126 3618 1258 3684 IV.,
1287 3635 1436 3674 anno
1471 3613 2116 3685 1557,··1nquisitoribus
2137 3614 2195 3672 id
2226 3619 2477 3673 muneris

307 3716 687 3778 demandans:
731 3718 872 3775 Pius
914 3716 1022 3773 IV.
1063 3715 1195 3774 vero
1236 3715 1463 3774 concilii
1504 3713 1833 3771 Tridentini
1871 3713 2123 3788 patribus
2164 3713 2479 3787 pleniorem

308 3819 621 3894 catalogum
651 3814 1068 3874 conficiendum
1109 3816 1414 3882 commisit,
1457 3813 1560 3886 qui
1600 3809 1917 3870 octodecim
1956 3829 2031 3869 ex
2073 3829 2179 3870 suo
2220 3821 2369 3868 coetu
2396 3816 2480 3873 rei

307 3919 697 3974 executionem
725 3916 1153 3990 imposuerunt3
1195 3913 1299 3972 sed
1332 3922 1715 3979 recesserunt,
1756 3928 1817 3968 re
1856 3909 2085 3976 infecta,
2128 3929 2252 3968 eam
2282 3912 2479 3972 Ponti-

312 4014 430 4072 ficis
457 4015 788 4074 auctoritate
827 4010 1232 4089 perficiendam
1273 4013 1675 4084 relinquentes,
1760 4010 1825 4067 S.
1856 4011 1999 4067 Pius
2038 4010 2115 4067 V.
2154 4009 2485 4090 Congrega-

312 4113 516 4172 tionem
548 4112 760 4170 Indicis
789 4111 1016 4169 tandem
1041 4112 1302 4179 instituit,
1345 4112 1510 4188 cujus
1551 4121 1641 4168 est
1665 4127 1839 4186 opera
1878 4128 2074 4186 prava,
2103 4111 2193 4182 vel
2217 4112 2356 4169 vitio
2394 4114 2479 4170 in-

313 4210 468 4280 fecta,
497 4213 560 4270 in
586 4211 902 4287 catalogum
931 4211 1160 4268 referre.

383 4399 465 4462 (1)
505 4396 617 4444 Act.
642 4393 749 4443 xix.
777 4397 854 4446 19.
1191 4396 1276 4460 (2)
1317 4379 1465 4457 Apud
1490 4393 1732 4442 Harduin.
1757 4391 1911 4441 Cone.
1936 4393 2062 4441 (3011.
2084 4399 2118 4440 t.
2140 4393 2192 4441 ii.
2216 4393 2305 4441 col.
2332 4394 2447 4440 942.

385 4484 466 4548 (3)
505 4480 559 4528 S.
582 4479 702 4528 Leo.
725 4495 801 4542 ep.
824 4494 906 4530 xv.
929 4479 1048 4528 alias
1070 4478 1186 4527 xciii
1209 4495 1250 4526 e.
1273 4493 1354 4528 xv,
1378 4477 1438 4526 ad
1461 4477 1721 4525 Turibium
1741 4493 1817 4540 ep.
1841 4477 2215 4525 Asturicensem.
