3117 5217
501 547 612 601 154
1195 541 1308 601 DE
1353 540 1967 601 TESTAMENTO.

497 712 680 771 muni.
765 708 990 786 Capitis
1031 709 1276 769 damnati
1327 713 1387 769 in
1432 710 1522 768 his
1568 711 1879 787 provinciis
1918 712 2069 769 bona
2094 729 2198 768 sua
2240 728 2359 770 non
2404 711 2683 777 amittunt,

499 810 746 881 ideoque
774 809 845 866 de
886 810 955 867 iis
999 818 1335 867 testamento
1378 810 1685 884 disponere
1713 810 1933 877 valent3
1976 809 2203 886 prodigi
2230 810 2400 867 etiam
2444 808 2685 866 testandi

495 909 706 967 habent
731 908 1072 975 facultatem,
1101 908 1234 965 licet
1259 910 1536 967 bonorum
1582 908 1989 967 administratio
2016 908 2086 965 iis
2114 908 2409 980 subducta,
2440 917 2498 965 et
2524 907 2683 965 alteri

499 1007 806 1065 commissa
851 1007 1040 1065 fuerit.
1125 1008 1478 1085 Alienigenae
1526 1008 1861 1083 plerumque
1905 1008 2054 1065 bona
2100 1007 2414 1065 immobilia
2454 1024 2682 1081 compa·

495 1124 637 1173 rare,
670 1106 760 1161 vel
788 1114 1122 1163 testamento
1149 1106 1338 1183 legare
1366 1116 1686 1178 nequeunt:
1726 1108 1885 1183 leges
1928 1116 2117 1165 tamen
2146 1105 2439 1181 plerisque
2462 1105 2523 1162 in
2550 1122 2679 1180 pro-

498 1205 705 1262 vinciis
733 1203 1014 1261 foederatis
1041 1224 1167 1263 eam
1187 1205 1401 1263 faciunt
1418 1205 1737 1263 facultatem
1761 1206 1830 1263 iis
1853 1206 1951 1277 qui
1970 1206 2299 1282 juramento
2317 1202 2680 1280 probaverint

498 1304 752 1360 animum
779 1303 837 1359 in
883 1304 952 1360 iis
994 1304 1382 1361 commorandi
1425 1322 1676 1380 semper,
1722 1314 1781 1361 et
1826 1323 1951 1376 quae
1992 1303 2062 1360 ad
2104 1303 2348 1384 civitatis
2388 1302 2685 1377 privilegia

499 1400 838 1473 acquirenda
866 1403 1184 1461 necessaria
1213 1411 1345 1459 sunt
1370 1403 1555 1461 facere
1596 1405 1873 1479 coeperint
1896 1424 1911 1460 τ
1954 1404 2072 1461 imo
2100 1402 2305 1460 alicubi
2344 1399 2675 1475 alienigenis

492 1500 662 1577 piena
689 1498 850 1557 datur
877 1500 1130 1568 facultas,
1161 1501 1316 1559 nulla
1343 1503 1603 1578 apposita
1629 1495 2003 1560 conditione.¹
2058 1501 2332 1559 Foeminae
2360 1500 2673 1576 conjugatae

501 1599 693 1657 testari
721 1609 1031 1670 nequeunt,
1060 1601 1169 1656 nisi
1195 1602 1344 1658 bona
1369 1600 1611 1659 habeant
1635 1621 1667 1658 a
1702 1602 1884 1659 mariti
1912 1608 2185 1676 potestate
2212 1600 2438 1673 penitus
2464 1597 2637 1653 libera
2660 1614 2677 1661 ;

495 1698 594 1755 vel
618 1695 724 1755 sibi
753 1698 1163 1755 reservaverint
1193 1700 1292 1775 jus
1321 1699 1390 1756 de
1419 1700 1538 1756 suis
1566 1701 1732 1759 bonis
1768 1696 2130 1776 disponendi,
2174 1706 2343 1772 pacto
2384 1705 2510 1755 ante
2538 1712 2681 1769 nup-

500 1798 604 1855 tias
633 1789 826 1853 init0.2

580 1900 678 1952 37.
723 1895 930 1951 Utrum
963 1903 1298 1952 testamento
1325 1895 1577 1952 invalido
1605 1895 1800 1953 formae
1830 1895 2051 1955 defectu
2094 1894 2222 1967 quis
2250 1895 2332 1950 uti
2360 1894 2560 1968 possit,
2588 1890 2682 1948 vel

499 2011 571 2049 eo
599 2002 876 2059 teneatur,
906 1994 1093 2067 gravis
1122 2003 1209 2049 est
1233 1994 1637 2052 controversia.
1722 1996 1837 2060 Qui
1864 2004 2061 2071 putant
2086 2003 2257 2050 totam
2298 1992 2538 2050 testandi
2582 2008 2685 2065 po-

501 2099 756 2148 testatem
787 2090 1100 2167 exlegibus
1130 2092 1390 2159 derivari,
1411 2092 1763 2151 contendunt
1788 2093 2065 2150 testatoris
2090 2091 2431 2149 voluntatem
2462 2088 2679 2147 nullum

500 2208 735 2266 prorsus
756 2192 856 2267 jus
885 2190 1146 2258 tribuere,
1174 2192 1398 2261 quoties
1441 2210 1569 2263 quae
1611 2211 1643 2247 a
1666 2191 1791 2267 lege
1820 2191 2261 2267 praescribuntur
2286 2198 2541 2247 accurate
2568 2206 2682 2244 non

505 2280 849 2345 servantur.³
890 2286 1176 2346 Caeterum
1198 2291 1298 2366 jus
1321 2290 1558 2347 testandi
1583 2290 1725 2348 adeo
1746 2308 2063 2348 consonum
2085 2298 2172 2345 est
2186 2307 2373 2345 rerum
2394 2287 2701 2352 divisioni,

504 2406 632 2459 quae
657 2386 876 2462 leg-ibus
906 2387 1168 2445 civilibus
1196 2390 1350 2464 prior
1375 2400 1482 2455 est,
1511 2399 1575 2446 ut
1600 2389 1740 2447 illud
1768 2390 1836 2445 ab
1856 2389 1947 2445 his
1974 2407 2088 2446 non
2118 2388 2261 2445 adeo
2286 2386 2533 2462 pendere
2555 2403 2685 2441 cen-

503 2504 755 2552 seamus,
785 2487 1044 2556 quamvis
1073 2487 1363 2545 obtineant
1389 2489 1502 2545 vim
1548 2490 1605 2545 in
1650 2488 1797 2555 soro,
1840 2488 1921 2544 uti
1961 2487 2134 2553 aiunt,
2178 2496 2434 2543 externo.
2518 2483 2585 2540 ln
2623 2501 2684 2539 re

468 2640 471 2645 .
503 2585 690 2652 dubia,
720 2587 1042 2661 possessori
1069 2586 1398 2653 favendum,
1427 2596 1558 2663 post
1588 2588 1652 2645 S.
1682 2587 2069 2663 Alphonsum,
2089 2588 2209 2662 jam
2240 2584 2508 2650 diximus,
2540 2581 2681 2638 adeo

502 2692 566 2742 ut
591 2685 686 2755 qui
717 2703 837 2741 rem
868 2685 973 2743 sibi
1003 2684 1152 2742 certo
1180 2687 1419 2761 legatam
1443 2685 1629 2753 habet,
1654 2688 1863 2757 absque
1889 2684 2033 2762 legis
2062 2684 2428 2749 adminicuIO,
2458 2681 2527 2738 ad
2554 2699 2728 2765 eamb-

499 2782 715 2840 haeredi
745 2782 1070 2839 tradendam
1100 2802 1216 2841 non
1247 2794 1533 2850 teneatur3
1577 2804 1683 2841 nec
1712 2805 1743 2841 e.
1764 2794 1960 2841 contra
1985 2792 2244 2841 teneatur
2265 2782 2446 2839 haeres
2475 2776 2544 2836 ad
2570 2779 2683 2837 sol-

501 2881 684 2937 venda
711 2882 898 2955 legata
925 2899 1050 2951 quae
1080 2890 1415 2939 testamento
1442 2882 1693 2940 invalido
1720 2884 2095 2941 continentur.
2153 2873 2262 2940 'Pia
2288 2889 2473 2937 tamen
2498 2878 2681 2955 legata

499 2976 827 3035 necessario
857 2977 1130 3037 solvenda
1157 2992 1306 3047 sunt,
1336 2999 1512 3053 quum
1541 2981 1615 3037 ita
1640 2982 1833 3059 exigat
1858 2982 2179 3059 Religionis
2206 2979 2478 3046 studium,
2506 2990 2564 3034 et
2588 2977 2683 3034 lex

501 3070 834 3133 Ecclesiae.⁴

570 3282 654 3345 (l)
695 3290 723 3312 ‘⁴
742 3281 802 3329 In
825 3280 1102 3341 Louisiana,
1127 3282 1502 3345 Pennsylvania,
1525 3284 1797 3347 Maryland,
1820 3284 2019 3343 Illinois,
2042 3284 2137 3332 and
2162 3283 2305 3342 Ohio,
2328 3282 2410 3330 the
2432 3280 2671 3342 disability

499 3365 556 3412 of
581 3364 732 3413 aliens
754 3372 804 3413 to
825 3366 951 3425 take,
968 3366 1098 3427 hold,
1111 3366 1206 3414 and
1229 3367 1450 3416 transmit
1470 3368 1568 3416 real
1585 3376 1825 3432 property,
1850 3384 2005 3417 seems
2027 3376 2077 3416 to
2098 3370 2157 3416 be
2179 3368 2378 3430 entirely
2400 3364 2669 3415 removed.”

498 3449 675 3499 Kent's
705 3450 898 3500 Comm.
921 3451 1014 3499 vol.
1037 3450 1087 3499 ii.
1111 3467 1158 3515 p,
1186 3451 1249 3499 iv.
1273 3453 1360 3500 lec.
1383 3468 1499 3499 xxv.
1521 3468 1572 3500 11.
1597 3456 1677 3501 70.
2126 3454 2133 3462 '

572 3538 657 3601 (2)
697 3536 848 3584 “The
875 3536 986 3585 wife
1008 3553 1120 3599 may
1144 3537 1334 3600 dispose
1357 3538 1420 3601 by
1443 3538 1559 3596 will,
1584 3554 1637 3585 or
1657 3539 1722 3601 by
1746 3545 1824 3586 act
1844 3538 1897 3586 in
1918 3538 2006 3585 her
2038 3538 2250 3597 lifetime,
2272 3537 2331 3584 of
2354 3536 2441 3586 her
2462 3543 2675 3599 separate

499 3619 721 3682 persona]
743 3626 908 3677 estate,
931 3619 1101 3668 settled
1122 3635 1256 3682 upon
1277 3620 1378 3678 her,
1401 3635 1454 3667 or
1474 3620 1586 3668 held
1610 3620 1661 3667 in
1684 3626 1809 3669 trust
1829 3621 1901 3668 for
1933 3620 2033 3678 her,
2067 3635 2121 3668 or
2159 3620 2240 3667 the
2281 3618 2476 3679 savings
2511 3617 2567 3665 of
2591 3617 2676 3665 her

497 3705 595 3751 real
617 3711 768 3752 estate
789 3704 934 3765 given
955 3709 1006 3751 to
1027 3704 1115 3751 her
1135 3710 1349 3767 separate
1371 3720 1472 3752 use.
1541 3702 1749 3764 Ibidem,
1772 3705 1858 3753 lec.
1876 3704 2046 3752 xxviii.
2068 3720 2118 3752 n.
2147 3706 2257 3751 171.
2326 3712 2356 3735 “
2374 3703 2559 3766 Equity
2578 3701 2678 3749 will

501 3802 636 3848 carry
659 3787 762 3835 into
784 3787 924 3836 effect
943 3788 1026 3836 the
1046 3778 1148 3837 will
1171 3789 1228 3836 of
1253 3805 1283 3837 a
1304 3788 1429 3836 feme
1451 3795 1625 3847 covert‚
1660 3788 1910 3851 disposing
1943 3788 2000 3835 of
2024 3787 2112 3835 her
2144 3788 2240 3835 real
2266 3793 2415 3836 estate
2437 3787 2491 3835 in
2513 3787 2681 3835 favour

499 3870 556 3917 of
580 3870 665 3917 her
687 3872 908 3920 husband
931 3888 984 3920 or
1006 3873 1141 3920 other
1163 3864 1362 3937 persons
1384 3874 1502 3921 than
1533 3874 1621 3922 her
1652 3873 1781 3921 heirs
1814 3879 1864 3921 at
1895 3873 2005 3931 law,
2039 3872 2267 3935 provided
2302 3872 2383 3919 the
2417 3872 2519 3921 will
2543 3874 2602 3920 be
2624 3873 2677 3921 in

504 3966 776 4015 pursuance
799 3955 855 4003 of
881 3972 911 4004 a
939 3971 1100 4018 power
1134 3958 1349 4005 reserved
1383 3965 1433 4006 to
1454 3958 1540 4006 her
1561 3958 1615 4006 in
1638 3957 1734 4006 and
1754 3959 1819 4020 by
1842 3957 1924 4005 the
1945 3957 2244 4020 antenuptial
2267 3963 2542 4018 agreement
2561 3956 2681 4005 with

497 4034 584 4082 her
605 4034 874 4084 husband.”
943 4038 1013 4085 Ib.
1037 4053 1086 4086 n.
1116 4041 1226 4086 172.

567 4120 646 4182 (3)
687 4127 716 4149 “
735 4119 845 4167 The
867 4120 1055 4168 devisee
1077 4122 1231 4169 under
1270 4122 1352 4169 the
1387 4110 1526 4183 Will,
1560 4124 1689 4183 who,
1722 4125 1788 4187 by
1811 4124 2093 4185 concealing
2126 4122 2222 4171 this
2248 4124 2359 4172 flaw
2380 4122 2433 4172 in
2455 4122 2507 4182 it,
2529 4123 2679 4187 keeps

498 4200 776 4264 possession
795 4201 852 4249 of
877 4201 962 4249 the
981 4210 1143 4263 estate,
1166 4204 1208 4251 is
1229 4204 1281 4252 in
1304 4204 1385 4252 the
1409 4205 1638 4255 situation
1673 4207 1729 4255 of
1755 4223 1853 4270 any
1876 4207 2012 4255 other
2032 4224 2221 4270 person,
2243 4206 2357 4255 who
2380 4206 2528 4255 avails
2550 4206 2673 4255 him·

499 4286 596 4334 self
621 4286 678 4334 of
701 4286 778 4334 his
810 4286 1118 4348 neighbour’s
1151 4289 1410 4349 ignorance
1456 4297 1504 4338 to
1551 4291 1714 4340 detain
1756 4292 1880 4341 from
1911 4292 2016 4343 him
2058 4292 2137 4341 his
2169 4289 2439 4355 property.”
2511 4291 2683 4353 Paley,

501 4369 668 4421 Moral
688 4370 1008 4438 Philosophy,
1031 4372 1063 4419 l.
1085 4372 1152 4420 iii.
1175 4390 1216 4421 c.
1241 4376 1321 4421 23.

571 4456 655 4520 (4)
695 4455 822 4504 Vide
844 4454 1117 4518 Laymann,
1142 4457 1172 4503 1.
1194 4455 1262 4505 iii.
1285 4458 1345 4506 de
1360 4458 1478 4521 just.
1503 4464 1637 4507 tract.
1660 4477 1705 4507 v.
1728 4476 1769 4508 c.
1792 4459 1841 4507 ii.
1864 4475 1913 4508 n.
1939 4462 1985 4507 3.
2008 4476 2102 4509 cor.
2125 4460 2174 4509 ii.
