3117 5217
921 592 1033 653 DE
1076 589 1608 651 DILEOTIONE
1651 591 2208 652 INIMICORUM.
2526 590 2644 648 ³05

462 756 622 816 liaria
646 759 809 836 signa
832 758 1121 827 exhibere,
1150 778 1217 817 ea
1242 758 1427 817 adhuc
1452 758 1770 835 praestanda
1787 768 1940 827 sunt,
1983 767 2022 795 “
2047 759 2114 817 ad
2153 760 2264 817 hoc
2305 766 2495 818 tamen
2529 776 2650 819 non

466 858 674 916 teneris
703 877 834 917 cum
872 858 1029 935 gravi
1067 868 1165 917 tuo
1203 856 1591 926 incommodo,
1618 857 1792 917 modo
1831 856 2161 917 scandalum
2200 858 2532 927 amoveas,”
2559 860 2646 917 in-

464 958 587 1029 quit
610 957 674 1015 S.
705 952 1091 1035 Alphonsus.²

543 1060 641 1115 89.
697 1056 813 1123 Qui
846 1059 995 1115 inter
1030 1074 1093 1113 se
1122 1057 1401 1133 sanguiue
1443 1055 1754 1133 conjuncti,
1795 1055 1887 1113 vel
1924 1056 2064 1115 alias
2101 1056 2336 1131 speciali
2379 1056 2643 1114 amicitioe

464 1155 693 1214 vinculo
717 1156 899 1232 ligati,
928 1154 1167 1215 dissidio
1193 1165 1335 1222 orto,
1362 1154 1632 1230 specialia
1655 1155 1820 1230 signa
1843 1152 2142 1233 denegant,
2165 1164 2403 1231 possunt
2427 1175 2461 1212 a
2487 1156 2647 1233 gravi

464 1264 697 1328 peccato
724 1256 1007 1322 excusari,
1036 1256 1087 1311 si
1114 1254 1335 1312 nullum
1362 1253 1437 1309 sit
1460 1252 1678 1319 odium,
1707 1252 1812 1311 sed
1851 1254 2170 1313 animorum
2208 1253 2278 1311 ad
2313 1263 2538 1331 tempus
2565 1254 2648 1313 di-

466 1355 735 1419 vortium,
762 1354 975 1426 absque
1000 1352 1243 1419 aliorum
1268 1350 1555 1410 scandalo.
1639 1351 1832 1410 Multo
1867 1356 2048 1429 magis
2087 1363 2448 1421 excusantur,
2477 1354 2648 1411 etiam

467 1468 502 1505 a
525 1450 694 1527 culpa
717 1452 849 1519 levi,
896 1454 995 1525 qui
1040 1450 1261 1510 dissidii
1298 1451 1450 1509 haud
1500 1451 1826 1527 participes,
1879 1464 2175 1528 coguntur,
2201 1462 2358 1527 patre
2389 1452 2652 1529 jubente,

470 1546 857 1608 familiaritatis
896 1561 957 1609 et
990 1551 1251 1609 amicitiae
1289 1548 1497 1607 indicia
1534 1548 1850 1627 denegare:
1891 1568 1998 1609 nec
2037 1552 2192 1609 enim
2235 1561 2476 1626 possunt
2511 1570 2644 1611 cum

466 1650 626 1723 pacis
666 1648 991 1707 domesticae
1030 1648 1331 1725 dispendio
1370 1648 1677 1707 amicitiam
1717 1648 1922 1707 colere.
2004 1650 2090 1707 Ita
2133 1649 2304 1707 etiam
2323 1692 2330 1701 .
2347 1659 2656 1709 excusatur

464 1764 630 1815 uxor,
678 1764 805 1819 quae
848 1750 1062 1807 sororis
1088 1748 1397 1815 consortio,
1411 1748 1650 1823 jubente
1675 1749 1897 1817 marito,
1923 1766 1994 1807 se
2013 1746 2292 1806 subducit.
2363 1748 2652 1811 Caeterum

468 1852 641 1904 “non
677 1844 813 1903 licet
852 1848 1149 1906 inimicum
1193 1845 1493 1903 excludere
1538 1865 1574 1902 a
1616 1848 2012 1905 communibus
2051 1847 2420 1916 orationibus,
2463 1867 2537 1904 v:
2577 1867 2652 1925 g:

467 1945 721 2003 oratione
746 1945 1069 2014 Dominum,
1092 1964 1219 2019 quae
1246 1963 1351 2021 pro
1376 1945 1784 2003 communitate
1809 1947 2136 2015 instituitur,
2158 1964 2266 2003 nec
2285 1964 2319 2001 a
2335 1947 2654 2004 communi-

468 2043 575 2100 bus
614 2044 1022 2120 eleemosynis,
1061 2044 1479 2111 resalutatione,
1520 2045 1918 2119 responsione,
1960 2045 2346 2119 expositarum
2377 2045 2652 2103 mercium

470 2140 827 2209 venditione3
858 2144 991 2214 quia
1015 2141 1139 2200 haec
1168 2151 1301 2199 sunt
1324 2143 1652 2199 communia
1677 2140 1996 2201 dilectionis
2021 2142 2218 2217 signa3
2246 2141 2496 2215 ideoque
2517 2162 2651 2203 con-

472 2248 559 2297 tra
572 2239 696 2297 haec
715 2240 921 2309 facere,
944 2260 1001 2299 v.
1022 2260 1079 2317 g.
1102 2248 1373 2317 cognatos
1392 2257 1598 2297 omnes
1614 2241 1872 2308 invitare,
1890 2240 2090 2298 obvios
2109 2259 2312 2299 omnes
2331 2260 2404 2299 ex
2427 2242 2652 2310 vicinia,

474 2338 567 2395 vel
605 2339 849 2414 collegio
888 2358 962 2397 ex
1000 2338 1409 2397 consuetudine
1440 2338 1704 2407 salutare,
1731 2338 1858 2399 solo
1895 2339 2130 2399 inimico
2169 2340 2430 2408 excluso,
2453 2350 2544 2398 est
2579 2359 2655 2399 ex

473 2454 681 2511 genere
722 2454 848 2505 suo,
876 2446 935 2494 et
955 2438 1281 2515 regulariter
1304 2434 1640 2495 mortale.''²

553 2538 653 2592 90.
710 2535 1059 2609 Plerumque
1098 2554 1214 2593 non
1254 2543 1475 2595 tenetur
1512 2537 1641 2607 quis
1667 2536 1738 2594 ad
1775 2536 2134 2596 salutandum
2174 2540 2490 2606 inimicum,
2519 2542 2654 2611 quia

478 2641 517 2669 ‘⁶
538 2652 641 2709 per
665 2652 729 2691 se
755 2635 995 2693 omissio
1020 2636 1371 2693 salutationis
1398 2650 1517 2691 non
1540 2643 1630 2691 est
1655 2636 1884 2712 signum
1915 2635 2056 2705 odii,
2084 2637 2196 2694 uisi
2235 2648 2398 2695 antea
2435 2637 2656 2696 solebas

470 2750 604 2799 eum
633 2733 908 2791 salutare:
940 2734 1030 2791 vel
1054 2735 1165 2791 nisi
1192 2754 1268 2792 ex
1292 2734 1730 2792 circumstantiis
1757 2734 2054 2811 colligatur
2089 2744 2144 2791 te
2167 2754 2243 2793 ex
2270 2735 2404 2793 odio
2429 2754 2547 2795 non
2573 2756 2658 2795 sa·

474 2831 686 2897 lutare;
724 2832 823 2889 vel-
848 2833 943 2890 ille
982 2834 1059 2890 sit
1096 2842 1229 2890 tunc
1268 2833 1580 2908 Superior:
1623 2834 1714 2891 vel
1755 2834 1869 2893 nisi
1909 2836 2332 2893 occurrentibus
2379 2834 2656 2911 pluribus,

475 2929 624 2985 inter
646 2948 789 3001 quos
816 2940 906 2987 est
942 2930 1057 2998 ille,
1084 2932 1357 3004 reliquos,
1384 2949 1455 2988 eo
1494 2941 1757 3008 excepto,
1783 2932 2055 2991 salutes.”
2087 2975 2102 2991 .
2135 2975 2149 2991 .
2183 2975 2198 2990 .
2285 2933 2453 2992 “Vel
2485 2935 2656 2994 etiam

478 3024 854 3106 (addendum)
880 3030 934 3086 si
970 3029 1097 3086 sine
1134 3048 1343 3106 magno
1381 3029 1748 3089 incommodo
1787 3032 2080 3089 salutando
2119 3032 2416 3091 inimicmn
2455 3050 2656 3109 posses

478 3142 613 3184 eum
636 3128 707 3185 ab
730 3126 865 3186 odio
888 3136 947 3185 et
968 3128 1137 3204 culpa
1160 3128 1321 3205 gravi
1343 3128 1617 3186 liberare:
1652 3129 1724 3187 ad
1749 3128 1860 3188 hoc
1885 3130 2038 3188 enim
2033 3131 2211 3225 ‘bene
2239 3130 2458 3191 videtur
2482 3132 2661 3191 chari-

478 3233 561 3282 tas
588 3234 643 3282 te
669 3227 1038 3318 obstringere,
1065 3238 1129 3285 ut
1150 3236 1301 3285 recte
1326 3227 1404 3284 ait
1423 3227 1790 3296 Tournelius‚
1809 3234 1854 3286 t.
1885 3232 1922 3287 3
1937 3248 2005 3307 p.
2035 3233 2176 3289 267.
2199 3249 2262 3289 η.
2290 3234 2350 3288 4.
2405 3230 2658 3291 Omnino

476 3332 663 3382 autem
690 3328 897 3385 teneris
922 3344 1055 3385 eum
1079 3328 1403 3394 resalutare,
1442 3326 1576 3399 quia
1613 3326 1752 3385 alias
1789 3329 2040 3387 censeris
2078 3328 2373 3389 inimicum
2411 3340 2661 3390 contem-

476 3440 631 3491 nere,
660 3434 717 3482 et
739 3426 801 3483 in
826 3425 1133 3484 hostilitate
1161 3425 1307 3484 velle
1347 3442 1730 3501 perseverare,
1751 3435 1816 3485 ut
1851 3428 2226 3485 communiter
2267 3444 2399 3486 cum
2425 3432 2662 3487 auctori-

476 3520 583 3579 bus
610 3523 795 3580 citatis
820 3522 1075 3581 docetur.
1158 3524 1409 3599 Excipe,
1436 3522 1551 3580 nisi
1575 3540 1736 3580 esses
1763 3523 2047 3599 praelatus,
2075 3542 2304 3599 parens„
2333 3526 2430 3581 vel
2455 3526 2659 3602 judex,

479 3618 569 3676 vel
598 3620 709 3677 nisi
736 3620 849 3678 hoc
875 3620 1073 3687 facias,
1098 3640 1215 3679 non
1240 3638 1315 3679 ex
1341 3618 1497 3686 odio,
1522 3620 1628 3679 sed
1657 3622 1816 3697 justo
1842 3620 2036 3679 dolore
2063 3632 2306 3697 acceptae
2345 3622 2566 3699 injuriae
2595 3666 2610 3682 .
2646 3666 2659 3681 .

482 3716 653 3774 modo
682 3759 697 3775 .
730 3759 745 3774 .
774 3736 847 3775 ex
886 3719 1044 3777 brevi
1078 3728 1339 3795 ,tempore
1378 3718 1646 3794 injuriam
1699 3720 2013 3795 acceperis.
2093 3719 2425 3797 Religiosus
2475 3730 2664 3781 autem

484 3815 581 3887 qui
604 3826 867 3874 renueret
900 3835 1004 3894 per
1042 3817 1285 3877 notabile
1324 3826 1569 3893 tempus,
1607 3824 1740 3891 puta
1779 3827 1912 3893 post
1948 3817 2387 3887 hebdomadam,
2416 3820 2665 3895 colloqui

482 3932 611 3972 cum
638 3914 892 3983 inimice,
920 3913 1119 3974 meritc
1146 3914 1283 3974 dicit
1306 3916 1521 3991 Sporer
1545 3933 1662 3973 non
1687 3932 1822 3973 esse
1840 3910 2351 3990 absolvendumss’3
2374 3933 2385 3942 ·

560 4015 661 4071 91.
723 4014 911 4071 “Etsi
948 4014 1137 4087 quivis
1180 4023 1436 4073 teneatur
1474 4014 1710 4073 inimico
1739 4014 1972 4073 veniam.
1997 4016 2250 4093 legitime
2287 4020 2501 4094 petenti
2545 4036 2663 4079 non

483 4119 696 4169 tantum
721 4113 957 4171 interius
982 4113 1286 4182 remittere,
1314 4111 1423 4170 sed
1442 4114 1616 4171 etiam
1642 4122 1880 4172 externa
1902 4116 2254 4177 remissionis
2281 4119 2450 4195 signa
2475 4128 2662 4179 osten·

484 4208 653 4277 dere;
694 4220 863 4287 negat
898 4220 1089 4269 tamen
1137 4208 1313 4270 Trul.
1350 4209 1391 4268 l.
1428 4214 1522 4272 15.
1566 4229 1616 4269 c.
1659 4216 1715 4269 5.
1746 4210 1805 4270 d.
1835 4218 1892 4271 5.
1925 4254 1942 4271 .
1973 4256 1988 4271 .
2021 4256 2038 4271 .
2065 4217 2246 4274 teneri
2283 4219 2470 4275 statim
2509 4228 2664 4294 post-

486 4326 652 4381 quam
680 4309 926 4368 offensio
952 4319 1042 4368 est
1064 4310 1237 4379 illata,
1266 4329 1335 4369 eo
1362 4310 1518 4385 quod
1544 4311 1620 4370 sit
1642 4330 1734 4370 res
1760 4312 2006 4375 violenta
2030 4324 2088 4373 et
2112 4333 2284 4391 supra
2307 4317 2665 4393 fragilitatem

566 4495 645 4563 (1)
680 4495 741 4546 Ι..
762 4495 813 4546 ii.
834 4511 887 4547 n.
909 4499 993 4546 ss.
1198 4499 1283 4563 (2)
1322 4496 1668 4558 Busembaum,
1688 4498 1878 4550 ibidem.
2015 4460 2022 4464 ⁹
2083 4500 2168 4566 (3)
2207 4466 2644 4563 S.A1ph.ibi‹lem.

1516 4599 1634 4654 27*
