3117 5217
748 529 863 590 DE
903 528 1169 591 MODIS
1210 526 1750 594 ACQUIRENDI
1788 528 2258 588 DOMINIUM.
2511 533 2584 589 71

412 706 691 755 transacto
717 715 839 756 rem
866 698 1102 756 omnino
1126 698 1394 778 retinere.
1478 697 1596 764 Qui
1635 697 1798 756 titulo
1835 697 2160 774 particulari
2199 697 2475 766 succedit,
2517 715 2588 755 vt

416 815 488 872 g:
520 795 825 871 emptione,
854 795 1179 861 donatione,
1210 798 1381 854 utitur
1406 795 1636 869 quidem
1679 797 1926 855 auctoris
1963 796 2113 853 bona
2150 795 2282 863 fide,
2311 806 2369 854 et
2407 797 2602 872 explet

410 893 855 969 praescriptionis
884 903 1133 970 tempus,
1162 894 1239 952 ita
1261 894 1389 970 lege
1414 895 1802 954 concedente:
1846 894 1948 952 sed
1985 910 2102 952 non
2140 895 2272 952 ideo
2298 894 2448 951 mala
2473 889 2598 973 ejus

412 990 524 1049 fide
550 991 792 1058 laeditur,
822 994 1035 1068 quippe
1062 1012 1165 1052 sua
1190 994 1342 1054 bona
1365 992 1509 1050 fides
1538 993 1673 1052 facit
1695 1002 1759 1051 ut
1782 993 1953 1051 liceat
1977 1002 2202 1069 tempus
2220 993 2340 1068 jam
2370 992 2596 1070 lapsum

410 1108 539 1147 cum
566 1100 821 1165 tempore
849 1109 988 1149 mox
1017 1091 1205 1149 futuro
1240 1092 1310 1149 ad
1336 1092 1828 1166 praescriptionem
1867 1090 2324 1150 constituendam
2361 1092 2600 1167 conjun-

408 1205 562 1264 gere,
590 1187 907 1246 dummodo
935 1190 1180 1249 auctoris
1206 1189 1501 1266 possessio
1528 1207 1646 1247 non
1673 1190 1844 1248 fuerit
1869 1184 2122 1246 vitiosa.¹

1114 1401 1165 1476 §.
1207 1401 1317 1460 Vl.
1358 1401 1455 1460 nn
1498 1419 1914 1460 sucosssmnn.

496 1571 594 1624 80.
625 1567 1011 1625 Successione
1027 1566 1343 1628 dominium
1360 1570 1686 1642 acquiritur,
1709 1568 1936 1640 quando
1955 1569 2086 1640 quis
2107 1567 2165 1624 in
2182 1569 2332 1626 bona
2349 1566 2599 1626 defuncti

419 1663 691 1732 succedit,
722 1665 813 1722 vel
842 1673 1199 1734 testamento,
1229 1668 1318 1725 vel
1350 1668 1497 1744 legis
1524 1677 1752 1726 statuto·
1839 1667 2008 1726 Unde
2039 1668 2138 1744 jus
2167 1668 2242 1724 sit
2280 1666 2501 1724 homini
2527 1667 2598 1724 de

411 1762 573 1820 bonis
601 1780 729 1834 quae
757 1763 1018 1840 possidet
1043 1764 1305 1832 testandi,
1335 1767 1482 1824 inter
1512 1765 1880 1841 jurisperitos
1914 1764 2279 1840 disceptatur,
2308 1765 2598 1839 plerisque

414 1861 556 1918 illud
580 1861 955 1920 referentibus
983 1862 1053 1920 ad
1072 1862 1230 1940 leges
1254 1865 1471 1930 civiles,
1496 1882 1625 1936 quae
1645 1864 1717 1922 ob
1741 1864 2062 1934 aequitatem
2081 1861 2365 1943 quandam
2385 1863 2600 1920 faciunt

415 1959 561 2017 vivis
588 1957 913 2018 facultatem
939 1959 1277 2020 decernendi
1304 1961 1447 2034 quid
1485 1960 1808 2020 faciendum
1847 1961 1922 2018 sit
1958 1970 2090 2036 post
2114 1978 2311 2018 eorum
2352 1971 2594 2018 mortem

417 2055 487 2114 de
516 2057 585 2114 iis
615 2076 741 2129 quae
770 2053 1116 2134 possident.²
1165 2059 1280 2118 Alii
1306 2070 1493 2118 tamen
1522 2061 1689 2118 altius
1710 2060 2030 2136 repetentes
2048 2059 2194 2136 juris
2213 2059 2598 2116 successionis

416 2157 717 2232 originem,
766 2157 919 2216 bona
959 2168 1197 2216 censent
1236 2167 1511 2235 occupata
1553 2159 1622 2215 ab
1665 2177 1802 2225 uno,
1849 2157 2080 2216 nomine
2126 2157 2295 2214 totius
2344 2155 2596 2223 familioe,

418 2253 661 2326 ideoque
686 2256 1087 2330 superstitibus
1115 2257 1345 2324 cedere,
1369 2255 1756 2314 distribuenda
1795 2266 1984 2314 tamen
2018 2263 2186 2330 prout
2211 2256 2338 2330 ipse
2361 2255 2603 2330 jusserit

415 2370 489 2408 ex
516 2353 773 2424 oequitate
794 2353 1059 2427 quadam,
1082 2355 1170 2412 vel
1191 2354 1790 2430 deficientejussione‚
1813 2373 1918 2430 pro
1938 2352 2380 2431 propinquitatis
2399 2351 2595 2428 gradu,

419 2449 715 2521 Quidquid
741 2453 834 2521 sit,
873 2471 1101 2525 aequum
1141 2471 1268 2510 esse
1295 2463 1361 2510 ut
1383 2453 1694 2528 propinqui
1735 2453 1792 2510 in
1834 2454 1982 2512 bona
2007 2451 2258 2509 defuncti
2297 2450 2604 2509 succedant

418 2548 618 2624 probat
636 2551 891 2608 omnium
912 2552 1165 2626 gentium
1192 2550 1543 2609 consuetudo
1563 2545 1610 2617 3³
1638 2561 1980 2626 quapropter
2005 2549 2290 2606 societatis
2308 2565 2600 2606 eversores

421 2646 883 2707 San-Simoniani
912 2647 1185 2708 censendi
1212 2660 1345 2707 sunt
1371 2649 1471 2720 qui
1496 2666 1565 2704 ea
1599 2649 1858 2706 omnium
1897 2646 2223 2704 communia
2247 2645 2428 2702 velint
2451 2663 2600 2711 esse,

418 2763 523 2820 pro
562 2745 864 2821 cujuslibet
902 2748 1241 2804 necessitate
1282 2737 1724 2804 distribuenda.⁴
1805 2745 2030 2821 Legum
2071 2751 2257 2800 autem
2299 2741 2600 2817 dispositio

420 2844 668 2900 maxime
710 2844 1047 2902 attendenda
1084 2854 1193 2914 est,
1218 2863 1399 2919 quum
1432 2846 1566 2921 jura
1604 2843 1907 2920 cujuslibet
1943 2842 2234 2918 explicare
2273 2850 2331 2898 et
2367 2823 2602 2898 definire

421 2941 755 3016 plerumque
783 2953 1136 3001 censeantur.

496 3043 592 3096 81.
638 3039 895 3106 Civium,
925 3040 1017 3098 vel
1056 3040 1497 3118 alienigenarum
1540 3041 1642 3113 qui
1682 3040 1967 3097 civitatem
2009 3039 2196 3114 adepti
2241 3047 2391 3105 sunt,
2431 3038 2601 3104 bona,

491 3244 575 3307 (1)
610 3241 741 3292 'Vide
764 3241 993 3303 Carriere,
1014 3243 1179 3294 volsii.
1202 3243 1260 3294 de
1280 3243 1414 3294 hest.
1428 3259 1480 3292 n.
1500 3245 1619 3291 442.

488 3326 573 3388 (2)
614 3323 905 3374 Blackstone
930 3324 1122 3374 Comm.
1138 3325 1179 3375 ’1.
1198 3324 1250 3374 ii.
1272 3340 1308 3374 n
1330 3327 1426 3372 .11.
2419 3375 2424 3382 ,

490 3409 576 3474 (3)
614 3417 643 3440 “
658 3408 681 3455 Ι
714 3409 861 3458 know
898 3425 965 3456 no
1010 3409 1146 3458 other
1188 3407 1409 3465 crito-ion
1445 3409 1509 3471 by
1531 3407 1696 3457 which
1729 3422 1805 3455 we
1839 3421 1933 3455 can
1963 3405 2228 3454 determine
2269 3419 2366 3468 any
2405 3404 2509 3452 rule
2549 3418 2603 3450 or

416 3491 679 3552 obligation
699 3500 750 3542 to
782 3495 843 3542 be
885 3493 1097 3542 founded
1128 3493 1183 3542 in
1215 3500 1405 3551 natiue,
1450 3492 1572 3542 than
1631 3492 1692 3540 its
1735 3491 2077 3553 universality3
2121 3489 2218 3538 and
2253 3491 2317 3550 by
2361 3485 2610 3548 inqixiring

421 3575 639 3624 whether
658 3576 698 3624 it
722 3576 767 3624 is
786 3584 889 3636 not,
910 3578 1009 3626 and
1028 3577 1119 3630 lus
1138 3584 1227 3626 not
1256 3577 1395 3636 been,
1418 3576 1471 3626 in
1494 3577 1559 3626 all
1599 3575 1840 3626 countries
1862 3574 1960 3623 and
2001 3587 2134 3633 ages,
2175 3569 2422 3631 agreeable
2445 3575 2496 3615 to
2519 3567 2602 3614 the

422 3659 638 3722 foelings,
661 3658 911 3710 affectionis
932 3661 1029 3710 and
1050 3677 1221 3711 reason
1242 3661 1299 3709 of
1315 3661 1379 3711 all
1400 3660 1652 3710 mankind.
1721 3659 1834 3706 The
1855 3656 2082 3706 affection
2105 3654 2163 3702 of
2177 3657 2373 3716 parents
2395 3649 2602 3698 towards

418 3743 541 3794 their
561 3745 777 3794 children
798 3745 843 3794 is
868 3747 950 3796 the
971 3753 1098 3796 most
1116 3746 1351 3809 powerful
1372 3745 1469 3796 and
1491 3744 1736 3794 universal
1755 3741 1990 3804 principle
2011 3737 2176 3787 which
2198 3743 2369 3785 nature
2401 3735 2492 3784 has
2513 3736 2602 3785 im·

418 3829 613 3890 planted
630 3829 684 3877 in
705 3829 787 3878 the
809 3829 994 3879 human
1016 3832 1195 3888 breast3
1220 3829 1316 3878 and
1333 3829 1374 3878 it
1394 3834 1576 3877 cannot
1597 3829 1657 3875 be
1685 3823 1957 3882 conceived,
1973 3837 2096 3871 even
2117 3821 2172 3870 in
2185 3821 2266 3870 the
2289 3827 2416 3870 most
2431 3823 2604 3882 sange

420 3918 555 3972 state,
577 3913 681 3964 that
700 3929 799 3978 any
822 3913 981 3962 oncis
1013 3929 1069 3964 so
1108 3913 1333 3964 destitute
1354 3911 1412 3960 of
1441 3911 1547 3960 that
1583 3906 1810 3958 affection
1851 3905 1948 3957 and
1985 3921 2175 3964 reason,
2197 3905 2310 3954 who
2331 3904 2495 3954 would
2515 3910 2604 3954 not

421 3997 1170 4062 revoltatthepositiomthata
1208 3994 1613 4056 mangethe-sas
1646 3992 1825 4054 gooda
1856 3991 2162 4054 rightashis
2193 3989 2408 4039 children
2439 3989 2598 4038 tothe

417 4088 636 4145 property
660 4084 716 4132 of
730 4100 761 4133 a
780 4083 1010 4134 deceased
1032 4088 1215 4147 parent.
1282 4079 1515 4131 Haeredes
1536 4093 1926 4145 successoresque
1945 4077 2033 4128 mi
2054 4076 2234 4144 cuique
2257 4073 2413 4133 liberi,
2437 4087 2596 4122 seems

422 4173 509 4216 not
528 4173 579 4216 to
601 4167 723 4218 have
756 4171 879 4221 heen
917 4169 1142 4220 confined
1162 4176 1213 4218 to
1235 4168 1319 4216 the
1340 4166 1507 4216 woods
1544 4167 1602 4215 of
1631 4167 1896 4228 Ger-many,
1918 4167 2007 4214 but
2027 4171 2080 4213 to
2099 4165 2159 4212 be
2183 4178 2278 4212 one
2299 4162 2357 4210 of
2383 4162 2466 4210 the
2491 4159 2595 4208 first

422 4255 541 4302 laws
562 4252 615 4304 in
634 4255 718 4304 the
736 4255 857 4318 code
872 4255 930 4304 of
944 4253 1160 4320 nature.”
1231 4251 1403 4314 Chitty
1424 4257 1539 4298 note
1563 4267 1628 4300 on
1650 4251 1956 4310 Blackstone,
1979 4247 2172 4297 ibidem.

498 4340 581 4404 (4)
620 4339 747 4388 Vide
771 4338 1000 4397 Carriere,
1022 4336 1081 4388 de
1102 4337 1237 4388 Just.
1254 4337 1347 4385 vol.
1370 4335 1403 4384 i.
1425 4350 1477 4383 n.
1498 4337 1582 4384 22.
