3117 5217
579 542 618 595 2
1386 536 1500 595 DE
1543 537 1949 597 VIRTUTE.

575 706 844 783 potentia,
885 706 1346 782 perfectioneque
1387 724 1614 763 summa
1663 705 1779 764 Dei
1818 706 2033 765 innixa.
2117 706 2313 765 Virtus
2356 707 2608 767 moralis
2646 718 2763 774 est,

575 824 702 877 quae
715 820 905 862 mores
925 804 1224 864 hominum
1244 804 1526 871 informat,
1538 806 1705 883 juxta
1725 806 1959 864 rationis
1976 813 2032 861 et
2050 804 2255 863 divinae
2272 806 2416 882 legis
2436 806 2766 865 dictamina.

573 904 768 961 Virtus
795 901 1218 963 intellectualis
1245 912 1476 960 vocatur
1503 922 1629 975 quae
1658 904 2006 963 intellectum
2048 904 2273 981 perficit
2310 904 2370 962 in
2408 906 2527 965 veri
2566 906 2769 983 cogni-

573 1004 763 1061 tione:
807 1020 863 1059 ν.
893 1022 950 1079 g.
980 1002 1276 1079 sapientia,
1307 1000 1626 1079 prudentia.

652 1106 712 1159 2.
752 1082 944 1159 ³Nobis
983 1104 1133 1160 inest
1170 1100 1429 1173 quoedam
1473 1102 1743 1158 virtutum
1784 1100 2089 1170 inchoatio,
2138 1120 2272 1159 nam
2311 1101 2497 1177 prima
2536 1120 2769 1160 morum

574 1199 856 1276 principia
896 1219 970 1257 ex
1014 1200 1232 1257 lumine
1284 1200 1519 1257 rationis
1572 1200 1879 1271 unicuique
1932 1201 2311 1268 innotescunt,
2366 1208 2565 1272 estque
2604 1218 2773 1257 amor

514 1362 518 1366 ,
575 1297 804 1371 quidam
833 1299 970 1356 boni
997 1307 1053 1355 et
1076 1297 1322 1365 honesti,
1353 1317 1468 1370 quo
1497 1297 1569 1355 ad
1594 1297 1857 1355 virtutem
1883 1298 2249 1375 impellimur.
2334 1296 2625 1355 Caeterum
2656 1317 2771 1373 pro

575 1396 876 1455 hominum
917 1397 1180 1455 varietate
1218 1397 1402 1473 major
1444 1398 1706 1455 minorve
1748 1408 1839 1455 est
1880 1396 1951 1455 ad
1996 1399 2229 1455 virtutes
2268 1398 2548 1473 speciales
2589 1398 2771 1455 animi

577 1494 911 1569 dispositi03
971 1513 1104 1553 nam
1155 1503 1212 1551 et
1261 1513 1334 1552 ex
1379 1496 1683 1571 spirituum
1729 1513 1873 1566 quos
1919 1505 2126 1553 vocant
2168 1496 2496 1554 animalium
2545 1496 2767 1572 impetu

576 1594 798 1669 majori,
825 1594 916 1651 vel
943 1594 1168 1662 minori,
1198 1603 1356 1651 etex
1393 1594 1661 1651 fibrarum
1701 1613 1766 1651 ac
1806 1596 2025 1653 cerebri
2064 1604 2303 1661 textura,
2338 1594 2771 1667 quodammodo

577 1690 805 1767 pendet.
891 1691 1329 1751 consummatio
1361 1691 1494 1750 vero
1523 1693 1791 1749 virtutum
1818 1712 1891 1750 ex
1918 1694 2109 1751 animo
2136 1693 2405 1751 divinitus
2445 1691 2639 1770 adjuto
2678 1712 2770 1751 re-

578 1789 824 1866 petenda
849 1800 952 1859 est,
984 1792 1082 1863 qui
1109 1801 1166 1847 et
1190 1792 1603 1867 proclivitatem
1633 1800 1841 1849 naturae
1872 1802 2149 1867 temperat
2174 1801 2229 1849 et
2252 1792 2416 1867 regit.

655 1894 714 1946 3.
757 1889 948 1955 Quum
976 1888 1151 1948 homo
1179 1890 1409 1949 rationis
1436 1891 1652 1948 lumine
1680 1891 1938 1966 gaudeat,
1980 1901 2039 1948 et
2074 1890 2253 1949 libero
2292 1890 2539 1958 arbitrio,
2575 1899 2770 1966 potest

577 1996 786 2045 naturae
808 1988 1021 2047 viribus
1043 1990 1304 2048 virtutem
1333 1990 1610 2048 moralem
1638 1989 1895 2065 adipisci,
1917 1991 2198 2048 bonorum
2220 1998 2445 2047 actuum
2466 1990 2765 2047 exercitio.

580 2094 620 2121 ‘⁴
643 2087 837 2143 Virtus
879 2086 1151 2156 hominis,
1200 2088 1384 2160 inquit
1428 2090 1492 2146 S.
1523 2088 1805 2156 Thomas,
1860 2087 2174 2147 “ordinata
2212 2087 2285 2145 ad
2324 2089 2559 2155 bonum,
2608 2088 2769 2161 quod

577 2185 932 2243 modificatur
971 2187 1286 2245 secundum
1329 2188 1583 2264 regulam
1624 2189 1855 2254 rationis
1890 2187 2175 2255 humanae,
2205 2196 2394 2263 potest
2432 2205 2507 2244 ex
2546 2188 2769 2245 actibus

577 2285 842 2343 humanis
871 2287 1108 2353 causari,
1137 2287 1198 2343 in
1223 2296 1496 2358 quantum
1522 2286 1854 2363 hujusmodi
1897 2296 2053 2344 actus
2093 2285 2409 2363 procedunt
2448 2304 2481 2342 a
2519 2286 2763 2353 ratione,

577 2384 684 2441 sub
709 2385 870 2460 cujus
898 2392 1171 2460 potestate
1217 2393 1273 2440 et
1315 2385 1512 2467 regula
1535 2384 1642 2441 tale
1678 2387 1893 2443 bonum
1932 2378 2291 2444 consistit.'’1
2370 2384 2536 2441 Licet
2574 2393 2765 2441 autem

577 2483 866 2558 contingat
891 2501 1020 2539 eum
1049 2491 1280 2559 peccato
1307 2484 1530 2542 mortali
1549 2485 1853 2555 inquinari,
1886 2493 1926 2519 ‘⁶
1943 2503 2061 2543 non
2082 2493 2271 2541 tamen
2290 2481 2602 2557 impeditur
2620 2483 2763 2555 quin

577 2582 762 2657 possit
787 2582 1037 2639 habitum
1056 2581 1278 2639 virtutis
1299 2584 1611 2654 acquirere,
1633 2602 1735 2658 per
1754 2602 1923 2657 quam
1946 2603 1977 2640 a
1996 2582 2159 2639 malis
2179 2582 2447 2658 operibus
2468 2582 2767 2651 abstineat,

577 2690 639 2739 ut
663 2682 721 2737 in
749 2681 1023 2757 pluribuS‚
1053 2690 1107 2737 et
1133 2682 1414 2757 praecipue
1443 2682 1510 2739 ab
1537 2682 1629 2737 his
1656 2700 1781 2751 quae
1811 2692 1945 2738 sunt
1971 2680 2129 2738 valde
2156 2682 2360 2739 rationi
2388 2675 2768 2738 contraria.”²

580 2779 865 2837 Caeterum
895 2788 1114 2838 constat
1137 2781 1370 2836 virtutes
1398 2779 1748 2853 theologicas
1790 2799 1822 2835 a
1860 2778 1989 2838 Deo
2029 2778 2269 2847 infundi,
2300 2778 2584 2840 excedunt
2609 2781 2765 2837 enim

577 2876 831 2937 hominis
872 2878 1042 2947 vireS,
1090 2886 1145 2933 et
1184 2877 1353 2953 gratis
1401 2876 1713 2934 donantur:
1759 2880 1993 2935 virtutes
2032 2886 2216 2935 autem
2256 2879 2501 2935 morales
2539 2877 2767 2936 homini

578 2977 913 3052 theologicis
965 2977 1262 3033 virtutibus
1317 2984 1510 3033 ornato
1553 2976 1778 3034 infundi
1823 2978 2113 3036 existimat
2150 2977 2215 3033 S.
2246 2976 2527 3043 ThomaS,
2569 2986 2632 3033 ut
2668 2976 2762 3035 his

578 3076 950 3141 conveniant;
994 3084 1190 3133 censet
1230 3076 1383 3133 enim
1430 3092 1525 3131 eas
1574 3076 1881 3151 superioris
1928 3093 2055 3134 esse
2107 3076 2353 3151 speciei:
2412 3074 2765 3133 “Differnnt

490 3224 496 3230 ,
579 3175 770 3250 specie
797 3174 1030 3231 virtutes
1060 3174 1302 3231 morales
1330 3173 1554 3241 infusae,
1586 3194 1687 3251 per
1716 3195 1857 3248 quas
1884 3176 2149 3233 homines
2174 3175 2319 3231 bene
2358 3192 2421 3231 se
2460 3174 2670 3230 habent
2708 3175 2769 3231 in

579 3272 774 3331 ordine
803 3272 874 3331 ad
900 3273 1031 3339 hoc,
1061 3273 1214 3345 quod
1240 3275 1357 3331 sint
1383 3275 1537 3339 cives
1568 3284 1890 3332 sanctorum
1932 3285 1988 3332 et
2026 3272 2327 3331 domestici
2366 3270 2513 3339 Dei;
2556 3282 2611 3329 et
2642 3272 2767 3330 aliae

579 3372 814 3429 virtutes
841 3372 1151 3444 acquisitae,
1181 3372 1494 3431 secundum
1523 3392 1663 3445 quas
1690 3372 1866 3431 homo
1893 3392 1953 3431 se
1980 3375 2125 3431 bene
2152 3373 2323 3430 habet
2360 3372 2419 3429 in
2458 3370 2655 3428 ordine
2696 3370 2770 3429 ad

579 3490 671 3529 res
698 3462 1074 3529 humanae.”³
1598 3456 1604 3461 ⁸
2420 3474 2435 3486 “

621 3620 638 3647 ,,
659 3575 716 3629 4.
759 3571 828 3629 In
855 3569 1046 3627 medio
1073 3572 1180 3628 sita
1205 3580 1291 3627 est
1316 3571 1491 3627 virtus
1519 3570 1771 3639 moralis;
1814 3590 1947 3629 nam
1975 3570 2177 3629 rationi
2203 3569 2503 3627 conveniat
2526 3586 2767 3626 necesse

581 3681 687 3739 est,
729 3679 1070 3749 quapropter
1109 3669 1382 3738 defectus,
1428 3670 1521 3727 vel
1560 3688 1854 3737 excessu&
1897 3669 2211 3747 culpandus
2252 3669 2416 3726 foret.
2499 3668 2769 3726 Attamen

581 3772 640 3827 in
667 3770 1003 3842 quibusdam
1029 3790 1216 3828 rerum
1245 3769 1520 3847 adjunctis
1563 3788 1687 3841 quae
1728 3769 2004 3827 excedere
2040 3767 2317 3835 videntur,
2357 3777 2615 3842 possunt,
2646 3784 2770 3824 om-

582 3868 749 3925 nibus
777 3868 1094 3942 perpensis,
1136 3888 1299 3939 aequa
1337 3881 1394 3927 et
1428 3871 1637 3929 rationi
1676 3888 1926 3945 congrua
1965 3868 2225 3925 inveniri.
2310 3867 2409 3924 Sic
2449 3864 2765 3941 virginitaS,

583 3975 907 4043 paupertaS,
949 3966 1076 4021 vitae
1119 3968 1430 4034 austeritaS,
1471 3970 1767 4026 virtutibus
1807 3966 2007 4026 merito
2049 3974 2416 4024 accensentur
2454 3965 2513 4022 in
2554 3964 2625 4021 iis
2666 3966 2766 4036 qui

583 4084 678 4122 eas
719 4065 1133 4140 amplectuntur
1171 4064 1474 4141 prudenter
1515 4075 1572 4122 et
1609 4068 1971 4143 perfectionis
2010 4066 2217 4125 studio:
2264 4074 2303 4101 ‘⁴
2326 4066 2569 4122 abstinet
2607 4064 2764 4121 enim

584 4165 872 4243 virginitas
912 4165 981 4221 ab
1021 4165 1283 4223 omnibus
1328 4166 1608 4233 venereis,
1662 4175 1719 4222 et
1762 4176 2061 4243 paupertas
2108 4167 2178 4224 ab
2221 4166 2486 4224 omnibus
2528 4162 2764 4231 divitiis,

723 4318 806 4383 (1)
851 4320 892 4365 l.
917 4320 964 4364 2.
988 4333 1068 4381 qu.
1091 4316 1208 4367 lxiii.
1233 4324 1317 4366 art.
1341 4317 1390 4366 ii.
1459 4317 1613 4385 Resp.
1840 4321 1923 4384 (2)
1962 4318 2159 4373 Ibidem.
2230 4316 2317 4367 Ad
2335 4316 2626 4369 secundum.

1311 4405 1394 4470 (3)
1433 4402 1631 4464 Ibidem,
1655 4409 1740 4451 art.
1764 4403 1827 4451 iv.
1895 4402 2045 4468 Resp-
