3117 5217
1335 581 1793 641 APPENDIX.
1864 594 1867 597 ·
2226 549 2231 554 ’
2539 586 2576 638 4
2598 585 2665 639 ιι

553 752 651 806 30.
695 749 812 807 Ubi
839 749 968 822 quis
1007 748 1287 807 invenerit
1323 746 1637 807 doctrinam
1679 750 1741 806 in
1778 748 2105 823 Augustino
2149 749 2297 806 clare
2346 746 2655 815 fundatam,

471 846 626 905 illam
673 848 927 906 absolute
973 857 1166 925 potest
1207 856 1419 915 tenere,
1466 847 1527 904 ὅτ,
1571 846 1797 915 docere,
1828 864 1944 905 non
1989 846 2357 923 respiciendo
2386 845 2456 903 ad
2484 848 2659 906 ullam

474 945 776 1005 Pontificio
798 946 1046 1004 Bullam.

551 1049 649 1104 31.
691 1046 863 1104 Bulla
889 1045 1106 1103 Urbani
1132 1044 1303 1103 VIII.
1335 1041 1414 1102 In
1451 1041 1776 1103 Eminenti
1802 1053 1891 1101 est
1915 1045 2286 1120 subrepititia.

477 1264 596 1323 Hic
625 1263 805 1345 refert
827 1263 1044 1323 addere
1063 1263 1324 1341 quinque
1341 1262 1800 1342 Propositiones
1830 1263 1991 1323 circa
2018 1261 2307 1323 Duellum
2333 1266 2665 1327 novissime

546 1364 924 1441 proscriptae
951 1382 990 1422 a
1017 1361 1102 1421 N.
1139 1360 1258 1420 SS.
1288 1361 1366 1420 P.
1398 1362 1728 1422 Benedicto
1759 1360 1933 1422 XIV.
1962 1362 2031 1421 in
2060 1360 2251 1422 Bulla
2293 1363 2664 1435 Detestabile,

563 1461 726 1521 edita
751 1461 847 1520 die
879 1467 973 1520 13.
1007 1460 1172 1521 Nov.
1202 1479 1384 1521 anno.
1419 1466 1598 1520 1752.

566 1639 615 1698 Ι.
658 1641 766 1697 Vir
805 1640 1086 1707 militarie,
1130 1641 1230 1712 qui
1272 1640 1383 1698 nisi
1424 1639 1629 1697 offerat
1672 1640 1733 1697 ὅτ,
1778 1646 2030 1715 acceptet
2066 1640 2337 1707 duellum,
2382 1650 2671 1714 tamquam

485 1738 914 1806 formidolosae,
937 1738 1189 1807 timidus,
1212 1740 1487 1815 abjectuS,
1510 1739 1570 1796 dc
1597 1737 1666 1795 ad
1694 1738 1883 1796 officia
1902 1738 2163 1797 militaria
2181 1740 2410 1815 ineptus
2434 1740 2676 1799 habere·

487 1849 596 1904 tur,
623 1838 871 1911 indeque
899 1837 1110 1905 offici0,
1141 1856 1256 1911 quo
1284 1855 1346 1895 se
1374 1855 1625 1910 suosque
1655 1846 1946 1903 sustentat,
1966 1839 2299 1913 privaretur,
2327 1838 2420 1896 vel
2448 1858 2675 1915 promo-

488 1938 664 1994 tionis
691 1938 828 1995 alias
858 1937 966 1993 sibi
994 1934 1214 2003 debitae,
1257 1955 1323 1993 ac
1363 1937 1683 2012 promeritae
1732 1954 1836 2011 spe
1877 1947 2157 2013 perpetuo
2195 1956 2387 1995 carere
2428 1937 2674 2008 deberet,

491 2035 660 2109 culpa
685 2036 745 2091 ὅτ,
771 2053 946 2111 poena
969 2044 1212 2101 vacaret,
1242 2035 1364 2091 sive
1394 2034 1613 2101 offerat,
1644 2036 1768 2092 sive
1798 2044 2055 2110 acceptet
2080 2034 2352 2093 duellum.

571 2132 652 2191 11.
695 2132 981 2191 Excusari
1009 2142 1252 2207 possunt
1276 2134 1446 2190 etiam
1484 2132 1719 2190 honoris
1768 2132 1987 2200 tuendi,
2034 2134 2127 2190 vel
2150 2134 2412 2192 humanae
2439 2135 2678 2211 vilipen·

491 2233 673 2289 sionis
700 2230 940 2288 vitandae
969 2232 1162 2307 gratia,
1191 2230 1445 2289 duellum
1473 2238 1854 2306 acceptantes,
1884 2232 1976 2289 vel
2012 2230 2081 2288 ad
2110 2232 2249 2289 illud
2276 2243 2673 2307 provocanteS,

495 2329 724 2404 quando
751 2338 907 2387 certo
953 2329 1140 2387 sciunt
1179 2348 1430 2407 pugnam
1475 2348 1591 2387 non
1632 2346 1761 2386 esse
1808 2340 2194 2403 sequuturam,
2236 2339 2428 2406 utpote
2456 2332 2525 2389 ab
2552 2334 2677 2391 aliis

493 2428 940 2506 impediendam.

579 2528 692 2587 ΙΙΙ.
736 2528 874 2587 Non
903 2527 1136 2584 incurrit
1155 2526 1573 2584 ecclesiasticas
1598 2544 1795 2602 poenas
1823 2535 2016 2584 contra
2042 2526 2354 2585 duellantes
2381 2528 2521 2585 latas
2543 2530 2682 2588 Dux

498 2628 591 2686 vel
630 2626 892 2685 officialis
936 2625 1154 2683 militiae
1201 2634 1501 2702 acceptans
1543 2624 1797 2683 dnellum
1839 2644 1913 2682 ex
1954 2625 2113 2701 gravi
2154 2636 2309 2683 metu
2350 2629 2679 2687 amissionis

498 2727 682 2793 famae,
713 2727 804 2785 vel
829 2725 1024 2783 officii.

589 2824 697 2882 IV.
741 2826 990 2884 Licitum
1031 2832 1119 2879 est
1155 2824 1214 2881 in
1257 2831 1402 2881 statu
1448 2823 1699 2879 hominis
1756 2823 1993 2881 naturali
2038 2832 2332 2899 acceptare
2372 2824 2431 2882 ἀ
2476 2826 2683 2885 offerre

506 2924 755 2982 duellum
799 2924 869 2982 ad
911 2921 1218 2980 servandas
1262 2941 1394 2979 cum
1435 2922 1655 2979 honore
1701 2920 1973 2990 fortunae,
2004 2922 2233 2994 quando
2281 2923 2392 2981 alio
2432 2925 2685 2986 remedio

506 3039 705 3081 eorum
725 3025 946 3100 jactura
972 3021 1291 3097 propulsari
1317 3021 1535 3093 nequit.

586 3123 662 3179 V.
708 3124 939 3181 Asserta
961 3120 1190 3177 licentia
1215 3138 1319 3195 pro
1360 3129 1504 3177 statu
1544 3119 1783 3177 naturali
1811 3120 2083 3197 applicari
2108 3121 2276 3178 etiam
2304 3130 2492 3197 potest
2517 3127 2685 3184 statui

508 3222 748 3279 civitatis
777 3219 925 3279 male
953 3218 1242 3285 ordinatae,
1270 3219 1330 3275 in
1357 3237 1469 3291 qua
1493 3218 1787 3285 nimirum,
1816 3220 1907 3277 vel
1946 3220 2314 3297 negligentia,
2356 3221 2447 3279 vel
2474 3223 2687 3282 malitia

506 3322 884 3397 magistr-atne,
904 3319 1126 3395 justitia
1152 3328 1344 3393 aperte
1373 3316 1699 3393 denegatur.
