3117 5217
529 562 650 620 282
1107 557 1220 616 DE
1264 557 1493 619 FIDEI
1536 558 2159 619 NECESSITATE.

524 729 585 787 in
610 744 725 801 quo
753 726 1057 803 erigantur,
1086 727 1321 801 probare
1348 726 1622 785 censendi
1649 736 1784 787 sunt
1809 726 2018 786 falsum
2043 728 2292 787 cultum:
2337 729 2470 785 item
2503 726 2611 799 qui
2641 724 2722 783 lo·

528 836 661 885 cant
683 828 767 885 eis
795 825 946 883 aedes
967 825 1151 882 cultus
1186 843 1375 884 causa.

608 930 705 985 39.
750 925 865 991 Qui
900 924 959 981 in
998 924 1215 983 scholis
1253 925 1499 1001 publicis
1534 918 1844 983 litterarum
1885 925 2206 985 rudimenta
2244 925 2484 993 tradunt,
2532 925 2606 983 iis
2647 924 2728 980 uti
2801 910 2816 927 ⁶

528 1036 807 1101 coguntur
832 1023 1012 1090 libris,
1030 1042 1175 1095 quos
1202 1036 1451 1085 rectores
1478 1023 1826 1091 scholarum,
1847 1043 1882 1086 a
1907 1025 2123 1103 populo
2149 1025 2373 1093 delecti,
2395 1024 2722 1101 designant.

528 1124 765 1183 Nullum
796 1122 1001 1179 librum
1028 1133 1223 1181 contra
1248 1122 1419 1181 fidem
1446 1122 1658 1183 debent
1685 1122 1974 1193 adhibere,
1997 1143 2172 1197 quum
2197 1124 2260 1183 id
2285 1132 2571 1201 repugnet
2587 1122 2724 1198 legi,

526 1242 641 1295 qua
665 1222 907 1280 libertati
934 1223 1297 1281 conscientiae
1326 1222 1672 1284 consulitur:
1703 1235 1878 1295 quum
1909 1233 2096 1282 autem
2113 1224 2371 1303 plerique
2397 1224 2528 1282 libri
2549 1221 2728 1299 pluri-

524 1340 619 1379 ma
644 1322 971 1379 contineant
991 1321 1252 1398 religioni
1278 1321 1570 1379 catholicae
1597 1320 1854 1389 adversa,
1883 1332 2110 1399 oportet
2134 1321 2434 1381 emendare
2471 1322 2726 1398 explica-

526 1422 677 1479 tione
730 1432 1053 1497 opportuna
1096 1438 1223 1494 quae
1268 1422 1461 1478 minus
1506 1429 1762 1478 accurata
1803 1421 1939 1479 sint.
2025 1421 2164 1480 Non
2209 1422 2416 1480 debent
2459 1421 2726 1479 versione

526 1520 931 1597 protestantica
970 1518 1385 1595 scripturarum
1426 1520 1530 1587 uti,
1559 1538 1738 1593 quum
1765 1538 1834 1577 ea
1871 1520 2090 1580 ratione
2131 1522 2432 1580 auctoritas
2473 1522 2604 1597 ejus
2633 1536 2726 1593 ag-

526 1620 689 1679 nosci
716 1619 993 1686 videatur‚
1022 1628 1077 1677 et
1104 1619 1295 1695 pueris
1322 1620 1383 1677 in
1407 1636 1664 1677 normam
1692 1631 2070 1694 proponatur:
2101 1621 2205 1679 sed
2241 1621 2292 1679 si
2323 1620 2567 1697 jubeant
2607 1635 2727 1675 rec-

527 1728 677 1777 tores
702 1737 801 1777 eas
827 1718 1037 1797 legere,
1065 1726 1237 1794 prout
1258 1735 1387 1776 mos
1428 1727 1534 1785 est,
1565 1726 1789 1793 oportet
1827 1718 2162 1779 catholicam
2203 1718 2468 1777 adhibere
2508 1716 2726 1775 versio-

524 1838 681 1877 nem.
768 1817 899 1876 Nec
922 1819 1058 1876 licet
1080 1816 1166 1874 eis
1191 1834 1401 1893 pueros
1422 1816 1627 1877 docere
1653 1816 1908 1893 hymnos
1954 1818 2407 1894 protestanticOS,
2437 1818 2530 1875 vel
2560 1814 2724 1889 quid-

526 1918 663 1989 quid
694 1916 955 1975 haeresim
985 1917 1151 1991 sapit.
1236 1914 1353 1979 Qui
1382 1915 1606 1983 tradunt
1627 1915 1840 1973 litteras
1869 1917 1960 1975 vel
2000 1920 2062 1977 in
2099 1918 2312 1977 scholis
2346 1913 2726 1993 privatis:‚·vel

526 2016 585 2073 in
631 2014 883 2080 familiis,
938 2017 1029 2071 vel
1072 2014 1133 2070 in
1182 2014 1560 2081 monasteriis,
1607 2016 1700 2073 vel
1741 2016 2004 2093 collegiis
2049 2015 2385 2084 catholicis,
2430 2023 2726 2088 nequeunt

521 2112 996 2171 Protestanticam
1022 2113 1345 2171 versionem
1386 2111 1676 2181 adhibere,
1705 2114 1838 2173 licet
1876 2125 2140 2192 parentes
2179 2114 2238 2173 id
2271 2125 2561 2191 expetant,
2591 2130 2722 2170 nam

526 2212 780 2273 faverent
805 2212 1029 2280 haeresi,
1060 2221 1117 2269 et
1149 2212 1432 2271 Ecclesiae
1474 2211 1836 2291 disciplinam
1871 2216 2180 2275 violarent:
2223 2214 2328 2271 sed
2367 2233 2474 2271 nec
2513 2212 2726 2271 debent

526 2312 760 2371 musicae
809 2312 1063 2387 magistri
1104 2312 1324 2387 puellas
1370 2328 1654 2387 puerosve
1687 2313 1942 2387 hymnos
1979 2314 2397 2391 protestanticis
2437 2312 2722 2371 erroribus

526 2408 765 2467 infectos
792 2408 1031 2467 edocere
1058 2409 1367 2479 canendoS,
1396 2410 1488 2467 vel
1515 2412 1905 2471 instrumentis
1929 2411 2358 2491 personandos:
2387 2430 2504 2470 non
2529 2421 2722 2471 autem

528 2516 767 2585 peccant
793 2509 890 2580 qui
918 2508 1175 2584 privatim
1204 2527 1507 2585 personare
1534 2511 1806 2578 carmina,
1836 2531 1962 2586 quae
1997 2512 2141 2571 nihil
2178 2512 2382 2569 erroris
2405 2510 2720 2575 continent,

528 2606 755 2675 docent,
783 2620 943 2665 extra
967 2626 1195 2667 omnem
1224 2609 1409 2666 cultus
1436 2611 1823 2669 occasionem.

608 2710 705 2764 40.
751 2708 865 2773 Qui
892 2716 1049 2765 extra
1074 2708 1289 2783 templa
1314 2708 1727 2767 Protestantica
1749 2714 1808 2767 et
1825 2728 2057 2767 omnem
2083 2709 2336 2785 speeiem
2355 2710 2561 2776 cultus,
2581 2707 2723 2785 pub-

527 2804 637 2863 lice
664 2817 891 2873 canunt,
920 2816 1091 2882 prout
1126 2806 1251 2863 fieri
1288 2806 1437 2863 solet
1474 2808 1535 2864 in
1575 2816 1854 2866 concentu
1893 2808 2287 2885 plurimorum,
2316 2828 2432 2867 non
2460 2809 2722 2865 videntur

530 2915 723 2962 contra
743 2903 917 2961 fidem
937 2923 1193 2979 peccare,
1214 2886 1347 2963 licet
1366 2906 1620 2965 carmina
1639 2907 1896 2979 quaedam
1917 2907 1989 2964 de
2013 2896 2182 2967 rebus
2209 2908 2386 2965 sacris
2405 2918 2720 2984 protestan-

528 3004 671 3060 ticos
696 3002 945 3061 habeant
969 3012 1245 3073 auctoreS,
1274 3004 1586 3064 dummodo
1627 3015 1815 3064 tamen
1853 3006 1935 3063 nil
1972 3006 2107 3063 fidei
2147 3006 2443 3065 adversum
2475 3016 2715 3064 canant:

528 3120 662 3159 nam
691 3102 761 3159 iis
790 3104 850 3160 in
891 3121 1081 3161 rerum
1120 3104 1401 3180 adjunctis
1442 3106 1670 3162 nonnisi
1711 3105 1784 3163 ad
1821 3106 2297 3163 oblectamentum
2328 3106 2550 3164 aurium
2577 3104 2722 3163 refe·

526 3210 746 3257 runtur.
834 3201 1149 3259 Peccarent
1186 3211 1372 3259 autem
1409 3203 1463 3263 si
1500 3222 1662 3259 suam
1710 3222 1940 3279 operam
1983 3213 2332 3281 praestarent,
2379 3216 2439 3261 ut
2479 3204 2724 3283 pecunia

530 3296 661 3356 inde
690 3295 1010 3373 colligenda
1049 3300 1109 3355 in
1149 3301 1582 3373 protestanticos
1621 3301 1848 3359 cederet
1885 3322 2043 3373 usus,
2073 3322 2145 3361 v:
2177 3320 2247 3379 g:
2279 3303 2350 3361 ad
2377 3304 2721 3381 templorum

532 3395 984 3464 aedificationem,
1013 3398 1104 3455 vel
1130 3398 1620 3459 missionariorum
1651 3401 1962 3480 impensas.
