3117 5217
497 565 617 620 252
1332 558 1445 617 DE
1488 548 1867 616 SIMONIA‘.

500 724 773 783 ditionem
800 723 1067 801 eligendi.
1153 723 1270 781 Sed
1296 742 1443 783 onus
1470 725 1672 795 nequit
1698 724 1938 801 imponi,
1979 724 2114 781 licet
2141 724 2201 781 in
2227 724 2354 800 ejus
2383 723 2476 779 cui
2504 721 2688 797 gratia

503 824 567 881 fit
592 814 942 881 utilitatem.¹

578 927 677 981 80.
722 931 759 958 ‘⁶
790 923 905 989 Qui
932 922 1185 980 muneris
1207 922 1529 981 interventu
1558 921 1874 997 spiritualia
1918 938 2294 993 quaecumque
2341 920 2686 991 assequitur,

500 1038 567 1079 ea
592 1022 742 1079 licite
768 1022 1011 1079 retinere
1039 1038 1156 1079 non
1182 1030 1371 1096 potest
1388 1012 1485 1088 ;”2
1510 1020 1695 1093 inquit
1721 1020 1785 1077 S.
1811 1020 2093 1079 Thomas.
2179 1019 2337 1077 Hinc
2363 1018 2686 1094 saepissime

500 1119 852 1177 declararunt
907 1121 1119 1177 summi
1170 1120 1471 1195 pontifices
1517 1119 1802 1177 beneficia
1848 1118 2158 1177 simoniace
2205 1118 2500 1193 impetrata
2547 1134 2682 1173 esse

500 1209 888 1277 dimittenda.³
968 1219 1033 1275 Si
1060 1218 1220 1286 alter,
1263 1230 1317 1277 te
1358 1219 1576 1277 sciente
1619 1229 1679 1275 et
1703 1238 1818 1277 non
1845 1216 2265 1275 contradicente
2293 1215 2441 1275 serio
2469 1225 2525 1271 et
2549 1234 2686 1272 con·—

499 1327 729 1385 stanter‚
758 1336 995 1375 munere
1042 1318 1139 1375 tibi
1186 1318 1574 1394 impetraverit
1611 1317 1982 1383 beneficium,
2023 1326 2110 1374 est
2147 1334 2378 1389 quoque
2405 1313 2690 1375 dimitten-

502 1408 693 1474 dum.⁴
773 1417 1013 1474 Fructus
1058 1418 1231 1476 etiam
1272 1416 1702 1483 beneficiorum,
1731 1435 1856 1488 quae
1903 1416 2214 1473 simoniace
2253 1417 2384 1487 quis
2411 1414 2684 1488 suscepit,

500 1525 635 1573 sunt
660 1515 1023 1575 restituenda.
1667 1502 1670 1507 ¹

581 1618 680 1671 81.
724 1616 1115 1687 Quaecumque
1160 1616 1473 1673 simoniace
1516 1624 1652 1673 sunt
1699 1622 1929 1689 accepta
1965 1610 2310 1671 restituenda
2347 1622 2501 1678 sunt,
2531 1610 2690 1667 deest

502 1715 655 1773 enim
688 1714 901 1771 titulus.
986 1714 1196 1786 Liquet
1222 1715 1529 1791 emptionis
1560 1715 1616 1771 vi
1643 1732 1712 1771 ea
1749 1712 1978 1771 retineri
2016 1730 2132 1769 non
2171 1730 2364 1787 posse,
2394 1728 2572 1783 quum
2599 1727 2688 1765 res

502 1813 812 1890 spiritualis
856 1832 1019 1871 merx
1073 1831 1188 1871 non
1228 1814 1321 1870 sit.
1407 1813 1589 1871 Porro
1643 1830 1748 1870 nec
1799 1810 2122 1869 donationis
2162 1812 2396 1869 nomine
2445 1818 2689 1886 possunt

500 1913 751 1978 retineri,
780 1930 913 1971 nam
941 1930 1055 1969 non
1084 1921 1219 1970 sunt
1244 1912 1481 1986 gratuito
1519 1911 1666 1978 data,
1697 1909 1800 1967 sed
1843 1929 1912 1967 ea
1937 1910 2262 1969 conditione
2287 1919 2350 1967 ut
2375 1908 2689 1985 spiritualia

502 2009 924 2067 conferrentur:
972 2018 1027 2065 et
1050 2010 1447 2068 donationibus
1475 2008 1831 2086 hujusmodi,
1859 2018 2054 2085 utpote
2083 2010 2248 2067 bonis
2275 2009 2526 2071 moribus
2553 2025 2685 2064 con·

502 2108 707 2174 trariiS‚
738 2107 1105 2167 adversantur
1132 2109 1413 2173 Ecclesiae
1442 2110 1623 2185 leges·
1710 2107 2084 2166 Restituenda
2111 2118 2298 2167 autem
2327 2118 2462 2165 sunt
2485 2105 2684 2172 datori,

506 2209 619 2266 nisi
646 2208 707 2265 in
734 2207 871 2265 reali
916 2209 1164 2267 simonia
1209 2209 1281 2266 de
1326 2208 1642 2275 beneficiiS,
1691 2208 1762 2265 de
1809 2226 1922 2279 qua
1962 2208 2283 2282 specialiter
2329 2207 2590 2276 statuitur
2626 2204 2690 2260 ut

502 2306 704 2365 dentur
756 2305 1033 2374 ecclesiae,
1076 2307 1142 2365 ad
1186 2326 1355 2380 quam
1398 2308 1644 2382 pertinet
1682 2304 2080 2365 beneficium.⁵
2160 2304 2514 2383 Ingredienti
2543 2303 2686 2361 'reli-

503 2408 733 2481 gionem
762 2406 1072 2463 simoniace
1104 2406 1345 2483 pecnnia
1372 2404 1722 2463 restituenda
1765 2397 1904 2463 est.⁶
1985 2406 2099 2471 Qui
2145 2407 2448 2483 pecuniam
2497 2403 2689 2480 exegit

500 2506 573 2562 ob
601 2523 809 2562 munus
836 2524 1059 2563 sacrum
1090 2505 1245 2579 quod
1272 2506 1442 2582 gratis
1471 2487 1853 2579 praestandum
1875 2513 1980 2571 est,
2003 2524 2131 2562 eam
2157 2506 2326 2563 debet
2353 2506 2644 2562 restituere
2667 2522 2682 2557 t

506 2604 603 2675 qui
630 2613 905 2663 consueto
932 2605 1061 2680 plus
1090 2594 1281 2681 exegit
1304 2605 1610 2663 occasione
1657 2604 2004 2662 matrimonii
2052 2604 2144 2662 vel
2191 2603 2482 2681 baptismi,
2523 2602 2688 2661 debet

504 2722 809 2762 excessum
837 2703 1075 2763 reddere
1101 2705 1279 2763 danti.
1746 2707 1768 2779 ζ’
2263 2694 2268 2697 ’

582 2806 683 2861 82.
729 2804 843 2869 Qui
872 2803 1006 2861 dant
1032 2804 1122 2861 vel
1168 2804 1473 2877 accipiunt,
1501 2802 1592 2859 vel
1629 2802 1961 2889 promittunt
2001 2801 2216 2874 aliquid
2255 2822 2358 2879 pro
2399 2801 2576 2878 gratia
2603 2800 2706 2857 vel'

497 2901 717 2978 justitia
745 2901 895 2977 apud
922 2901 1117 2959 sedem
1147 2901 1542 2977 Apostolicam
1573 2899 1948 2971 assequenda,
1977 2902 2272 2959 incurrunt
2299 2902 2426 2977 ipso
2453 2902 2600 2959 facto
2627 2900 2685 2957 in

506 3001 1161 3059 excommunicationem
1192 3000 1365 3077 Papae
1396 3010 1758 3066 reservatam,
1787 3008 1845 3055 et
1868 3001 2045 3073 gratia
2071 3000 2226 3059 nulla
2252 2995 2390 3057 est.⁷

586 3102 685 3156 83.
730 3100 843 3165 Qui
892 3100 1153 3157 mentalis
1194 3100 1450 3157 simoniae
1492 3118 1624 3157 reus
1667 3107 1773 3164 est,
1817 3098 1888 3155 ad
1925 3098 2324 3161 dimittendum
2351 3098 2686 3174 beneficium

504 3215 617 3254 non
647 3206 900 3263 tenetur3
932 3198 1244 3272 Gregorius
1267 3198 1375 3254 IX.
1397 3198 1612 3274 quippe
1639 3199 1752 3255 ait:
1786 3206 1824 3233 ‘⁶
1844 3199 1938 3256 Ad
1964 3200 2403 3275 resignationem
2433 3199 2694 3275 spiritua·

458 3301 462 3312 ¹
506 3295 647 3353 lium
676 3304 734 3351 et
759 3296 1174 3370 temporalium,
1204 3314 1329 3367 quae
1357 3295 1525 3353 nullo·
1541 3305 1729 3373 pact0,
1752 3296 1856 3354 sed
1881 3296 2086 3355 affectu
2115 3299 2289 3357 animi
2319 3297 2691 3374 praecedente,

510 3395 797 3466 utrimque
824 3394 1005 3451 taliter
1031 3396 1415 3466 acquiruntur,
1446 3392 1531 3474 (in
1559 3414 1676 3469 quo
1703 3415 1839 3455 casu
1868 3395 2326 3470 delinquentibus
2353 3396 2566 3455 sufficit
2589 3415 2695 3473 per

508 3495 689 3552 solam
718 3495 1107 3570 poenitentiam
1149 3513 1254 3552 suo
1281 3493 1602 3553 satisfacere
1632 3493 1914 3573 creatori,)
1945 3514 2044 3553 eos
2086 3516 2188 3572 pro
2227 3496 2472 3555 simonia
2496 3497 2694 3573 hujus·—

512 3593 669 3653 modi
697 3610 813 3653 non
842 3588 1115 3653 teneri.”⁸
1197 3594 1495 3652 Consonat
1522 3594 1587 3651 S.
1618 3590 1934 3653 Thomas.⁹

586 3818 670 3881 (1)
719 3816 883 3875 Quam
898 3815 1005 3881 pio,
1027 3815 1059 3864 i.
1082 3832 1163 3878 qu.
1186 3815 1237 3863 ii.
1776 3817 1860 3881 (2)
1899 3819 1947 3863 2.
1971 3819 2019 3863 2.
2043 3831 2124 3878 qu.
2147 3832 2189 3865 c.
2212 3822 2298 3865 art.
2320 3816 2383 3865 vi.
2455 3816 2602 3882 Κεφ.

587 3902 672 3965 (3)
714 3899 835 3963 Cap.
879 3900 937 3950 Si
975 3901 1091 3966 quis
1130 3900 1289 3961 dator,
1322 3908 1373 3949 et
1404 3916 1509 3964 cap.
1544 3900 1630 3951 Ea
1663 3916 1790 3971 quae.
1813 3902 1846 3950 i.
1869 3918 1951 3965 qu.
1971 3901 2038 3951 n’i.
2061 3918 2166 3965 cap.
2181 3904 2270 3952 ult.
2293 3901 2353 3953 de
2375 3908 2512 3968 pact.
2537 3900 2690 3951 Conc-

516 3983 876 4032 Constantiens.
917 3984 1046 4032 Sess.
1085 3984 1205 4034 xliii.
1240 3985 1380 4034 Paul.
1426 3985 1489 4033 11.
1529 3986 1585 4033 in
1625 3975 1868 4049 extravag.
1910 3988 2046 4037 C'um
2087 3986 2380 4047 detestabile,
2419 3986 2478 4037 de
2515 3986 2695 4039 simon.

508 4067 726 4126 confirm,
750 4084 779 4115 a
800 4068 891 4115 Pio
913 4068 977 4117 V.

586 4152 670 4216 (4)
713 4150 833 4215 Cap.
855 4153 1028 4200 xxxiii.
1050 4152 1108 4203 de
1130 4152 1307 4203 simo-n.

586 4237 671 4301 (5)
711 4234 834 4298 Cap.
856 4236 923 4284 xi.
945 4236 1004 4286 de
1023 4238 1205 4289 simon.
1577 4288 1586 4294 ,
1616 4244 1700 4308 (·6)
1740 4242 1863 4306 Cap.
1886 4243 1988 4291 xix.
2011 4242 2070 4293 de
2091 4242 2275 4293 eadem.

586 4324 670 4387 (7)
710 4321 849 4370 Extr.
872 4321 930 4372 de
948 4326 1071 4372 sent.
1092 4338 1273 4373 excom.
1294 4327 1348 4375 in
1373 4328 1419 4376 6.
1440 4334 1489 4375 et
1512 4326 1660 4377 Bulla
1681 4328 1872 4375 XXIV.
1896 4328 2114 4389 Gregorii
2135 4327 2275 4375 ΧΠΙ.

587 4410 671 4473 (8)
712 4407 835 4470 Cap.
857 4407 971 4456 xlvi.
993 4406 1051 4457 de
1072 4408 1251 4475 simon.
1616 4414 1698 4478 (9)
1739 4418 1786 4461 2.
1810 4416 1856 4461 2.
1880 4430 1960 4475 qu.
1984 4430 2026 4461 c.
2049 4420 2133 4462 art.
2156 4412 2220 4461 vi.
2253 4409 2326 4463 ad
2342 4416 2557 4463 sextum.
