3117 5217
543 557 660 612 408
1392 550 1849 611 APPENDIX.

543 736 676 777 men
702 718 892 783 alicui,
921 727 983 774 ut
1007 734 1168 775 suam
1187 717 1490 794 justitiam,
1519 717 1581 775 &3
1606 718 1885 777 honorem
1914 714 2195 775 defendat.
2282 714 2365 773 Et
2388 717 2441 774 si
2474 716 2583 775 hoc
2612 734 2734 789 non

547 818 624 875 sit
650 816 964 893 probabile,
986 818 1083 875 vix
1111 816 1225 873 ulla
1249 818 1356 873 erit
1381 818 1583 893 opinio
1610 816 1921 893 probabilis
1948 817 2009 873 in
2038 814 2381 890 Theologia.

622 920 722 973 45.
766 916 918 973 Dare
947 915 1253 992 temporale
1281 932 1386 991 pro
1411 915 1691 992 spirituali
1716 934 1831 975 non
1860 922 1949 971 est
1973 914 2233 981 simonia,
2256 914 2485 985 quando
2512 922 2731 989 tempo-

543 1015 659 1073 rale
700 1034 816 1075 non
855 1014 1017 1073 datur
1053 1024 1322 1087 tanquam
1363 1016 1629 1091 pretium,
1670 1015 1774 1073 sed
1814 1014 2105 1073 dumtaxat
2140 1023 2406 1084 tanquam
2448 1015 2731 1071 motivum

545 1114 900 1181 conferendi,
929 1114 1020 1171 vel
1061 1112 1348 1172 efficiendi
1387 1114 1697 1190 spirituale,
1725 1114 1817 1171 vel
1856 1114 2027 1170 etiam
2055 1110 2283 1184 quando
2312 1112 2618 1188 temporale
2656 1114 2736 1169 sit

543 1213 728 1271 solum
757 1212 994 1289 gratuita
1019 1214 1415 1289 compensatio
1443 1230 1547 1289 pro
1574 1213 1872 1289 spirituali,
1904 1221 2001 1269 aut
2030 1230 2061 1268 e
2090 1221 2305 1269 contra.

626 1316 724 1371 46.
766 1312 847 1369 Et
873 1311 930 1369 id
973 1330 1204 1385 quoque
1241 1313 1433 1371 locum
1475 1312 1665 1379 habet,
1706 1312 1929 1369 etiamsi
1968 1311 2278 1386 temporale
2302 1310 2377 1366 sit
2415 1311 2733 1386 principale

545 1413 822 1470 motivum
851 1410 1020 1469 dandi
1049 1412 1360 1487 spirituale,
1389 1412 1508 1469 imo
1547 1412 1773 1469 etiarnsi
1796 1411 1873 1467 sit
1912 1410 2044 1467 finis
2072 1410 2257 1486 ipsius
2283 1410 2367 1466 rei
2392 1410 2729 1486 spiritualia,
2790 1466 2797 1473 ,

543 1511 628 1569 sic
654 1520 716 1569 ut
740 1510 878 1568 illud
906 1510 1084 1587 pluris
1111 1512 1439 1577 aestimetur,
1468 1528 1639 1582 quam
1665 1528 1757 1567 res
1784 1509 2115 1586 spiritualis.

624 1613 723 1669 47.
769 1608 922 1668 Cum
949 1609 1096 1667 dixit
1121 1609 1450 1689 Concilium
1478 1608 1882 1667 Tridentinum
1922 1626 2023 1666 eos
2050 1609 2253 1666 alienis
2294 1608 2543 1682 peccatis
2570 1625 2735 1664 com-

548 1709 902 1767 municantes
927 1709 1237 1766 mortaliter
1262 1726 1522 1784 peccare,
1566 1710 1663 1780 qui
1688 1710 1801 1768 nisi
1840 1724 1985 1780 quos
2012 1705 2326 1783 dignioreS,
2356 1706 2415 1762 δι
2442 1706 2730 1763 Ecclesioe

549 1809 732 1884 magis
764 1808 932 1865 utiles
959 1808 1070 1883 ipsi
1094 1807 1491 1884 judicaverint,
1533 1807 1605 1864 ad
1644 1807 1939 1866 Ecclesias
1975 1816 2352 1881 promovent:
2400 1804 2733 1863 Concilium

545 1908 638 1965 vel
666 1906 852 1981 primo
880 1905 1102 1965 videtur
1126 1926 1231 1983 per
1257 1907 1368 1965 hoc
1395 1905 1711 1982 digniore-3
1739 1925 1854 1963 non
1882 1904 2035 1963 aliud
2064 1904 2386 1981 siguificare
2413 1904 2583 1970 velle,
2614 1904 2730 1961 nisi

547 2006 874 2080 dignitatem
903 2004 1312 2079 eligendorum,
1353 2012 1582 2078 sumpto
1620 2004 2007 2080 comparativo
2048 2021 2153 2079 pro
2180 2004 2465 2078 positivo;
2510 2003 2603 2059 vel
2642 2020 2734 2059 se-

547 2102 754 2170 cundo,
770 2103 1058 2161 locutione
1080 2104 1269 2161 minus
1299 2104 1529 2179 propria
1554 2105 1717 2177 ponit
1736 2102 2048 2180 digniores
2069 2112 2131 2159 ut
2154 2101 2421 2160 excludat
2446 2100 2735 2177 indigum,

545 2222 662 2263 non
691 2221 824 2259 vero
845 2201 1086 2277 dignos;
1129 2204 1220 2261 vel
1249 2202 1474 2259 tandem
1502 2202 1755 2272 loquitur
1782 2202 1964 2269 tertio,
1994 2200 2220 2273 quando
2246 2200 2313 2257 fit
2334 2218 2672 2257 concursus.

627 2307 726 2359 48.
769 2301 918 2359 Tam
949 2302 1160 2359 clarum
1188 2301 1426 2367 videtur,
1471 2299 1900 2358 fornicationem
1942 2300 2255 2357 secundum
2300 2318 2362 2356 se
2406 2298 2621 2356 nullam
2651 2300 2735 2355 in-

546 2402 775 2459 volvere
818 2400 1113 2467 malitiam,
1144 2399 1203 2457 &
1229 2401 1414 2458 solum
1458 2416 1585 2455 esse
1626 2400 1855 2465 malam,
1886 2400 2017 2471 quia
2056 2398 2375 2466 interdicta,
2420 2410 2482 2457 ut
2507 2408 2734 2455 contra-

547 2502 696 2558 rium
723 2499 960 2557 omnino
985 2499 1190 2557 rationi
1217 2498 1514 2557 dissonum
1543 2497 1822 2556 videatur.

628 2602 727 2656 49.
772 2597 1048 2656 Mollities
1068 2598 1198 2674 jure
1237 2607 1447 2655 naturae
1487 2596 1771 2672 prohibita
1796 2616 1912 2653 non
1942 2605 2050 2653 est.
2138 2596 2311 2653 Unde
2339 2598 2388 2653 si
2417 2596 2577 2653 Deus
2607 2613 2734 2652 eam

551 2716 668 2759 non
693 2696 1101 2764 interdixisset,
1131 2715 1283 2774 saepe
1310 2707 1464 2753 esset
1487 2697 1659 2762 bona,
1681 2697 1740 2754 80
1769 2694 2075 2767 aliquando
2102 2695 2437 2772 obligatoria
2462 2696 2566 2751 sub
2586 2713 2736 2753 mor-

551 2799 670 2855 tali.
2294 2864 2296 2866 ι

633 2900 729 2953 50.
777 2894 1006 2972 Copula
1031 2916 1162 2955 cum
1189 2898 1511 2972 conjugata,
1541 2897 1933 2954 consentiente
1976 2896 2196 2962 marit0,
2241 2913 2357 2952 non
2396 2901 2483 2950 est
2520 2890 2733 2949 adulte·

551 2995 722 3060 rium,
751 2994 1008 3067 adeoque
1035 2996 1246 3053 sufficit
1271 2996 1329 3052 in
1357 2994 1719 3053 confessione
1748 2994 1956 3060 dicere,
1986 3012 2048 3050 se
2076 3012 2205 3051 esse
2233 2993 2591 3051 fornicatum.

637 3098 734 3150 51.
778 3093 1071 3160 FamuluS,
1103 3095 1199 3167 qui
1220 3094 1517 3150 submissis
1539 3094 1793 3152 humeris
1820 3094 2066 3150 scienter
2086 3092 2315 3169 adjuvat
2339 3092 2541 3149 herum
2564 3106 2732 3146 suum

553 3192 858 3249 ascendere
886 3210 989 3266 per
1013 3192 1285 3249 fenestras
1313 3191 1384 3248 ad
1403 3192 1769 3267 stuprandam
1798 3193 2078 3268 virginem
2101 3210 2116 3257 ;
2146 3190 2204 3247 ἅ
2234 3190 2517 3248 multoties
2545 3187 2735 3245 eidem

550 3289 849 3354 subservit,
874 3288 1184 3345 deferendo
1199 3288 1433 3355 scalam,
1452 3290 1762 3363 aperiendo
1774 3291 2030 3365 januam,
2055 3298 2149 3347 aut
2168 3288 2301 3360 quid
2324 3288 2509 3345 simile
2528 3304 2736 3362 coope-

554 3386 753 3454 rando,
783 3406 899 3444 non
926 3396 1122 3461 peccat
1147 3386 1472 3453 mortaliter,
1513 3390 1564 3445 si
1607 3388 1665 3447 id
1704 3388 1871 3445 faciat
1910 3397 2064 3446 metu
2092 3388 2352 3445 notabilis
2392 3386 2732 3452 detrimenti,

553 3497 689 3565 puta
713 3506 786 3545 ne
815 3507 848 3543 a
875 3485 1130 3544 Domino
1149 3486 1294 3543 male
1314 3495 1598 3555 tractetur,
1620 3505 1693 3545 ne
1714 3489 1889 3545 torvis
1916 3486 2099 3545 oculis
2120 3488 2447 3563 aspiciatur,
2470 3503 2542 3543 ne
2562 3483 2735 3541 domo

557 3586 891 3663 expellatur.

637 3690 735 3741 52.
780 3686 1136 3759 Praeceptum
1179 3683 1441 3741 servandi
1482 3685 1625 3742 festa
1664 3703 1780 3743 non
1820 3684 2033 3759 obligat
2070 3684 2174 3741 sub
2211 3682 2453 3751 mortali,
2482 3681 2739 3757 seposito

559 3783 850 3851 scandalo,
879 3784 930 3840 si
955 3784 1098 3859 absi-t
1123 3792 1465 3841 contemtuS.
2280 3856 2287 3864 ἢ

637 3888 734 3941 53.
777 3882 1064 3940 Satisfacit
1091 3892 1371 3958 praecepto
1399 3882 1679 3940 Ecclesiae
1707 3880 2087 3940 deaudiendo
2106 3898 2290 3946 sacre,
2316 3881 2413 3952 qui
2440 3878 2581 3936 duas
2608 3878 2739 3954 ejus

560 3992 772 4060 partes,
797 3984 917 4040 imo
947 3990 1186 4053 quatuor
1212 3982 1383 4038 simul
1411 4001 1443 4037 a
1468 3980 1709 4037 diversis
1740 3981 2153 4039 celebrantibus
2182 3978 2353 4037 audit.

540 4070 552 4080 ’
637 4085 736 4138 54.
780 4083 894 4147 Qui
921 4098 1037 4139 non
1071 4089 1253 4157 potest
1278 4080 1528 4137 recitare
1556 4080 1925 4146 Matutinum,
1954 4080 2011 4137 ἀ
2038 4078 2289 4145 Laudes,
2319 4085 2511 4154 potest
2544 4084 2737 4133 autem

557 4181 804 4253 reliquas
836 4180 1048 4247 Horas,
1077 4178 1146 4235 ad
1175 4178 1320 4237 nihil
1359 4188 1601 4247 tenetur,
1643 4180 1775 4251 quia
1812 4178 1997 4254 major
2020 4197 2151 4255 pars
2178 4177 2343 4235 trahit
2368 4174 2439 4235 ad
2464 4192 2529 4232 se
2555 4174 2743 4231 mino-

561 4298 702 4337 rem.

641 4383 740 4453 55.
785 4378 1082 4452 Praecepto
1111 4372 1558 4454 Communionis
1580 4394 1779 4433 annuae
1806 4375 2010 4434 satisfit
2029 4392 2131 4452 per
2148 4373 2481 4449 sacrilegam
2502 4370 2748 4429 Domini

503 4518 510 4523 -
565 4477 1112 4535 manducationem*
