3117 5217
1251 549 1364 608 DE
1407 548 1792 609 DOMINIS.
2538 555 2617 611 43

435 717 652 775 ficiatur
678 719 898 796 integro
925 718 1126 778 saltem
1150 738 1308 782 anno
1334 728 1464 793 vante
1491 728 1756 787 mortem,
1798 729 1856 778 et
1892 736 2061 777 suum
2090 718 2323 795 plenum
2352 720 2615 781 effectum

433 816 622 873 statim
647 828 1026 891 consequatur
1043 814 1094 876 :²
1131 837 1256 892 quae
1287 819 1380 876 lex
1407 819 1476 875 ab
1504 820 1708 896 Anglis
1734 818 2033 895 desumpta
2049 814 2333 876 -videtur.²

514 918 614 971 30.
657 916 822 974 Bona
859 917 1240 975 ecclesiastiea
1278 917 1436 975 nullo
1474 917 1593 975 sere
1632 916 1880 994 gaudent
1918 916 2239 993 privileg-io.
2323 918 2391 975 In
2428 918 2619 977 Penn-

436 1012 698 1085 sylvauia
722 1023 912 1073 tamen
937 1016 1198 1073 eeclesiae
1224 1034 1446 1083 omnes,
1488 1024 1545 1073 et
1586 1016 1713 1074 loca
1740 1015 2072 1092 adjacentia,
2100 1016 2251 1073 sieut
2276 1024 2333 1073 et
2356 1016 2619 1093 collegia,

429 1100 762 1181 ‘eitimuntur
786 1114 914 1191 lege
941 1134 974 1171 a
1000 1114 1240 1173 tributis.

513 1215 612 1268 31.
657 1211 799 1277 Quae
826 1211 1189 1289 possidentur
1213 1230 1288 1269 ex
1313 1212 1462 1288 legis
1487 1213 1779 1271 sanctione
1804 1214 1861 1270 vi
1897 1212 2101 1272 chnrtoe
2128 1214 2383 1271 securius
2410 1212 2623 1271 haben-

435 1316 542 1375 tur,
571 1310 830 1381 quamvis
879 1330 1006 1383 quae
1047 1311 1106 1369 in
1133 1309 1643 1369 fideicommissum
1682 1310 1809 1367 data
1848 1320 2001 1377 sunt,
2028 1310 2251 1369 valeant
2276 1313 2336 1369 in
2362 1312 2615 1370 Statibus

433 1404 496 1463 in
523 1408 728 1479 quibus
766 1408 862 1467 lex
901 1427 1019 1467 non
1057 1409 1260 1467 obstat.
1344 1408 1488 1475 Quae
1529 1410 1805 1485 episeopo
1844 1409 2075 1467 alterive
2115 1409 2174 1467 in
2214 1411 2616 1485 proprietatem

437 1514 578 1563 sunt
601 1504 816 1574 tradita,
845 1526 916 1565 eo
957 1500 1143 1565 tamen
1185 1508 1428 1565 consilio
1467 1516 1530 1565 ut
1572 1508 1631 1565 in
1668 1505 1923 1566 fidelium
1962 1507 2261 1565 utilitatem
2306 1518 2617 1577 serventur,

435 1604 702 1678 plurimis
743 1605 988 1663 obnoxia
1027 1616 1160 1665 sunt
1198 1604 1488 1681 perieulis,
1530 1623 1709 1678 quum
1748 1624 1857 1663 aere
1898 1605 2082 1663 alieno
2120 1607 2339 1682 gravari
2373 1608 2619 1683 possint,

435 1701 528 1758 vel
557 1711 894 1761 testamento
921 1704 1074 1762 haud
1099 1704 1204 1761 rite
1230 1703 1494 1763 confecto
1531 1704 1591 1763 in
1632 1703 1871 1762 aliorum
1910 1721 2113 1762 manus
2160 1706 2416 1763 transire.
2502 1704 2623 1783 op·

436 1799 668 1857 tandum
695 1800 838 1860 soret
862 1813 928 1861 ut
951 1804 1012 1861 in
1039 1802 1279 1878 siugulis
1307 1802 1558 1861 Statibus
1584 1802 1681 1860 lex
1720 1803 2131 1879 impetraretur,
2172 1822 2287 1875 qua
2310 1789 2621 1881 episeopus

436 1910 631 1973 posset
655 1900 928 1958 ecelesias
969 1910 1026 1959 et
1062 1900 1416 1977 presbyteria
1440 1902 1498 1958 in
1537 1919 1677 1959 usus
1703 1901 1965 1977 publicos
2004 1902 2335 1977 possidere;
2376 1902 2531 1975 quod
2556 1904 2617 1961 in

439 1996 800 2073 Marylandia
815 1999 940 2075 jam
967 2009 1056 2057 est
1079 2016 1440 2057 eoncessum.
1526 1998 1816 2058 Caeterum
1849 2000 2193 2077 ubicumque
2233 2000 2423 2059 aeditui
2462 2012 2615 2070 sunt,

435 2112 536 2153 eos
563 2098 898 2156 meminisse
925 2107 1146 2175 oportet
1181 2098 1328 2155 bona
1353 2098 1737 2156 ecelesiastica
1776 2097 1889 2155 Dei
1928 2098 2353 2173 quodamodo
2380 2119 2533 2168 esse,
2562 2111 2621 2158 et

442 2194 520 2251 ita
558 2176 1018 2265 administranda,
1073 2206 1136 2255 ut
1169 2197 1348 2255 cultui
1387 2194 1783 2272 provideatur,
1808 2206 1867 2255 et
1902 2216 2192 2256 sacrorum
2234 2200 2625 2257 ministrorum

437 2292 658 2352 decenti
683 2296 1096 2354 sustentationi.
1183 2294 1448 2353 Profecto
1474 2295 1675 2354 fideles
1702 2295 1869 2353 decet
1898 2294 2049 2354 haud
2068 2295 2141 2353 ⁷se
2169 2298 2415 2373 negotiis
2442 2297 2625 2355 eoele-

439 2392 682 2450 siastieis
727 2394 1068 2462 immiscere,
1115 2394 1220 2451 sed
1265 2412 1428 2451 suam
1472 2404 1738 2470 praestare
1784 2412 2019 2471 operam
2062 2404 2128 2453 ut
2172 2395 2452 2455 Ecclesiae
2490 2398 2625 2474 jura

441 2490 620 2547 illaesa
643 2492 775 2548 sint.
858 2491 1028 2560 Quod
1053 2494 1104 2551 si
1131 2492 1202 2550 ad
1230 2492 1447 2550 alienos
1468 2510 1607 2549 usus
1632 2493 1783 2552 bona
1808 2493 2195 2552 ecclesiastiea
2220 2493 2621 2559 distrahantur,

442 2590 505 2649 in
540 2608 740 2665 poenas
781 2609 814 2647 a
853 2590 1194 2649 Tridentino
1234 2591 1479 2649 coneilio
1519 2590 1682 2658 latas,
1712 2608 1856 2663 quas
1902 2591 2285 2668 promulgavit
2320 2592 2625 2650 concilium

439 2690 689 2765 primum
718 2687 1155 2757 Baltimorense,
1186 2688 1446 2748 incidunt
1483 2689 1621 2747 tanti
1662 2688 1916 2747 criminis
1954 2689 2059 2756 rei,
2102 2698 2162 2745 et
2203 2687 2271 2746 ad
2310 2687 2625 2766 reparanda

443 2787 648 2845 damna
677 2796 956 2846 tenentur.

519 2890 617 2946 32.
663 2885 754 2945 De
775 2885 1032 2945 dominio
1058 2888 1395 2945 elericorum
1421 2886 1480 2943 in
1507 2886 1657 2945 bona
1681 2904 1809 2959 quoe
1836 2886 1919 2943 eis
1946 2886 2284 2962 contingunt
2301 2886 2448 2944 inter
2466 2885 2624 2943 theo-

443 2984 606 3061 logos
633 2985 926 3057 quaeritur.
1011 2983 1370 3043 elericorum
1408 2985 1558 3042 bona
1590 2983 2062 3061 patrimonialia
2088 2994 2225 3043 sunt
2248 3003 2373 3057 quae
2406 3005 2439 3043 a
2468 2994 2627 3062 patre

439 3084 547 3141 sibi
574 3093 958 3160 provenerunt
981 3081 1322 3142 haereditatis
1349 3084 1602 3151 nomine,
1631 3084 1721 3142 vel
1760 3084 1870 3143 alia
1908 3100 2283 3157 quaecumque
2310 3083 2469 3141 titulo
2494 3102 2623 3159 pro·

440 3182 595 3241 fano·
681 3168 960 3242 Dominio
988 3182 1160 3257 pleno
1201 3200 1400 3241 eorum
1428 3181 1695 3258 gaudent,
1725 3202 1903 3257 quum
1931 3201 2094 3241 sacer
2118 3180 2326 3259 gradus
2344 3182 2443 3259 jus
2470 3182 2627 3255 quod

439 3280 653 3340 habent
671 3301 786 3341 non
813 3282 987 3341 tollat.
1049 3280 1242 3351 Quasi
1261 3279 1746 3359 patrimonialia,
1772 3301 1877 3361 seu
1902 3279 2322 3348 industrialia,
2351 3280 2629 3341 habentur

442 3398 570 3453 quoe
599 3382 896 3453 acquirunt
919 3400 995 3439 ex
1034 3380 1420 3439 functionibus
1447 3382 1869 3440 ecclesiasticis.
1957 3365 2103 3439 Haee
2130 3382 2301 3439 etiam
2328 3398 2433 3455 pro
2461 3398 2627 3453 aequo

441 3498 550 3538 suo
576 3480 806 3538 arbitrio
832 3479 1258 3557 impenduntur.
1342 3478 1831 3540 Parcimonialia
1857 3480 2121 3539 dicuntur
2146 3496 2273 3553 quae
2298 3496 2376 3535 ex
2400 3477 2629 3535 redditi-

439 3580 548 3637 bus
599 3579 1006 3637 ecelesiasticis
1057 3589 1282 3637 servant
1331 3580 1554 3656 parcius
1615 3580 1861 3657 vivendo
1885 3597 1900 3635 ε
1959 3597 2087 3651 quae
2148 3573 2387 3653 proinde
2440 3573 2628 3632 eidem

442 3678 676 3736 arbitrio
702 3679 1012 3755 subjacent.
1097 3677 1189 3735 De
1228 3677 1401 3737 bonis
1439 3696 1601 3737 mere
1639 3675 2079 3743 ecelesiastici-3,
2111 3673 2385 3731 fructibus
2412 3671 2633 3730 seilicet

441 3776 876 3845 beneficiorum,
913 3778 1365 3844 controvertitur,
1411 3788 1601 3835 utrum
1644 3794 1845 3833 eorum
1872 3773 2215 3839 dominium,
2245 3770 2339 3828 vel
2364 3769 2631 3830 adminis-

443 3878 608 3934 tratio
629 3886 845 3935 tantum
874 3893 1052 3952 penes
1079 3895 1180 3935 eos
1209 3878 1304 3933 sit.
1348 3875 1629 3942 Quamvis
1652 3882 1839 3931 autem
1864 3871 2029 3929 variae
2074 3872 2189 3929 sint
2232 3870 2627 3947 theologorum

443 3974 514 4033 de
543 3994 612 4033 ea
637 3976 950 4047 quaestione
997 3964 1316 4041 sententiae,
1359 3981 1400 4009 ‘⁶
1417 3982 1635 4031 eertum
1677 3982 1784 4039 est,
1815 3970 1969 4044 quod
1995 3970 2339 4030 beneficiarii
2364 3978 2629 4027 tenentur

444 4074 550 4131 sub
576 4075 797 4133 mortali
822 4074 1074 4133 redditus
1099 4072 1420 4149 superfluos
1447 4090 1567 4131 suae
1592 4071 1991 4131 sustentationi
2016 4071 2076 4129 in
2100 4088 2239 4127 usus
2266 4070 2417 4147 pios,
2448 4078 2544 4127 aut
2568 4069 2629 4126 in

853 4289 938 4353 (l)
977 4286 1124 4335 Laws
1145 4286 1204 4337 of
1228 4284 1494 4345 Delaware,
1516 4292 1605 4335 art.
1631 4283 1891 4351 [relig-ioue
1916 4282 2157 4335 Societas.

854 4376 939 4439 (2)
979 4374 1009 4421 9
1035 4372 1156 4423 Geo.
1176 4372 1226 4423 ii.
1243 4388 1286 4424 c.
1309 4374 1392 4421 36.
1413 4371 1492 4421 cit.
1517 4387 1548 4420 a
1570 4370 1877 4429 Blackstone,
1900 4371 1931 4419 l.
1953 4369 2003 4419 ii.
2024 4385 2075 4419 n.
2098 4369 2215 4417 274.
