3117 5217
1186 536 1308 595 DE
1353 534 1797 595 CENSURIS.
2471 536 2583 590 361

409 698 514 754 bus
543 700 884 775 specialibus
913 718 1028 761 non
1071 709 1374 757 censentur
1411 702 1454 756 a'
1484 690 1800 775 plerisque¹
1837 698 2020 773 ligari,
2052 698 2163 755 nisi
2197 704 2473 769 quatenus
2500 715 2588 755 or·

409 794 560 854 dinis
599 800 880 875 generalis
920 800 1171 857 intersit:
1215 808 1454 874 peccant
1491 808 1701 867 autem,
1748 806 1809 855 et
1842 798 2101 855 censuris
2146 816 2209 855 se
2236 797 2509 864 irretiunt,
2540 797 2590 852 si

410 894 570 971 leges
610 898 843 966 violent,
887 917 1014 970 quae
1060 898 1399 956 territorium
1445 907 1721 973 spectant.
1807 896 1907 953 Sic
1948 897 2199 955 furantes
2242 891 2304 951 in
2348 895 2592 953 ecclesia

409 998 1060 1055 excommunicationem
1077 997 1434 1064 contrahunt,
1456 1016 1583 1068 quae
1610 1016 1642 1053 a
1666 1004 1877 1053 statuto
1904 995 2227 1053 dioecesano
2254 994 2336 1051 illi
2364 994 2589 1051 crimini

412 1088 774 1153 adnectitur.²
854 1096 1048 1163 Quum
1075 1114 1207 1154 reus
1235 1097 1500 1153 sortiatur
1519 1096 1706 1153 forum
1734 1095 1949 1167 ratione
1978 1094 2187 1162 delicti,
2218 1093 2287 1150 ab
2312 1094 2589 1169 episcopo

409 1193 524 1251 loci
563 1192 896 1268 plectendus
924 1202 1028 1251 est.
1113 1194 1285 1260 Quod
1325 1195 1683 1281 sijsententia
1723 1194 1864 1251 ferat
1890 1194 2257 1251 amissionem
2299 1192 2583 1259 beneficii,

414 1290 568 1362 quod
595 1293 727 1350 alibi
767 1292 1044 1369 possidet,
1089 1294 1214 1371 ejus
1257 1296 1520 1351 executio
1561 1292 1633 1350 ad
1674 1294 2007 1367 episcopum
2048 1294 2109 1350 in
2151 1292 2316 1367 cujus
2358 1290 2595 1349 dioecesi

412 1391 582 1447 situm
613 1402 718 1458 est,
743 1390 1041 1449 referenda
1067 1393 1204 1449 erit:
1248 1394 1620 1469 interrogatus
1662 1392 1815 1449 enim
1856 1392 2225 1451 Innocentius
2269 1390 2377 1448 ΙΙΙ.
2408 1389 2478 1447 de
2506 1409 2593 1447 sa-

414 1488 638 1547 cerdote
663 1491 1004 1547 beneficium
1036 1491 1095 1547 in
1122 1491 1231 1558 alia
1257 1490 1513 1559 dioecesi,
1543 1491 1894 1549 domicilium
1938 1491 1996 1547 in
2024 1490 2151 1557 alia,
2195 1491 2253 1546 in
2300 1508 2415 1561 qua
2454 1488 2593 1546 deli-

419 1588 558 1660 quit,
587 1587 848 1657 habente,
889 1599 1074 1647 utrum
1117 1567 1176 1647 in
1217 1590 1324 1647 hac
1355 1580 1856 1665 judicari'posset,
1900 1597 1938 1624 ‘⁶
1962 1589 2274 1665 praesertim
2305 1588 2363 1645 in
2404 1590 2595 1645 causis
2672 1615 2681 1626 ’

417 1706 540 1759 quae
588 1687 764 1745 officii
816 1689 925 1756 sui,
955 1708 1054 1746 seu
1109 1672 1375 1746 beneficii
1417 1690 1793 1766 privationem
1842 1687 2227 1764 exposcuntss'
2275 1686 2590 1762 respondit,

421 1795 458 1820 ‘⁶
483 1784 637 1856 quod
665 1805 768 1862 per
781 1787 1148 1863 episcopum,
1179 1788 1236 1843 in
1278 1790 1440 1864 cujus
1482 1787 1714 1861 dioecesi
1754 1779 2029 1859 deliquit,'
2044 1772 2322 1845 sententia
2348 1786 2599 1860 promul-

413 1885 532 1961 gari
583 1886 788 1959 poterit
833 1886 889 1942 in
943 1885 1224 1943 eundem:
1269 1886 1372 1942 sed
1414 1888 1480 1943 ab
1519 1906 1610 1952 eo,
1656 1888 1715 1943 in
1754 1887 1917 1961 cujus
1971 1886 2203 1947 dioecesi
2246 1885 2587 1943 beneficium

413 1984 647 2050 obtinet,
675 1984 782 2041 erit
806 1984 992 2056 quoad
1021 1984 1162 2041 illud
1202 1987 1466 2042 executio
1508 1980 1865 2042 facienda.''³
1946 1985 2010 2041 Si
2041 2004 2169 2043 reus
2197 1985 2403 2042 exierit
2429 2004 2461 2041 a
2490 1994 2595 2041 ter·

413 2082 606 2139 ritorio
635 2092 762 2138 ante
789 2083 1135 2149 citationem,
1165 2084 1364 2154 nequit
1382 2084 1686 2159 episcopus
1706 2085 1817 2140 loci
1840 2102 2136 2141 censuram
2168 2086 2225 2141 in
2255 2102 2385 2141 eum
2410 2084 2591 2140 ferre:

417 2198 604 2247 secus,
633 2181 686 2237 si
710 2181 908 2237 citatus
937 2180 1140 2248 fucrit3
1186 2182 1514 2239 inchoatum
1553 2183 1707 2239 enim
1739 2182 2023 2259 judicium
2066 2182 2133 2237 ad
2175 2183 2349 2238 finem
2391 2182 2597 2256 perdu-

416 2278 659 2337 cendum
689 2275 826 2335 est.⁴
906 2278 1188 2356 Episcopi
1227 2280 1338 2347 alii,
1381 2281 1498 2338 imo
1537 2280 2042 2357 ArchiepiscopuS,
2073 2280 2129 2336 in
2158 2281 2356 2355 alienis
2386 2279 2592 2340 dioece-

419 2379 596 2445 sibus,
627 2377 1020 2450 delinquentes
1065 2388 1306 2455 possunt
1344 2381 1414 2436 ab
1451 2378 1738 2437 ordinario
1778 2382 2032 2437 censuris
2075 2379 2244 2446 affici,
2287 2393 2343 2437 et
2368 2399 2600 2437 excom-

419 2477 730 2543 municari3
759 2478 976 2535 ratione
1003 2484 1154 2535 enim
1183 2477 1370 2534 delicti
1398 2478 1672 2553 episcopo
1699 2478 1811 2535 loci
1839 2480 2163 2554 subjacent:
2193 2479 2362 2535 refert
2381 2480 2598 2555 quippe

419 2576 652 2648 quidam
683 2575 1119 2635 declarationem
1148 2576 1211 2633 S.
1243 2575 1719 2652 congregationis
1750 2575 2002 2634 Concilii
2044 2586 2081 2611 ‘⁴
2106 2576 2259 2647 quod
2287 2578 2597 2652 episcopus

367 2672 374 2677 ’
419 2676 586 2733 etiam
618 2674 1112 2751 archiepiscopum
1139 2694 1304 2732 suum
1334 2675 1392 2732 in
1421 2674 1655 2732 dioecesi
1684 2676 1937 2751 episcopi
1966 2675 2386 2747 delinquentem
2416 2677 2597 2751 possit

426 2770 1025 2832 excommunicare.”⁵
1055 2840 1060 2845 ⁶

497 2877 595 2930 36.
640 2871 1040 2931 Communitas
1067 2873 1406 2945 delinquens
1444 2874 1925 2931 excommunicari
1967 2873 2163 2945 nequit
2189 2874 2301 2931 nisi
2330 2894 2362 2930 a
2398 2874 2594 2932 Ponti·

423 2972 552 3040 fiee,
608 2974 869 3043 quamvis
924 2973 1105 3029 valeat
1151 2974 1687 3040 excommunicatiO,
1718 2974 1765 3029 si
1819 2973 2149 3048 proferatur.
2237 2973 2380 3031 “Ut
2428 2973 2611 3039 etiam,

421 3071 578 3131 licite
605 3072 916 3147 'episcopus
944 3073 1192 3144 aliquam
1221 3074 1687 3131 communitatem
1716 3072 2194 3137 excommunicet,
2224 3070 2387 3128 debet
2412 3074 2603 3147 singu-

424 3170 510 3229 los
539 3170 794 3247 culpatos
821 3172 1156 3229 nominatim
1199 3164 1798 3251 excommunicare.”⁶
1879 3170 2005 3227 “In
2046 3172 2468 3228 universitatem
2511 3172 2603 3229 vel

422 3270 730 3346 collegium
773 3271 1011 3346 proferri
1048 3272 1660 3329 excommunicationis
1701 3271 2037 3328 sententiam
2070 3271 2296 3346 penitus
2338 3270 2603 3347 prohibe·

428 3368 622 3438 mUS,”
672 3369 853 3441 inquit
883 3370 1248 3428 Innocentius
1293 3370 1400 3427 IV.
1444 3371 1754 3427 “volentes
1803 3370 2115 3426 animarum
2164 3370 2481 3444 periculum
2525 3371 2628 3442 vi-¹

427 3479 562 3536 tare,
605 3468 756 3541 quod
794 3470 1012 3525 exinde·
1040 3470 1201 3539 sequi
1238 3478 1454 3542 posset,
1503 3464 1632 3523 ”cum
1673 3485 2082 3537 nonnunquam
2124 3469 2479 3542 contingeret
2517 3469 2600 3524 in·

427 3558 634 3626 noxios
662 3566 992 3641 hujusmodi
1012 3566 1292 3622 sententia
1318 3566 1551 3623 irretiri:
1584 3565 1685 3622 sed
1713 3567 1772 3622 in
1800 3565 1928 3621 illos
1956 3564 2243 3632 duntaxat,
2268 3565 2337 3621 de
2364 3566 2605 3642 collegio

425 3667 518 3723 vel
555 3664 938 3732 universitate,
981 3682 1125 3737 quos
1180 3650 1490 3738 culpabiles
1530 3682 1658 3720 esse
1698 3664 2033 3747 constiterit,
2078 3658 2606 3740 promulgenmr.’'⁷

430 3764 533 3823 Nil
561 3764 730 3839 igitur
757 3773 906 3821 vetat
931 3762 1263 3821 aedituorum
1304 3774 1531 3831 coetum,
1559 3762 1801 3839 singulis
1843 3763 2170 3830 nominatis,
2212 3765 2604 3821 excommuni-

429 3866 564 3931 cari,
585 3864 635 3919 si
655 3862 786 3939 jura
812 3862 1077 3920 Ecclesia
1101 3862 1579 3920 conculcaverint.
1764 3854 1775 3859 ’
2174 3920 2189 3927 ἢ

509 3968 605 4021 37.
637 3962 888 4019 Irretitus
915 3980 1028 4018 una
1053 3980 1291 4018 censura
1311 3970 1496 4036 potest
1520 3970 1577 4017 et
1596 3960 1761 4018 aliam
1790 3960 2143 4029 contrahere,
2164 3961 2333 4018 etiam
2353 3962 2425 4019 ob
2447 3962 2603 4021 idern

429 4063 666 4129 crimen,
689 4062 738 4119 si
757 4059 1008 4151 videatur
1029 4060 1297 4118 Pontifici
1319 4080 1468 4117 nova
1493 4060 1737 4136 plectere
1760 4079 1948 4136 poena,
1973 4079 2143 4131 quem
2166 4052 2607 4139 episcopusjam

501 4222 525 4286 (
533 4222 580 4280 1)
617 4218 744 4267 Vide
765 4217 1044 4282 Laymann,
1063 4217 1121 4267 de
1143 4218 1378 4273 censuris,
1401 4218 1433 4265 1.
1457 4218 1488 4266 i.
1511 4224 1645 4266 tract.
1668 4200 1715 4265 ν.
1736 4233 1780 4267 c.
1802 4217 1865 4266 iv.
1886 4233 1937 4265 n.
1962 4220 2009 4267 5.

501 4306 585 4370 (2)
625 4302 678 4350 S.
702 4302 850 4365 Alph.
871 4300 906 4351 1.
927 4302 1008 4350 vii.
1031 4318 1082 4351 n.
1102 4306 1184 4351 27.
1523 4304 1605 4367 (3)
1643 4301 1767 4365 Cap.
1788 4300 2053 4369 iV.deforo
2072 4306 2276 4368 compet.

503 4389 587 4454 (4)
627 4386 682 4434 S.
703 4384 852 4449 Alph.
877 4388 909 4435 l.
931 4386 1014 4435 vii.
1037 4404 1090 4435 n.
1105 4389 1190 4435 26.
1527 4387 1611 4453 (5)
1652 4386 1850 4435 Ibidem.

506 4475 591 4537 (6)
630 4472 829 4531 Ibidem,
852 4487 902 4520 n.
929 4474 1008 4519 19.
1117 4508 1126 4515 .
1524 4476 1605 4537 (7)
1648 4472 1771 4536 Cap.
1795 4473 2032 4531 Romana,
2054 4471 2113 4521 de
2134 4474 2259 4519 sent.
2278 4482 2461 4519 excom.
2484 4468 2538 4518 in
2562 4471 2611 4519 6.

590 4568 744 4626 Vor„
787 4567 1032 4626 11.—32
