3117 5217
502 553 620 608 142
1021 549 1135 609 DE
1180 547 1762 610 CONTRAOTUS
1805 547 2176 609 NATURA.

494 719 807 778 declaratur
830 720 1073 786 irritum,
1100 719 1508 798 obligationem
1526 718 1841 778 naturalem
1861 719 2010 794 parit
2035 727 2094 776 et
2107 718 2248 796 ligat
2259 715 2687 783 conscientiam,

492 820 599 876 etsi
626 819 685 876 in
707 819 831 877 foro
858 829 1093 878 externo
1120 837 1238 876 non
1264 817 1425 878 detur
1464 819 1634 877 actio.
1722 817 1790 874 si
1829 817 1982 876 nuda
2007 825 2174 895 pacta
2210 816 2506 875 firmentur
2534 817 2687 892 jura·

494 927 711 986 mento,
731 918 829 994 jus
856 917 1044 985 civile,
1064 916 1261 994 judice
1288 918 1514 986 Lessio,
1542 936 1663 975 non
1689 916 1932 975 intendit
1950 935 2018 974 ea
2037 918 2276 983 irritare,
2299 913 2402 972 sed
2423 915 2695 986 relinquit

497 1017 559 1072 in
584 1035 690 1074 suo
717 1017 911 1092 vigore
957 1035 1129 1088 quem
1157 1015 1387 1084 habent,
1417 1017 1660 1094 praeciso
1691 1016 1824 1092 jure
1864 1017 2140 1092 positivo.
2226 1013 2570 1072 Contractus
2609 1010 2692 1068 illi

496 1133 643 1186 quos
661 1116 759 1191 jus
788 1114 1034 1174 declarat
1059 1115 1245 1173 irritos
1274 1125 1561 1189 tamquam
1585 1114 1752 1172 bonis
1781 1115 2056 1183 moribus,
2083 1113 2176 1172 vel
2201 1113 2444 1189 publicae
2469 1110 2689 1169 utilitati

496 1224 900 1290 repugnantes,
948 1213 1161 1272 nullam
1209 1214 1467 1272 obtinent
1502 1215 1622 1272 vim
1667 1213 1840 1271 etiam
1885 1214 1947 1270 in
1983 1213 2369 1271 conscientia:
2455 1219 2494 1246 “
2515 1209 2691 1266 Pacta

498 1329 625 1382 quae
666 1321 859 1370 contra
896 1313 1075 1390 leges,
1106 1314 1682 1385 constitutionesque,
1711 1311 1803 1369 vel
1843 1319 2040 1369 contra
2076 1313 2258 1370 bonos
2299 1328 2488 1369 mores
2527 1308 2688 1373 fiunt,

497 1409 713 1469 nullam
737 1413 851 1469 vim
881 1412 1089 1469 habere
1119 1411 1417 1469 indubitati
1435 1411 1584 1488 juris
1613 1405 1797 1468 est.”¹
1881 1409 2040 1468 Hinc
2068 1409 2272 1486 pupilli
2297 1427 2416 1468 non
2440 1408 2693 1482 obligan-

498 1517 587 1566 tur
625 1511 1003 1568 contractibus
1042 1510 1249 1582 quibus
1290 1528 1395 1568 sua
1432 1509 1715 1586 dissipant
1737 1509 1886 1566 bona
1912 1510 1974 1568 in
2010 1508 2159 1586 legis
2202 1508 2478 1574 fraudem,
2507 1517 2566 1563 et
2599 1505 2690 1562 sui

499 1606 919 1667 detrimentum.
1005 1607 1349 1688 Contractus
1388 1609 1486 1666 alii
1516 1627 1760 1680 quorum
1791 1608 1878 1666 vis
1920 1608 1980 1665 in
2021 1607 2392 1666 tribunalibus
2431 1604 2690 1663 civilibus

499 1724 617 1763 non
644 1709 967 1782 agnoscitur
991 1708 1063 1766 ob
1090 1707 1459 1780 quarumdem
1488 1707 1912 1765 solemnitatum
1931 1705 2238 1773 defectum,
2263 1707 2313 1763 si
2333 1705 2476 1762 absit
2499 1703 2687 1761 omnis

498 1804 671 1872 fraus,
700 1806 817 1866 vim
844 1808 903 1865 in
942 1807 1289 1864 conscientia
1326 1807 1602 1873 obtinent,
1636 1806 1808 1882 juxta
1844 1805 2098 1882 plurium
2136 1805 2529 1880 theologorum
2563 1819 2692 1858 sen-

500 1899 785 1970 tentiam,2
810 1905 935 1962 aliis
955 1905 1487 1962 contradicentibus.
1573 1904 1638 1962 S.
1668 1903 2026 1980 Alphonsus‚
2049 1905 2141 1962 cui
2169 1903 2531 1968 assentimur,
2559 1919 2692 1977 pos-

497 2004 713 2058 sessori
742 2002 1044 2061 favendum
1072 2005 1369 2080 opinatur:
1400 2012 1747 2078 quapropter
1773 2003 1824 2060 si
1851 2002 2034 2061 haeres
2062 2003 2209 2062 nolit
2233 2001 2456 2059 solvere
2477 2018 2548 2057 ea
2566 2017 2690 2072 quae

502 2109 836 2159 testamento
882 2102 1133 2161 invalido
1176 2111 1309 2160 sunt
1344 2103 1551 2178 legata,
1595 2120 1730 2160 eum
1777 2102 1930 2160 haud
1971 2101 2333 2168 damnamus,
2377 2118 2553 2172 quum
2592 2099 2692 2176 jus

502 2197 669 2256 civile
696 2200 749 2256 ei
778 2200 992 2258 faveat:
1022 2201 1074 2258 si
1100 2201 1405 2278 legatarius
1430 2202 1684 2276 legatum
1723 2201 1832 2258 sibi
1871 2212 2080 2268 sumat,
2109 2219 2239 2260 eum
2281 2199 2354 2258 ad
2394 2199 2692 2257 restituen-

500 2297 643 2353 dum
664 2317 784 2390 pon
810 2318 1115 2358 censemus
1142 2300 1375 2376 obligari
1398 2320 1412 2356 ε
1446 2308 1485 2335 “
1504 2301 1705 2374 procul
1733 2309 1921 2358 tamen
1942 2298 2136 2367 dubio,
2157 2307 2378 2356 tenetur
2392 2314 2693 2374 possessor

502 2405 651 2452 stare
676 2398 968 2455 sententiae
1000 2398 1213 2474 judicis
1254 2400 1304 2455 si
1330 2397 1628 2457 damnetur
1671 2397 1742 2455 ad
1767 2392 2275 2456 restituendum.”³
2355 2397 2556 2472 Ipsum
2589 2397 2688 2471 jus

500 2493 667 2551 civile
694 2496 999 2558 nonnullos
1038 2497 1275 2556 effectus
1317 2507 1706 2555 contractuum
1747 2498 1954 2569 quibus
1994 2499 2082 2562 vis
2123 2496 2392 2554 naturalis
2419 2496 2569 2554 inest
2595 2512 2689 2570 ag-

484 2593 704 2661 noscit,
724 2595 879 2670 quod
904 2596 1125 2654 scilicet
1152 2597 1334 2672 possit
1359 2595 1604 2654 creditor
1628 2613 1750 2653 rem
1777 2596 1890 2655 sibi
1917 2595 2188 2664 debitam,
2217 2595 2268 2654 si
2293 2595 2480 2653 oblata
2505 2593 2691 2660 fuerit,

506 2691 785 2769 accipere,
814 2713 1001 2768 neque
1028 2713 1155 2753 eam
1182 2681 1453 2770 deinceps
1480 2694 1718 2752 reddere
1747 2692 2049 2754 teneatur.⁴

592 2795 684 2850 14.
729 2793 795 2850 Si
828 2793 1216 2869 juramentum
1256 2793 1561 2850 accesserit
1594 2801 1760 2869 pacto
1802 2792 2072 2861 invalido,
2101 2790 2442 2849 servandum
2483 2790 2589 2847 erit
2621 2789 2696 2847 ob

508 2888 686 2946 divini
714 2891 961 2948 nominis
988 2892 1383 2957 reverentiam,
1412 2891 1523 2947 nisi
1550 2898 1871 2966 peccatum,
1900 2891 1992 2948 vel
2017 2890 2244 2948 alterius
2285 2889 2576 2955 damnum,
2605 2887 2696 2944 vel

504 2987 785 3045 bonorum
816 3007 1039 3047 morum
1068 2989 1289 3047 eversio
1316 2987 1449 3047 inde
1476 2989 1718 3046 oriatur:
1764 2997 1804 3025 ‘⁶
1823 3008 1940 3048 non
1965 3001 2052 3046 est
2077 2989 2477 3065 obligatorium
2502 2997 2696 3043 contra

504 3083 691 3144 bonos
718 3105 907 3144 mores
934 3088 1245 3163 praestitum
1278 3082 1767 3166 juramentum,'’·'f
1808 3090 2252 3166 “juramentum
2280 3088 2432 3144 enim
2461 3104 2576 3144 non
2609 3094 2698 3142 est

582 3297 667 3360 (1)
707 3294 767 3344 L.
792 3295 917 3344 Cod.
944 3296 1106 3346 Pacta
1127 3313 1170 3346 c.
1192 3296 1251 3347 de
1265 3297 1447 3364 pactis.
1514 3306 1544 3330 “
1564 3296 1822 3347 Contracts
1843 3313 1923 3348 are
1939 3298 2100 3360 illegal
2139 3297 2286 3346 when
2321 3296 2534 3346 founded
2567 3311 2633 3344 on
2667 3313 2698 3346 a

508 3381 863 3431 consideration
887 3387 1057 3433 contra
1080 3383 1231 3434 bonos
1252 3400 1424 3444 mores,
1450 3401 1504 3432 or
1525 3401 1620 3433 one
1641 3385 1833 3447 against
1852 3385 1935 3435 the
1967 3385 2226 3450 principles
2261 3385 2319 3433 of
2343 3385 2502 3434 sound
2521 3385 2698 3450 policy,

509 3481 565 3514 or
584 3465 797 3515 founded
818 3466 871 3515 in
891 3467 1047 3527 fiand,
1069 3484 1122 3516 or
1144 3468 1197 3517 in
1218 3469 1586 3518 contravention
1604 3469 1661 3518 of
1675 3471 1758 3519 the
1780 3470 1984 3534 positive
2005 3469 2274 3534 provisions
2295 3469 2352 3518 of
2362 3485 2496 3518 some
2518 3475 2697 3519 statute

515 3551 623 3599 law.
693 3550 744 3599 If
756 3550 839 3599 the
862 3558 1077 3601 contract
1098 3568 1255 3614 grows
1275 3553 1603 3617 immediately
1622 3561 1708 3604 out
1729 3555 1794 3614 of,
1816 3571 1870 3603 or
1891 3554 1934 3604 is
1955 3553 2221 3603 connected
2235 3553 2356 3602 with
2378 3569 2442 3602 an
2464 3553 2624 3615 illegal
2641 3569 2696 3602 or

507 3633 730 3683 immoral
754 3640 845 3693 act,
868 3650 899 3682 a
936 3643 1073 3684 court
1111 3635 1168 3685 of
1185 3635 1362 3700 justice
1400 3636 1501 3684 will
1533 3643 1621 3685 not
1651 3637 1843 3686 enforce
1875 3636 1961 3686 it.”
2032 3635 2208 3688 Kent's
2250 3635 2506 3686 C'ommen.
2529 3637 2624 3686 vol.
2647 3637 2697 3686 ii.

508 3724 615 3780 part
634 3734 681 3766 V.
704 3718 791 3766 lec.
814 3718 987 3767 xxxix.
1010 3721 1127 3768 466.

586 3804 672 3866 (2)
712 3811 741 3834 ‘⁶
757 3802 927 3851 Cum·
906 3819 990 3868 Jus
1012 3805 1153 3854 civile
1174 3811 1366 3855 tantum
1388 3821 1489 3854 non
1511 3805 1704 3865 assistit,
1725 3806 1797 3855 nil
1831 3807 1977 3870 plane
2009 3805 2217 3856 detrahit
2245 3805 2306 3864 de
2339 3806 2562 3856 firmitate
2583 3805 2700 3854 obli-

514 3885 725 3946 gationis
742 3887 1021 3936 naturalis..
1079 3889 1251 3939 ‚Cum
1272 3907 1385 3940 vero
1426 3892 1556 3953 leges
1595 3891 1871 3955 improbant
1903 3892 2062 3955 plane,
2083 3897 2228 3954 atque
2249 3891 2382 3941 irrita
2400 3893 2572 3940 volunt
2591 3905 2700 3940 esse

514 3973 622 4015 acta
642 3967 741 4026 illa,
761 3984 789 4016 e
811 3969 987 4032 quibus
1009 3923 1225 4034 alioquin
1247 3974 1478 4022 naturalis
1500 3974 1726 4036 obligatio
1748 3980 2038 4033 nasceretur,
2059 3974 2196 4023 tum
2182 3990 2289 4038 ipsa
2304 3975 2468 4036 legum
2489 3974 2538 4022 vi
2559 3980 2700 4023 natu-

510 4051 625 4098 ralis
646 4067 705 4099 ea
726 4053 965 4114 obligatio,
987 4071 1094 4117 quoe
1118 4056 1252 4105 aliter
1273 4058 1435 4108 locum
1456 4059 1716 4118 habuisset,
1741 4060 1885 4123 plane
1906 4058 2158 4123 perimitur
2177 4075 2236 4108 ac
2257 4059 2452 4118 tollitur,
2468 4059 2616 4122 idque
2633 4074 2694 4108 ex

513 4135 627 4198 ipsa
643 4136 865 4198 aequitate
887 4138 1125 4188 natmaff’
1145 4174 1157 4188 .
1171 4174 1184 4189 .
1202 4173 1217 4188 .
1233 4157 1340 4203 quoe
1373 4158 1476 4191 non
1515 4152 1545 4175 “
1560 4143 1742 4206 patitur
1773 4159 1832 4192 ea
1866 4151 1952 4194 aut
1971 4143 2104 4193 licita
2123 4159 2318 4193 censere
2339 4159 2446 4207 quie
2461 4145 2572 4208 jure
2592 4159 2700 4206 pro-

514 4218 755 4277 hibentur,
778 4225 863 4267 aut
884 4220 1042 4269 valida
1063 4238 1171 4284 quae
1185 4224 1299 4287 jura
1319 4225 1476 4273 valere
1498 4225 1720 4274 nolunt.”
1789 4226 1956 4276 Gerdil
1989 4225 2351 4291 compendium
2383 4226 2539 4276 Instit.
2573 4226 2703 4276 civil.

509 4305 541 4352 1.
564 4302 631 4352 iii.
667 4302 745 4351 De
769 4303 1154 4364 obligationibus.
1177 4322 1225 4369 p.
1251 4310 1368 4357 374.
1403 4310 1499 4358 vol.
1522 4310 1604 4358 vii.

589 4389 675 4454 (3)
715 4387 767 4435 S.
791 4387 941 4450 Alph.
964 4389 1137 4439 Theol.
1161 4390 1285 4440 Mor.
1308 4393 1340 4441 l.
1363 4393 1431 4442 iii.
1452 4409 1502 4442 n.
1528 4397 1644 4442 711.

582 4475 667 4540 (4)
708 4471 767 4522 L.
793 4471 1077 4536 Naturales,
1098 4473 1149 4524 ff.
1172 4475 1231 4524 de
1254 4484 1345 4526 act.
1363 4484 1412 4526 et
1434 4478 1576 4540 oblig.
1797 4512 1802 4518 -
2061 4483 2142 4547 (5)
2183 4481 2303 4542 Reg.
2325 4480 2444 4531 lviii.
2467 4479 2521 4530 in
2545 4483 2592 4529 6.
