3117 5217
989 547 1107 606 DE
1145 547 1378 606 FIDEI
1420 547 1791 606 NATURA.
2364 553 2485 606 265

321 713 520 772 ducitur
543 713 722 772 homo
747 715 818 772 ad
845 711 1226 780 credendum-3
1269 722 1406 788 puta
1431 712 1565 784 quia
1589 721 1721 770 sunt
1745 712 1895 771 dicta
1920 731 1953 769 a
1980 711 2130 780 Deo,
2158 725 2215 770 et
2240 716 2481 772 miracu-

323 813 388 869 lis
411 807 832 870 confirmata.'’¹
913 811 1042 870 Hac
1080 811 1297 868 ratione
1337 812 1589 886 explicat
1612 811 1923 887 Angelicus
1964 810 2183 870 Doctor
2222 813 2487 888 Apostoli

326 909 735 968 definitionem:
779 919 820 948 ‘⁴
845 911 1088 968 sumitur
1126 919 1517 985 argumentum
1559 928 1663 985 pro
1702 912 2020 986 argumenti
2060 909 2286 968 effectu.
2371 912 2489 970 Per

327 1017 702 1083 argumentum
729 1009 884 1066 enim
909 1009 1226 1066 intellectus
1266 1007 1552 1066 inducitur
1590 1006 1659 1064 ad
1700 1007 2090 1066 inhaerendum
2118 1009 2286 1066 alicui
2312 1027 2482 1069 vero:

325 1106 458 1164 unde
484 1107 610 1182 ipsa
635 1106 802 1163 fir'ma
826 1106 1074 1164 adhaesio
1115 1106 1434 1163 intellectus
1474 1104 1543 1162 ad
1572 1107 1861 1162 veritatem
1901 1105 2039 1163 fidei
2073 1125 2189 1164 non
2218 1126 2488 1182 apparen-

327 1215 444 1268 tem,
472 1216 708 1262 vocatur
732 1204 828 1262 hic
854 1211 1310 1280 argumentum.
1398 1203 1569 1262 Unde
1597 1205 1705 1261 alia
1728 1205 1910 1262 littera
1935 1204 2122 1272 habet,
2153 1205 2446 1266 convicti-o
2466 1229 2489 1266 .·
2595 1253 2599 1258 .

330 1303 446 1374 quia
469 1303 692 1361 scilieet
713 1321 818 1378 per
843 1305 1232 1360 auctoritatem
1259 1302 1507 1360 divinam
1549 1302 1867 1360 intellectus
1894 1303 2175 1360 credentis
2202 1307 2493 1363 convinci-

330 1410 409 1458 tur
427 1401 494 1456 ad
517 1400 947 1461 assentiendum
975 1402 1086 1469 his,
1117 1419 1242 1472 quse
1272 1419 1386 1458 non
1416 1395 1671 1458 videt.”²

397 1503 450 1555 5.
489 1498 811 1578 Objeetum'
828 1498 963 1555 fidei
989 1509 1077 1555 est
1100 1499 1286 1573 prima
1309 1501 1551 1565 veritas3
1584 1497 1857 1571 quidquid
1884 1501 2037 1556 enirn
2066 1499 2329 1567 creditur,
2359 1501 2489 1561 ideo

331 1596 554 1654 creditur
593 1597 756 1669 quod
793 1617 828 1653 a
871 1597 1000 1659 Deo
1043 1598 1352 1654 revelatum
1397 1597 1490 1664 sit,
1539 1597 1621 1653 uti
1665 1597 1933 1672 praeclare
1979 1596 2145 1654 docet
2183 1598 2495 1674 Angelicus

333 1693 563 1762 Ductor:
613 1705 656 1730 “
678 1696 746 1753 In
773 1695 886 1752 fide
913 1697 964 1752 si
1003 1694 1432 1753 consideremus
1458 1694 1754 1752 formalem
1794 1696 2069 1752 rationem
2098 1697 2324 1771 objecti,
2354 1698 2497 1757 nihil

332 1802 406 1849 est
429 1793 600 1860 aliud,
635 1812 806 1866 quam
833 1794 1036 1850 veritas
1078 1794 1278 1868 prima.
1363 1794 1500 1851 Non
1531 1794 1687 1850 enim
1728 1792 1895 1860 fides,
1924 1792 1995 1849 de
2036 1812 2146 1865 qua
2184 1795 2495 1866 loquimur,

333 1894 549 1950 assentit
581 1892 776 1958 alicui,
815 1892 928 1948 nisi
969 1891 1100 1962 quia
1139 1900 1226 1947 est
1263 1911 1296 1948 a
1321 1891 1450 1948 Deo
1493 1891 1827 1949 revelatum.
1915 1891 2085 1949 Unde
2126 1894 2239 1968 ipsi
2280 1895 2501 1951 veritati

334 1989 518 2048 divinae
569 1990 718 2047 fides
744 1990 998 2047 innititur
1039 1999 1325 2061 tamquam
1365 1989 1578 2048 medio,
1663 1989 1729 2046 Si
1755 1987 1889 2047 verti
1928 1991 2357 2048 consideremus
2385 2012 2502 2050 ma-

335 2089 584 2146 terialiter
625 2106 712 2156 ea,
753 2089 960 2160 quibus
999 2087 1143 2144 fides
1184 2089 1436 2155 assentit,
1477 2107 1595 2145 non
1640 2088 1826 2146 solum
1875 2102 1964 2144 est
2002 2089 2127 2164 ipse
2174 2091 2355 2156 Deus,
2398 2091 2500 2148 sed

329 2187 486 2266 'etiam
511 2186 694 2244 multa
721 2187 847 2252 alia,
877 2203 1000 2256 quae
1029 2195 1220 2242 tamen
1261 2187 1366 2242 sub
1405 2204 1641 2242 assensu
1670 2185 1803 2242 fidei
1848 2203 1961 2247 non
2002 2187 2227 2253 cadunt,
2271 2189 2386 2245 nisi
2412 2170 2501 2245 ses·

335 2284 566 2342 cundum
597 2283 754 2356 quod
779 2283 988 2340 habent
1013 2283 1262 2355 aliquem
1290 2282 1546 2342 ordinem
1576 2284 1646 2341 ad
1687 2284 1876 2341 Deum
1904 2305 1917 2340 ε
1962 2296 2131 2359 prout
2156 2286 2376 2343 scilicet
2401 2306 2503 2362 per

336 2382 539 2454 aliquos
569 2383 882 2440 divinitatis
911 2381 1144 2438 effectus
1172 2382 1348 2440 homo
1375 2381 1667 2458 adjuvatur
1692 2383 1763 2438 ad
1792 2383 2135 2441 tendendum
2164 2385 2221 2442 in
2252 2384 2502 2445 divinam

337 2480 672 2539 fruitionem.
757 2481 838 2537 Et
861 2480 992 2537 ideo
1019 2481 1187 2538 etiam
1215 2499 1290 2540 ex
1317 2481 1424 2537 hac
1451 2491 1609 2556 parte
1642 2481 1928 2556 objectum
1956 2481 2091 2538 fidei
2120 2492 2207 2538 est
2234 2483 2505 2553 quodam-

337 2579 494 2636 modo
519 2580 732 2636 veritas
757 2579 959 2653 prima,
987 2579 1047 2635 in
1088 2587 1358 2649 quantum
1387 2577 1533 2635 nihil
1574 2577 1725 2634 cadit
1754 2581 1867 2634 ‘sub
1896 2577 2029 2644 fide,
2060 2580 2170 2635 nisi
2202 2582 2258 2636 in
2298 2580 2505 2638 ordine
2560 2645 2563 2648 ⁴

338 2677 400 2734 ad
423 2669 716 2734 Deum.”³

407 2779 461 2832 6.
502 2775 741 2832 Falsum
782 2773 915 2832 fidei
955 2775 1194 2830 subesse
1234 2775 1448 2846 nequit,
1492 2793 1670 2846 quum
1712 2774 1825 2831 Dei
1853 2775 2079 2832 veritate
2108 2775 2233 2851 ipsa
2262 2777 2503 2834 nitatur:

338 2883 592 2932 caeterum
619 2874 752 2945 quis
779 2873 1346 2948 poterit'persuasum
1388 2873 1595 2930 habere
1640 2891 1703 2930 se
1741 2872 1853 2930 fide
1884 2883 2075 2930 tenere
2104 2893 2227 2946 quae
2258 2875 2509 2933 humano

338 2989 512 3030 errore
541 2973 832 3043 sequitur3
875 2971 960 3028 uti
986 2972 1262 3046 contingit
1299 2969 1579 3028 haereticis
1619 2980 1826 3029 certam
1868 2973 2121 3029 notitiam
2151 2981 2513 3047 peccatorum

339 3071 437 3127 sibi
460 3071 855 3136 remissorum,
884 3077 940 3126 et
954 3069 1190 3143 justitiae
1219 3067 1438 3126 Christi
1465 3070 1575 3126 sibi
1611 3070 1917 3144 imputatae,
1952 3071 2313 3146 jactantibus.
2398 3073 2511 3130 Po·

341 3170 459 3226 terit
479 3169 656 3226 etiam
683 3167 870 3224 fidelis
898 3167 1018 3224 salli
1047 3167 1116 3224 de
1144 3186 1204 3226 re
1245 3166 1538 3242 singulari,
1570 3185 1695 3239 quae
1722 3169 1953 3226 veritate
1982 3181 2038 3225 et
2072 3171 2355 3246 principio
2382 3171 2515 3228 fidei

343 3268 614 3326 contineri
661 3266 934 3334 videatur,
978 3283 1047 3320 v:
1079 3284 1148 3341 g:
1191 3267 1262 3324 de
1307 3264 1528 3324 Christi
1574 3266 1812 3324 Domini
1854 3268 2156 3342 praese'ntia
2200 3271 2259 3327 in
2303 3271 2511 3337 hostia,

343 3382 502 3436 quam
529 3385 564 3422 a
589 3363 879 3422 sacerdote
906 3374 1290 3438 consecratam
1321 3364 1496 3422 fuisse
1523 3366 1849 3422 existimat:
1880 3366 1979 3421 sed
2010 3374 2049 3401 ‘⁸
2070 3366 2213 3422 fides
2234 3368 2515 3424 credentis

341 3481 448 3520 non
474 3464 718 3521 refertur
743 3462 814 3519 ad
841 3462 946 3520 has
973 3465 1200 3538 species
1241 3463 1426 3537 panis,
1455 3464 1548 3520 vel
1590 3462 1737 3528 illas,
1766 3463 1867 3519 sed
1898 3461 1965 3520 ad
1996 3463 2105 3520 hoc
2135 3463 2287 3534 quod
2320 3483 2515 3521 verum

275 3547 284 3556 ’
343 3578 546 3638 corpus
575 3559 796 3618 Christi
823 3561 899 3617 sit
923 3562 1029 3618 sub
1055 3562 1354 3636 speciebus
1395 3563 1563 3636 panis
1590 3560 1896 3626 sensibilis,
1918 3559 2143 3630 quando
2168 3571 2323 3618 recte
2354 3561 2521 3618 fuerit

345 3653 830 3716 consecratum.”⁴

329 3821 334 3827 ,
418 3764 478 3815 7.
521 3757 696 3815 Fides
731 3757 938 3814 dicitur
978 3765 1430 3834 “argumentum
1471 3772 1586 3813 non
1630 3755 2090 3831 apparentium‚”
2133 3776 2321 3831 neque
2364 3759 2532 3817 enim·

348 3872 468 3925 quae
513 3855 774 3912 videntur
818 3854 928 3911 fide
969 3855 1212 3912 tenenda
1255 3863 1405 3912 sunt.
1492 3853 1783 3912 Caeterum
1829 3873 1903 3910 ex
1948 3854 2171 3912 visione
2218 3858 2524 3929 aliquando

349 3954 523 4010 ori-tur
544 3953 692 4012 fides
719 3952 799 4009 rei
829 3953 978 4010 visui
1016 3952 1168 4010 haud
1205 3954 1496 4030 subjectae}
1537 3954 1686 4010 sicut
1726 3961 1765 3988 ‘⁶
1790 3952 2049 4010 Thomas
2092 3955 2242 4012 aliud
2283 3956 2440 4024 vidit,
2469 3967 2526 4014 et

349 4050 496 4108 aliud
519 4051 794 4118 credidit3
837 4051 1129 4110 hominem
1157 4051 1316 4118 vidit,
1345 4061 1404 4109 et
1429 4051 1623 4110 Deum
1648 4049 1907 4119 credens,
1936 4036 2231 4111 confessus
2259 4067 2365 4124 est,
2394 4074 2523 4112 cum

621 4273 706 4337 (1)
747 4271 799 4318 S.
821 4271 1058 4331 Thomas,
1080 4275 1128 4320 2.
1151 4275 1240 4320 2ae.
1256 4287 1339 4335 qu.
1360 4271 1410 4320 ii.
1433 4278 1519 4320 ast.
1541 4271 1575 4320 i.
1646 4269 1729 4322 Ad
1741 4270 1995 4336 primum.

619 4357 705 4421 (2)
744 4354 944 4414 Ibidem,
963 4371 1044 4418 qu.
1067 4355 1132 4404 iv.
1149 4362 1236 4404 art.
1257 4355 1292 4404 i.
1361 4356 1512 4422 Resp.
1884 4361 1893 4370 ’

620 4441 706 4505 (3)
745 4439 944 4500 Ibidem,
966 4455 1050 4503 qu.
1067 4440 1100 4490 i.
1122 4447 1208 4490 art.
1229 4440 1262 4488 i.
1335 4439 1486 4506 Reep.
1782 4441 1866 4504 (4)
1907 4440 2106 4497 Ibidem,
2128 4440 2189 4488 ad
2210 4441 2259 4486 4.

511 4535 662 4592 VoL.
693 4534 939 4592 IL-24
