<?xml version="1.0" encoding="UTF-8"?>
<!DOCTYPE html PUBLIC "-//W3C//DTD XHTML 1.0 Transitional//EN"
    "http://www.w3.org/TR/xhtml1/DTD/xhtml1-transitional.dtd">
<html xmlns="http://www.w3.org/1999/xhtml" xml:lang="en" lang="en">
 <head>
  <title>
</title>
<meta http-equiv="Content-Type" content="text/html;charset=utf-8" />
  <meta name='ocr-system' content='tesseract 3.04.00' />
  <meta name='ocr-capabilities' content='ocr_page ocr_carea ocr_par ocr_line ocrx_word'/>
</head>
<body>
  <div class='ocr_page' id='page_1' title='image "./theologiaemoral00unkngoog_0139.png"; bbox 0 0 3117 5217; ppageno 0'>
   <div class='ocr_carea' id='block_1_1' title="bbox 1163 577 2633 640">
    <p class='ocr_par' dir='ltr' id='par_1_1' title="bbox 1163 577 2633 640">
     <span class='ocr_line' id='line_1_1' title="bbox 1163 577 2633 640; baseline 0.001 -2"><span class='ocrx_word' id='word_1_1' title='bbox 1163 577 1277 638; x_wconf 90' lang='lat' dir='ltr'>DE</span> <span class='ocrx_word' id='word_1_2' title='bbox 1321 579 1519 638; x_wconf 88' lang='lat' dir='ltr'>AERE</span> <span class='ocrx_word' id='word_1_3' title='bbox 1561 579 1902 640; x_wconf 89' lang='lat' dir='ltr'><strong>ALIENO.</strong></span> <span class='ocrx_word' id='word_1_4' title='bbox 2519 585 2633 640; x_wconf 80' lang='lat'>125</span> 
     </span>
    </p>
   </div>
   <div class='ocr_carea' id='block_1_2' title="bbox 382 749 2632 3486">
    <p class='ocr_par' dir='ltr' id='par_1_2' title="bbox 382 749 2632 3486">
     <span class='ocr_line' id='line_1_2' title="bbox 449 749 2631 829; baseline 0.001 -17"><span class='ocrx_word' id='word_1_5' title='bbox 449 771 618 812; x_wconf 87' lang='lat' dir='ltr'>num:</span> <span class='ocrx_word' id='word_1_6' title='bbox 643 760 683 788; x_wconf 88' lang='lat'><strong>“</strong></span> <span class='ocrx_word' id='word_1_7' title='bbox 702 751 816 818; x_wconf 87' lang='lat' dir='ltr'>Qui</span> <span class='ocrx_word' id='word_1_8' title='bbox 833 750 999 808; x_wconf 87' lang='lat' dir='ltr'>bonis</span> <span class='ocrx_word' id='word_1_9' title='bbox 1020 750 1319 816; x_wconf 79' lang='lat' dir='ltr'><strong>cesserint,</strong></span> <span class='ocrx_word' id='word_1_10' title='bbox 1341 750 1453 807; x_wconf 91' lang='lat' dir='ltr'>nisi</span> <span class='ocrx_word' id='word_1_11' title='bbox 1480 749 1726 807; x_wconf 87' lang='lat' dir='ltr'>solidum</span> <span class='ocrx_word' id='word_1_12' title='bbox 1754 750 2000 809; x_wconf 78' lang='lat' dir='ltr'>creditor</span> <span class='ocrx_word' id='word_1_13' title='bbox 2023 753 2319 829; x_wconf 82' lang='lat' dir='ltr'>receperit,</span> <span class='ocrx_word' id='word_1_14' title='bbox 2353 771 2471 811; x_wconf 88' lang='lat' dir='ltr'>non</span> <span class='ocrx_word' id='word_1_15' title='bbox 2498 767 2631 815; x_wconf 88' lang='lat' dir='ltr'>sunt</span> 
     </span>
     <span class='ocr_line' id='line_1_3' title="bbox 452 848 2632 930; baseline 0.001 -20"><span class='ocrx_word' id='word_1_16' title='bbox 452 851 701 910; x_wconf 88' lang='lat' dir='ltr'>liberati:</span> <span class='ocrx_word' id='word_1_17' title='bbox 732 851 789 908; x_wconf 89' lang='lat' dir='ltr'>in</span> <span class='ocrx_word' id='word_1_18' title='bbox 818 867 889 907; x_wconf 92' lang='lat' dir='ltr'>eo</span> <span class='ocrx_word' id='word_1_19' title='bbox 916 849 1069 906; x_wconf 87' lang='lat' dir='ltr'>enim</span> <span class='ocrx_word' id='word_1_20' title='bbox 1096 848 1487 906; x_wconf 87' lang='lat' dir='ltr'>tantummodo</span> <span class='ocrx_word' id='word_1_21' title='bbox 1504 848 1618 906; x_wconf 88' lang='lat' dir='ltr'>hoc</span> <span class='ocrx_word' id='word_1_22' title='bbox 1635 849 1977 908; x_wconf 88' lang='lat' dir='ltr'>beneficium</span> <span class='ocrx_word' id='word_1_23' title='bbox 1999 851 2084 908; x_wconf 89' lang='lat' dir='ltr'>eis</span> <span class='ocrx_word' id='word_1_24' title='bbox 2109 851 2363 927; x_wconf 90' lang='lat' dir='ltr'>prodest,</span> <span class='ocrx_word' id='word_1_25' title='bbox 2387 867 2458 910; x_wconf 83' lang='lat' dir='ltr'>ne</span> <span class='ocrx_word' id='word_1_26' title='bbox 2478 854 2632 930; x_wconf 84' lang='lat' dir='ltr'>judi-</span> 
     </span>
     <span class='ocr_line' id='line_1_4' title="bbox 450 940 2630 1028; baseline 0.002 -19"><span class='ocrx_word' id='word_1_27' title='bbox 450 952 561 1009; x_wconf 90' lang='lat' dir='ltr'>cati</span> <span class='ocrx_word' id='word_1_28' title='bbox 586 950 950 1008; x_wconf 81' lang='lat' dir='ltr'>detrahantur</span> <span class='ocrx_word' id='word_1_29' title='bbox 987 948 1047 1006; x_wconf 91' lang='lat' dir='ltr'>in</span> <span class='ocrx_word' id='word_1_30' title='bbox 1074 965 1355 1004; x_wconf 85' lang='lat' dir='ltr'>carcerem</span> <span class='ocrx_word' id='word_1_31' title='bbox 1381 940 1475 1004; x_wconf 76' lang='lat'>2⁹⁹¹</span> <span class='ocrx_word' id='word_1_32' title='bbox 1508 956 1549 982; x_wconf 90' lang='grc'>“</span> <span class='ocrx_word' id='word_1_33' title='bbox 1569 946 1618 1004; x_wconf 86' lang='lat' dir='ltr'>is</span> <span class='ocrx_word' id='word_1_34' title='bbox 1648 949 1748 1020; x_wconf 90' lang='lat' dir='ltr'>qui</span> <span class='ocrx_word' id='word_1_35' title='bbox 1776 949 1938 1006; x_wconf 89' lang='lat' dir='ltr'>bonis</span> <span class='ocrx_word' id='word_1_36' title='bbox 1965 950 2159 1017; x_wconf 77' lang='lat' dir='ltr'>cessit,</span> <span class='ocrx_word' id='word_1_37' title='bbox 2189 951 2238 1008; x_wconf 87' lang='lat' dir='ltr'>si</span> <span class='ocrx_word' id='word_1_38' title='bbox 2265 951 2406 1023; x_wconf 92' lang='lat' dir='ltr'>quid</span> <span class='ocrx_word' id='word_1_39' title='bbox 2434 963 2630 1028; x_wconf 90' lang='lat' dir='ltr'>postea</span> 
     </span>
     <span class='ocr_line' id='line_1_5' title="bbox 448 1042 2630 1122; baseline 0 -13"><span class='ocrx_word' id='word_1_40' title='bbox 448 1049 828 1122; x_wconf 81' lang='lat' dir='ltr'>acquisiverit,</span> <span class='ocrx_word' id='word_1_41' title='bbox 870 1048 931 1104; x_wconf 89' lang='lat' dir='ltr'>in</span> <span class='ocrx_word' id='word_1_42' title='bbox 972 1055 1243 1120; x_wconf 88' lang='lat' dir='ltr'>quantum</span> <span class='ocrx_word' id='word_1_43' title='bbox 1282 1047 1467 1104; x_wconf 82' lang='lat' dir='ltr'>facere</span> <span class='ocrx_word' id='word_1_44' title='bbox 1508 1055 1714 1122; x_wconf 90' lang='lat' dir='ltr'>potest,</span> <span class='ocrx_word' id='word_1_45' title='bbox 1749 1042 2182 1106; x_wconf 76' lang='lat' dir='ltr'>convenitur.”²</span> <span class='ocrx_word' id='word_1_46' title='bbox 2261 1050 2322 1107; x_wconf 96' lang='lat' dir='ltr'>N</span> <span class='ocrx_word' id='word_1_47' title='bbox 2325 1069 2400 1108; x_wconf 90' lang='lat' dir='ltr'>on</span> <span class='ocrx_word' id='word_1_48' title='bbox 2439 1061 2630 1114; x_wconf 88' lang='lat' dir='ltr'>tamen</span> 
     </span>
     <span class='ocr_line' id='line_1_6' title="bbox 454 1145 2624 1224; baseline 0 -15"><span class='ocrx_word' id='word_1_49' title='bbox 454 1149 681 1208; x_wconf 87' lang='lat' dir='ltr'>modica</span> <span class='ocrx_word' id='word_1_50' title='bbox 707 1165 947 1220; x_wconf 82' lang='lat' dir='ltr'>quaeque</span> <span class='ocrx_word' id='word_1_51' title='bbox 973 1153 1217 1222; x_wconf 90' lang='lat' dir='ltr'>possunt</span> <span class='ocrx_word' id='word_1_52' title='bbox 1244 1165 1278 1203; x_wconf 88' lang='lat' dir='ltr'>a</span> <span class='ocrx_word' id='word_1_53' title='bbox 1302 1145 1670 1203; x_wconf 88' lang='lat' dir='ltr'>creditoribus</span> <span class='ocrx_word' id='word_1_54' title='bbox 1697 1145 1903 1203; x_wconf 84' lang='lat' dir='ltr'>auferri</span> <span class='ocrx_word' id='word_1_55' title='bbox 1929 1165 2060 1204; x_wconf 90' lang='lat' dir='ltr'>cum</span> <span class='ocrx_word' id='word_1_56' title='bbox 2100 1148 2151 1224; x_wconf 88' lang='lat' dir='ltr'>ej</span> <span class='ocrx_word' id='word_1_57' title='bbox 2161 1166 2226 1204; x_wconf 89' lang='lat' dir='ltr'>us</span> <span class='ocrx_word' id='word_1_58' title='bbox 2253 1148 2624 1211; x_wconf 87' lang='lat' dir='ltr'>detrimento:</span> 
     </span>
     <span class='ocr_line' id='line_1_7' title="bbox 452 1243 2627 1322; baseline 0.001 -15"><span class='ocrx_word' id='word_1_59' title='bbox 452 1257 490 1285; x_wconf 79' lang='lat'>‘⁴</span> <span class='ocrx_word' id='word_1_60' title='bbox 511 1249 626 1316; x_wconf 87' lang='lat' dir='ltr'>Qui</span> <span class='ocrx_word' id='word_1_61' title='bbox 650 1247 817 1306; x_wconf 86' lang='lat' dir='ltr'>bonis</span> <span class='ocrx_word' id='word_1_62' title='bbox 844 1246 965 1302; x_wconf 88' lang='lat' dir='ltr'>suis</span> <span class='ocrx_word' id='word_1_63' title='bbox 994 1245 1185 1312; x_wconf 84' lang='lat' dir='ltr'>cessit,</span> <span class='ocrx_word' id='word_1_64' title='bbox 1215 1245 1266 1301; x_wconf 88' lang='lat' dir='ltr'>si</span> <span class='ocrx_word' id='word_1_65' title='bbox 1306 1243 1599 1302; x_wconf 88' lang='lat' dir='ltr'>modicum</span> <span class='ocrx_word' id='word_1_66' title='bbox 1639 1243 1854 1317; x_wconf 89' lang='lat' dir='ltr'>aliquid</span> <span class='ocrx_word' id='word_1_67' title='bbox 1892 1255 2024 1322; x_wconf 88' lang='lat' dir='ltr'>post</span> <span class='ocrx_word' id='word_1_68' title='bbox 2066 1246 2216 1304; x_wconf 89' lang='lat' dir='ltr'>bona</span> <span class='ocrx_word' id='word_1_69' title='bbox 2256 1266 2359 1305; x_wconf 88' lang='lat' dir='ltr'>sua</span> <span class='ocrx_word' id='word_1_70' title='bbox 2398 1251 2627 1310; x_wconf 83' lang='lat' dir='ltr'>vendita</span> 
     </span>
     <span class='ocr_line' id='line_1_8' title="bbox 448 1343 2626 1420; baseline 0.001 -14"><span class='ocrx_word' id='word_1_71' title='bbox 448 1347 774 1420; x_wconf 85' lang='lat' dir='ltr'>adquisivit,</span> <span class='ocrx_word' id='word_1_72' title='bbox 818 1346 1019 1402; x_wconf 89' lang='lat' dir='ltr'>iterum</span> <span class='ocrx_word' id='word_1_73' title='bbox 1065 1344 1213 1401; x_wconf 89' lang='lat' dir='ltr'>bona</span> <span class='ocrx_word' id='word_1_74' title='bbox 1258 1343 1381 1419; x_wconf 89' lang='lat' dir='ltr'>ejus</span> <span class='ocrx_word' id='word_1_75' title='bbox 1421 1361 1539 1401; x_wconf 89' lang='lat' dir='ltr'>non</span> <span class='ocrx_word' id='word_1_76' title='bbox 1580 1348 1843 1402; x_wconf 82' lang='lat' dir='ltr'>veneunt.</span> <span class='ocrx_word' id='word_1_77' title='bbox 1929 1344 1995 1400; x_wconf 84' lang='lat' dir='ltr'>Si</span> <span class='ocrx_word' id='word_1_78' title='bbox 2035 1344 2171 1416; x_wconf 92' lang='lat' dir='ltr'>quid</span> <span class='ocrx_word' id='word_1_79' title='bbox 2223 1348 2626 1408; x_wconf 81' lang='lat' dir='ltr'>misericordiae</span> 
     </span>
     <span class='ocr_line' id='line_1_9' title="bbox 448 1437 2626 1518; baseline 0.002 -14"><span class='ocrx_word' id='word_1_80' title='bbox 448 1465 619 1504; x_wconf 88' lang='lat' dir='ltr'>causa</span> <span class='ocrx_word' id='word_1_81' title='bbox 644 1448 699 1504; x_wconf 92' lang='lat' dir='ltr'>ei</span> <span class='ocrx_word' id='word_1_82' title='bbox 725 1444 895 1502; x_wconf 85' lang='lat' dir='ltr'>fuerit</span> <span class='ocrx_word' id='word_1_83' title='bbox 918 1442 1196 1509; x_wconf 86' lang='lat' dir='ltr'>relictum,</span> <span class='ocrx_word' id='word_1_84' title='bbox 1224 1452 1359 1517; x_wconf 88' lang='lat' dir='ltr'>puta</span> <span class='ocrx_word' id='word_1_85' title='bbox 1384 1437 1762 1510; x_wconf 84' lang='lat' dir='ltr'>menstruum,</span> <span class='ocrx_word' id='word_1_86' title='bbox 1795 1443 1886 1499; x_wconf 87' lang='lat' dir='ltr'>vel</span> <span class='ocrx_word' id='word_1_87' title='bbox 1925 1461 2200 1518; x_wconf 80' lang='lat' dir='ltr'>annuum,</span> <span class='ocrx_word' id='word_1_88' title='bbox 2231 1445 2626 1508; x_wconf 85' lang='lat' dir='ltr'>alimentorum</span> 
     </span>
     <span class='ocr_line' id='line_1_10' title="bbox 448 1539 2626 1618; baseline 0.002 -15"><span class='ocrx_word' id='word_1_89' title='bbox 448 1545 701 1612; x_wconf 80' lang='lat' dir='ltr'>nomine,</span> <span class='ocrx_word' id='word_1_90' title='bbox 731 1561 847 1600; x_wconf 89' lang='lat' dir='ltr'>non</span> <span class='ocrx_word' id='word_1_91' title='bbox 872 1550 1096 1617; x_wconf 88' lang='lat' dir='ltr'>oportet</span> <span class='ocrx_word' id='word_1_92' title='bbox 1134 1549 1365 1616; x_wconf 88' lang='lat' dir='ltr'>propter</span> <span class='ocrx_word' id='word_1_93' title='bbox 1402 1539 1513 1598; x_wconf 90' lang='lat' dir='ltr'>hoc</span> <span class='ocrx_word' id='word_1_94' title='bbox 1551 1541 1702 1600; x_wconf 89' lang='lat' dir='ltr'>bona</span> <span class='ocrx_word' id='word_1_95' title='bbox 1729 1541 1853 1618; x_wconf 88' lang='lat' dir='ltr'>ejus</span> <span class='ocrx_word' id='word_1_96' title='bbox 1893 1541 2090 1600; x_wconf 88' lang='lat' dir='ltr'>iterato</span> <span class='ocrx_word' id='word_1_97' title='bbox 2128 1546 2478 1615; x_wconf 86' lang='lat' dir='ltr'>venundari;</span> <span class='ocrx_word' id='word_1_98' title='bbox 2519 1567 2626 1608; x_wconf 89' lang='lat' dir='ltr'>nec</span> 
     </span>
     <span class='ocr_line' id='line_1_11' title="bbox 442 1631 2624 1722; baseline 0 -18"><span class='ocrx_word' id='word_1_99' title='bbox 442 1644 602 1704; x_wconf 87' lang='lat' dir='ltr'>enim</span> <span class='ocrx_word' id='word_1_100' title='bbox 646 1639 991 1702; x_wconf 80' lang='lat' dir='ltr'>fraudandus</span> <span class='ocrx_word' id='word_1_101' title='bbox 1036 1648 1123 1696; x_wconf 89' lang='lat' dir='ltr'>est</span> <span class='ocrx_word' id='word_1_102' title='bbox 1166 1639 1448 1697; x_wconf 89' lang='lat' dir='ltr'>alimentis</span> <span class='ocrx_word' id='word_1_103' title='bbox 1490 1631 1932 1712; x_wconf 81' lang='lat' dir='ltr'>quotidianis.”³</span> <span class='ocrx_word' id='word_1_104' title='bbox 2012 1641 2219 1718; x_wconf 88' lang='lat' dir='ltr'>Nuper</span> <span class='ocrx_word' id='word_1_105' title='bbox 2263 1635 2624 1722; x_wconf 76' lang='lat' dir='ltr'>congressus</span> 
     </span>
     <span class='ocr_line' id='line_1_12' title="bbox 443 1737 2626 1821; baseline 0 -18"><span class='ocrx_word' id='word_1_106' title='bbox 443 1744 629 1821; x_wconf 83' lang='lat' dir='ltr'>legem</span> <span class='ocrx_word' id='word_1_107' title='bbox 657 1741 784 1800; x_wconf 88' lang='lat' dir='ltr'>tulit</span> <span class='ocrx_word' id='word_1_108' title='bbox 807 1757 921 1812; x_wconf 90' lang='lat' dir='ltr'>quo</span> <span class='ocrx_word' id='word_1_109' title='bbox 940 1739 1042 1816; x_wconf 85' lang='lat' dir='ltr'>jus</span> <span class='ocrx_word' id='word_1_110' title='bbox 1069 1757 1241 1798; x_wconf 89' lang='lat' dir='ltr'>omne</span> <span class='ocrx_word' id='word_1_111' title='bbox 1268 1737 1611 1798; x_wconf 87' lang='lat' dir='ltr'>creditorum</span> <span class='ocrx_word' id='word_1_112' title='bbox 1639 1748 1754 1798; x_wconf 87' lang='lat' dir='ltr'>tam</span> <span class='ocrx_word' id='word_1_113' title='bbox 1771 1739 1832 1797; x_wconf 93' lang='lat' dir='ltr'>in</span> <span class='ocrx_word' id='word_1_114' title='bbox 1853 1739 2188 1809; x_wconf 86' lang='lat' dir='ltr'>debitorem,</span> <span class='ocrx_word' id='word_1_115' title='bbox 2204 1759 2376 1815; x_wconf 90' lang='lat' dir='ltr'>quam</span> <span class='ocrx_word' id='word_1_116' title='bbox 2396 1745 2458 1804; x_wconf 91' lang='lat' dir='ltr'>in</span> <span class='ocrx_word' id='word_1_117' title='bbox 2476 1746 2626 1804; x_wconf 91' lang='lat' dir='ltr'>bona</span> 
     </span>
     <span class='ocr_line' id='line_1_13' title="bbox 444 1836 2627 1921; baseline 0.002 -21"><span class='ocrx_word' id='word_1_118' title='bbox 444 1844 567 1921; x_wconf 88' lang='lat' dir='ltr'>ejus</span> <span class='ocrx_word' id='word_1_119' title='bbox 592 1842 865 1914; x_wconf 86' lang='lat' dir='ltr'>deinceps</span> <span class='ocrx_word' id='word_1_120' title='bbox 892 1836 1254 1910; x_wconf 86' lang='lat' dir='ltr'>acquirenda,</span> <span class='ocrx_word' id='word_1_121' title='bbox 1280 1837 1584 1896; x_wconf 84' lang='lat' dir='ltr'>remittitur</span> <span class='ocrx_word' id='word_1_122' title='bbox 1621 1839 1694 1896; x_wconf 89' lang='lat' dir='ltr'>iis</span> <span class='ocrx_word' id='word_1_123' title='bbox 1721 1839 1822 1912; x_wconf 88' lang='lat' dir='ltr'>qui</span> <span class='ocrx_word' id='word_1_124' title='bbox 1859 1839 2008 1897; x_wconf 87' lang='lat' dir='ltr'>bona</span> <span class='ocrx_word' id='word_1_125' title='bbox 2045 1858 2150 1898; x_wconf 89' lang='lat' dir='ltr'>sua</span> <span class='ocrx_word' id='word_1_126' title='bbox 2188 1841 2533 1912; x_wconf 87' lang='lat' dir='ltr'>tradiderint,</span> <span class='ocrx_word' id='word_1_127' title='bbox 2571 1859 2627 1906; x_wconf 88' lang='lat' dir='ltr'>et</span> 
     </span>
     <span class='ocr_line' id='line_1_14' title="bbox 382 1935 2624 2019; baseline 0.001 -19"><span class='ocrx_word' id='word_1_128' title='bbox 382 2004 389 2010; x_wconf 66' lang='grc'><strong>,</strong></span> <span class='ocrx_word' id='word_1_129' title='bbox 439 1939 721 2000; x_wconf 89' lang='lat' dir='ltr'>beneficio</span> <span class='ocrx_word' id='word_1_130' title='bbox 740 1939 887 2016; x_wconf 89' lang='lat' dir='ltr'>legis</span> <span class='ocrx_word' id='word_1_131' title='bbox 902 1937 995 1996; x_wconf 89' lang='lat' dir='ltr'>usi</span> <span class='ocrx_word' id='word_1_132' title='bbox 1014 1938 1131 1996; x_wconf 88' lang='lat' dir='ltr'>sint</span> <span class='ocrx_word' id='word_1_133' title='bbox 1142 1936 1499 2014; x_wconf 79' lang='lat' dir='ltr'>bancorupti</span> <span class='ocrx_word' id='word_1_134' title='bbox 1518 1935 1800 1996; x_wconf 87' lang='lat' dir='ltr'>declarati.</span> <span class='ocrx_word' id='word_1_135' title='bbox 1852 1937 2017 1998; x_wconf 88' lang='lat' dir='ltr'>Idem</span> <span class='ocrx_word' id='word_1_136' title='bbox 2037 1947 2124 1998; x_wconf 85' lang='lat' dir='ltr'>est</span> <span class='ocrx_word' id='word_1_137' title='bbox 2140 1940 2241 2017; x_wconf 86' lang='lat' dir='ltr'>jus</span> <span class='ocrx_word' id='word_1_138' title='bbox 2260 1941 2624 2019; x_wconf 85' lang='lat' dir='ltr'>Anglicum.⁴</span> 
     </span>
     <span class='ocr_line' id='line_1_15' title="bbox 444 2036 2624 2117; baseline 0.001 -17"><span class='ocrx_word' id='word_1_139' title='bbox 444 2041 819 2100; x_wconf 80' lang='lat' dir='ltr'>Manifestum</span> <span class='ocrx_word' id='word_1_140' title='bbox 843 2047 933 2095; x_wconf 88' lang='lat' dir='ltr'>est</span> <span class='ocrx_word' id='word_1_141' title='bbox 957 2036 1360 2114; x_wconf 84' lang='lat' dir='ltr'>obligationem</span> <span class='ocrx_word' id='word_1_142' title='bbox 1384 2037 1722 2096; x_wconf 87' lang='lat' dir='ltr'>restituendi</span> <span class='ocrx_word' id='word_1_143' title='bbox 1741 2055 1860 2096; x_wconf 91' lang='lat' dir='ltr'>non</span> <span class='ocrx_word' id='word_1_144' title='bbox 1885 2038 2007 2096; x_wconf 93' lang='lat' dir='ltr'>tolli</span> <span class='ocrx_word' id='word_1_145' title='bbox 2025 2039 2246 2115; x_wconf 89' lang='lat' dir='ltr'>legibus</span> <span class='ocrx_word' id='word_1_146' title='bbox 2267 2040 2624 2117; x_wconf 86' lang='lat' dir='ltr'>singulorum</span> 
     </span>
     <span class='ocr_line' id='line_1_16' title="bbox 444 2134 2628 2215; baseline 0.001 -17"><span class='ocrx_word' id='word_1_147' title='bbox 444 2141 723 2206; x_wconf 77' lang='lat' dir='ltr'>Statuam,</span> <span class='ocrx_word' id='word_1_148' title='bbox 752 2136 855 2196; x_wconf 88' lang='lat' dir='ltr'>sed</span> <span class='ocrx_word' id='word_1_149' title='bbox 880 2135 1175 2212; x_wconf 90' lang='lat' dir='ltr'>suspendi,</span> <span class='ocrx_word' id='word_1_150' title='bbox 1204 2134 1333 2194; x_wconf 87' lang='lat' dir='ltr'>data</span> <span class='ocrx_word' id='word_1_151' title='bbox 1357 2137 1417 2194; x_wconf 92' lang='lat' dir='ltr'>in</span> <span class='ocrx_word' id='word_1_152' title='bbox 1444 2135 1876 2212; x_wconf 82' lang='lat' dir='ltr'>Pennsylvania</span> <span class='ocrx_word' id='word_1_153' title='bbox 1890 2136 2182 2215; x_wconf 85' lang='lat' dir='ltr'>judicibus</span> <span class='ocrx_word' id='word_1_154' title='bbox 2198 2139 2460 2198; x_wconf 85' lang='lat' dir='ltr'>facultate</span> <span class='ocrx_word' id='word_1_155' title='bbox 2477 2145 2628 2201; x_wconf 83' lang='lat' dir='ltr'>bona</span> 
     </span>
     <span class='ocr_line' id='line_1_17' title="bbox 441 2233 2624 2312; baseline 0 -14"><span class='ocrx_word' id='word_1_156' title='bbox 441 2239 735 2298; x_wconf 87' lang='lat' dir='ltr'>creditoris</span> <span class='ocrx_word' id='word_1_157' title='bbox 762 2236 835 2294; x_wconf 91' lang='lat' dir='ltr'>ad</span> <span class='ocrx_word' id='word_1_158' title='bbox 857 2236 1221 2312; x_wconf 86' lang='lat' dir='ltr'>septennium</span> <span class='ocrx_word' id='word_1_159' title='bbox 1246 2233 1559 2302; x_wconf 85' lang='lat' dir='ltr'>eximendi,</span> <span class='ocrx_word' id='word_1_160' title='bbox 1589 2245 1645 2292; x_wconf 89' lang='lat' dir='ltr'>et</span> <span class='ocrx_word' id='word_1_161' title='bbox 1664 2236 1796 2294; x_wconf 88' lang='lat' dir='ltr'>alibi</span> <span class='ocrx_word' id='word_1_162' title='bbox 1815 2236 1926 2294; x_wconf 86' lang='lat' dir='ltr'>alia</span> <span class='ocrx_word' id='word_1_163' title='bbox 1944 2237 2195 2295; x_wconf 88' lang='lat' dir='ltr'>ratione:</span> <span class='ocrx_word' id='word_1_164' title='bbox 2227 2239 2406 2312; x_wconf 80' lang='lat' dir='ltr'>quaeri</span> <span class='ocrx_word' id='word_1_165' title='bbox 2435 2250 2624 2298; x_wconf 87' lang='lat' dir='ltr'>autem</span> 
     </span>
     <span class='ocr_line' id='line_1_18' title="bbox 442 2334 2622 2417; baseline 0.001 -21"><span class='ocrx_word' id='word_1_166' title='bbox 442 2348 629 2415; x_wconf 89' lang='lat' dir='ltr'>potest</span> <span class='ocrx_word' id='word_1_167' title='bbox 658 2349 847 2395; x_wconf 89' lang='lat' dir='ltr'>utrum</span> <span class='ocrx_word' id='word_1_168' title='bbox 890 2334 1253 2412; x_wconf 74' lang='lat' dir='ltr'>congressus</span> <span class='ocrx_word' id='word_1_169' title='bbox 1295 2335 1710 2393; x_wconf 82' lang='lat' dir='ltr'>conscientiam</span> <span class='ocrx_word' id='word_1_170' title='bbox 1748 2335 1982 2394; x_wconf 85' lang='lat' dir='ltr'>liberare</span> <span class='ocrx_word' id='word_1_171' title='bbox 2022 2337 2342 2398; x_wconf 85' lang='lat' dir='ltr'>censendus</span> <span class='ocrx_word' id='word_1_172' title='bbox 2381 2339 2458 2396; x_wconf 91' lang='lat' dir='ltr'>sit</span> <span class='ocrx_word' id='word_1_173' title='bbox 2493 2340 2622 2417; x_wconf 85' lang='lat' dir='ltr'>lege</span> 
     </span>
     <span class='ocr_line' id='line_1_19' title="bbox 443 2432 2624 2516; baseline 0.001 -21"><span class='ocrx_word' id='word_1_174' title='bbox 443 2437 558 2505; x_wconf 90' lang='lat' dir='ltr'>illa,</span> <span class='ocrx_word' id='word_1_175' title='bbox 606 2455 719 2511; x_wconf 90' lang='lat' dir='ltr'>qua</span> <span class='ocrx_word' id='word_1_176' title='bbox 744 2443 895 2493; x_wconf 88' lang='lat' dir='ltr'>certe</span> <span class='ocrx_word' id='word_1_177' title='bbox 922 2450 1092 2492; x_wconf 90' lang='lat' dir='ltr'>omne</span> <span class='ocrx_word' id='word_1_178' title='bbox 1122 2433 1221 2510; x_wconf 88' lang='lat' dir='ltr'>jus</span> <span class='ocrx_word' id='word_1_179' title='bbox 1250 2434 1309 2490; x_wconf 89' lang='lat' dir='ltr'>in</span> <span class='ocrx_word' id='word_1_180' title='bbox 1334 2432 1457 2494; x_wconf 84' lang='lat' dir='ltr'>foro</span> <span class='ocrx_word' id='word_1_181' title='bbox 1496 2442 1734 2492; x_wconf 84' lang='lat' dir='ltr'>externo</span> <span class='ocrx_word' id='word_1_182' title='bbox 1773 2434 2057 2494; x_wconf 86' lang='lat' dir='ltr'>sublatum</span> <span class='ocrx_word' id='word_1_183' title='bbox 2081 2446 2190 2494; x_wconf 86' lang='lat' dir='ltr'>est.</span> <span class='ocrx_word' id='word_1_184' title='bbox 2275 2438 2335 2496; x_wconf 93' lang='lat' dir='ltr'>N</span> <span class='ocrx_word' id='word_1_185' title='bbox 2339 2437 2624 2516; x_wconf 76' lang='lat' dir='ltr'>egandum</span> 
     </span>
     <span class='ocr_line' id='line_1_20' title="bbox 442 2532 2628 2614; baseline 0.002 -22"><span class='ocrx_word' id='word_1_186' title='bbox 442 2534 678 2604; x_wconf 83' lang='lat' dir='ltr'>videtur,</span> <span class='ocrx_word' id='word_1_187' title='bbox 726 2533 987 2610; x_wconf 81' lang='lat' dir='ltr'>quamvis</span> <span class='ocrx_word' id='word_1_188' title='bbox 1038 2532 1375 2592; x_wconf 87' lang='lat' dir='ltr'>remissione</span> <span class='ocrx_word' id='word_1_189' title='bbox 1429 2541 1662 2590; x_wconf 88' lang='lat' dir='ltr'>eatenus</span> <span class='ocrx_word' id='word_1_190' title='bbox 1705 2533 1788 2590; x_wconf 88' lang='lat' dir='ltr'>uti</span> <span class='ocrx_word' id='word_1_191' title='bbox 1837 2534 2006 2592; x_wconf 82' lang='lat' dir='ltr'>liceat</span> <span class='ocrx_word' id='word_1_192' title='bbox 2052 2543 2117 2592; x_wconf 91' lang='lat' dir='ltr'>ut</span> <span class='ocrx_word' id='word_1_193' title='bbox 2167 2533 2385 2594; x_wconf 87' lang='lat' dir='ltr'>debitor</span> <span class='ocrx_word' id='word_1_194' title='bbox 2443 2539 2628 2614; x_wconf 84' lang='lat' dir='ltr'>possit</span> 
     </span>
     <span class='ocr_line' id='line_1_21' title="bbox 444 2605 2620 2718; baseline -0 -23"><span class='ocrx_word' id='word_1_195' title='bbox 444 2637 789 2718; x_wconf 77' lang='lat' dir='ltr'>commercio</span> <span class='ocrx_word' id='word_1_196' title='bbox 832 2650 1054 2700; x_wconf 87' lang='lat' dir='ltr'>vacare,</span> <span class='ocrx_word' id='word_1_197' title='bbox 1102 2639 1159 2688; x_wconf 91' lang='lat' dir='ltr'>et</span> <span class='ocrx_word' id='word_1_198' title='bbox 1202 2647 1367 2688; x_wconf 89' lang='lat' dir='ltr'>suam</span> <span class='ocrx_word' id='word_1_199' title='bbox 1411 2630 1688 2688; x_wconf 87' lang='lat' dir='ltr'>familiam</span> <span class='ocrx_word' id='word_1_200' title='bbox 1731 2649 1982 2708; x_wconf 83' lang='lat' dir='ltr'>congrua</span> <span class='ocrx_word' id='word_1_201' title='bbox 2018 2633 2236 2692; x_wconf 90' lang='lat' dir='ltr'>ratione</span> <span class='ocrx_word' id='word_1_202' title='bbox 2275 2605 2620 2694; x_wconf 75' lang='lat' dir='ltr'>sustentare:</span> 
     </span>
     <span class='ocr_line' id='line_1_22' title="bbox 438 2729 2622 2809; baseline 0 -17"><span class='ocrx_word' id='word_1_203' title='bbox 438 2734 571 2792; x_wconf 86' lang='lat' dir='ltr'>finis</span> <span class='ocrx_word' id='word_1_204' title='bbox 622 2736 777 2792; x_wconf 89' lang='lat' dir='ltr'>enim</span> <span class='ocrx_word' id='word_1_205' title='bbox 818 2741 907 2790; x_wconf 89' lang='lat' dir='ltr'>est</span> <span class='ocrx_word' id='word_1_206' title='bbox 942 2731 1089 2809; x_wconf 87' lang='lat' dir='ltr'>legis</span> <span class='ocrx_word' id='word_1_207' title='bbox 1140 2729 1430 2788; x_wconf 63' lang='lat' dir='ltr'>industriae</span> <span class='ocrx_word' id='word_1_208' title='bbox 1484 2730 1742 2788; x_wconf 67' lang='lat' dir='ltr'>honestat</span> <span class='ocrx_word' id='word_1_209' title='bbox 1795 2731 2005 2788; x_wconf 86' lang='lat' dir='ltr'>favere.</span> <span class='ocrx_word' id='word_1_210' title='bbox 2089 2731 2262 2798; x_wconf 85' lang='lat' dir='ltr'>Quod</span> <span class='ocrx_word' id='word_1_211' title='bbox 2311 2733 2363 2790; x_wconf 90' lang='lat' dir='ltr'>si</span> <span class='ocrx_word' id='word_1_212' title='bbox 2414 2733 2622 2792; x_wconf 87' lang='lat' dir='ltr'>divitiis</span> 
     </span>
     <span class='ocr_line' id='line_1_23' title="bbox 438 2827 2621 2908; baseline 0 -18"><span class='ocrx_word' id='word_1_213' title='bbox 438 2832 647 2892; x_wconf 90' lang='lat' dir='ltr'>deinde</span> <span class='ocrx_word' id='word_1_214' title='bbox 698 2832 1038 2908; x_wconf 85' lang='lat' dir='ltr'>comparatis</span> <span class='ocrx_word' id='word_1_215' title='bbox 1078 2829 1149 2888; x_wconf 88' lang='lat' dir='ltr'>de</span> <span class='ocrx_word' id='word_1_216' title='bbox 1190 2848 1301 2886; x_wconf 82' lang='lat' dir='ltr'>aere</span> <span class='ocrx_word' id='word_1_217' title='bbox 1342 2830 1529 2888; x_wconf 88' lang='lat' dir='ltr'>alieno</span> <span class='ocrx_word' id='word_1_218' title='bbox 1581 2827 1857 2889; x_wconf 86' lang='lat' dir='ltr'>solvendo</span> <span class='ocrx_word' id='word_1_219' title='bbox 1898 2830 2090 2888; x_wconf 89' lang='lat' dir='ltr'>minus</span> <span class='ocrx_word' id='word_1_220' title='bbox 2143 2829 2311 2888; x_wconf 87' lang='lat' dir='ltr'>fuerit</span> <span class='ocrx_word' id='word_1_221' title='bbox 2347 2832 2621 2902; x_wconf 87' lang='lat' dir='ltr'>solicitus,</span> 
     </span>
     <span class='ocr_line' id='line_1_24' title="bbox 434 2927 2620 3005; baseline 0 -15"><span class='ocrx_word' id='word_1_222' title='bbox 434 2943 627 2990; x_wconf 87' lang='lat' dir='ltr'>utrum</span> <span class='ocrx_word' id='word_1_223' title='bbox 650 2931 913 2988; x_wconf 85' lang='lat' dir='ltr'>haeredes·</span> <span class='ocrx_word' id='word_1_224' title='bbox 936 2938 1230 2988; x_wconf 87' lang='lat' dir='ltr'>teneantur</span> <span class='ocrx_word' id='word_1_225' title='bbox 1256 2931 1431 2999; x_wconf 78' lang='lat' dir='ltr'>quaeri</span> <span class='ocrx_word' id='word_1_226' title='bbox 1460 2939 1670 3005; x_wconf 87' lang='lat' dir='ltr'>potest.</span> <span class='ocrx_word' id='word_1_227' title='bbox 1726 2927 2142 2988; x_wconf 88' lang='lat' dir='ltr'>Affirmandum</span> <span class='ocrx_word' id='word_1_228' title='bbox 2169 2929 2412 3000; x_wconf 85' lang='lat' dir='ltr'>videtur,</span> <span class='ocrx_word' id='word_1_229' title='bbox 2442 2949 2620 3004; x_wconf 89' lang='lat' dir='ltr'>quum</span> 
     </span>
     <span class='ocr_line' id='line_1_25' title="bbox 437 3026 2622 3090; baseline 0 -1"><span class='ocrx_word' id='word_1_230' title='bbox 437 3032 589 3089; x_wconf 88' lang='lat' dir='ltr'>bona</span> <span class='ocrx_word' id='word_1_231' title='bbox 612 3027 907 3088; x_wconf 84' lang='lat' dir='ltr'>creditoris</span> <span class='ocrx_word' id='word_1_232' title='bbox 936 3037 1219 3085; x_wconf 84' lang='lat' dir='ltr'>transeant</span> <span class='ocrx_word' id='word_1_233' title='bbox 1241 3044 1371 3084; x_wconf 88' lang='lat' dir='ltr'>cum</span> <span class='ocrx_word' id='word_1_234' title='bbox 1400 3029 1517 3086; x_wconf 87' lang='lat' dir='ltr'>suis</span> <span class='ocrx_word' id='word_1_235' title='bbox 1552 3029 1820 3088; x_wconf 89' lang='lat' dir='ltr'>oneribus</span> <span class='ocrx_word' id='word_1_236' title='bbox 1859 3026 1932 3085; x_wconf 89' lang='lat' dir='ltr'>ad</span> <span class='ocrx_word' id='word_1_237' title='bbox 1969 3027 2245 3087; x_wconf 80' lang='lat' dir='ltr'>haeredes.</span> <span class='ocrx_word' id='word_1_238' title='bbox 2331 3029 2622 3090; x_wconf 78' lang='lat' dir='ltr'>Caeterum</span> 
     </span>
     <span class='ocr_line' id='line_1_26' title="bbox 439 3124 2618 3207; baseline 0 -19"><span class='ocrx_word' id='word_1_239' title='bbox 439 3148 619 3203; x_wconf 89' lang='lat' dir='ltr'>quum</span> <span class='ocrx_word' id='word_1_240' title='bbox 644 3126 937 3205; x_wconf 90' lang='lat' dir='ltr'>probabile</span> <span class='ocrx_word' id='word_1_241' title='bbox 963 3128 1039 3184; x_wconf 94' lang='lat' dir='ltr'>sit</span> <span class='ocrx_word' id='word_1_242' title='bbox 1064 3124 1455 3202; x_wconf 78' lang='lat' dir='ltr'>congressum</span> <span class='ocrx_word' id='word_1_243' title='bbox 1485 3127 1597 3184; x_wconf 89' lang='lat' dir='ltr'>alto</span> <span class='ocrx_word' id='word_1_244' title='bbox 1623 3129 1880 3186; x_wconf 87' lang='lat' dir='ltr'>dominio</span> <span class='ocrx_word' id='word_1_245' title='bbox 1905 3146 2075 3186; x_wconf 88' lang='lat' dir='ltr'>usum</span> <span class='ocrx_word' id='word_1_246' title='bbox 2115 3137 2178 3186; x_wconf 90' lang='lat' dir='ltr'>ut</span> <span class='ocrx_word' id='word_1_247' title='bbox 2215 3130 2618 3207; x_wconf 85' lang='lat' dir='ltr'>obligationem</span> 
     </span>
     <span class='ocr_line' id='line_1_27' title="bbox 438 3225 2622 3306; baseline 0.001 -20"><span class='ocrx_word' id='word_1_248' title='bbox 438 3231 608 3287; x_wconf 87' lang='lat' dir='ltr'>etiam</span> <span class='ocrx_word' id='word_1_249' title='bbox 634 3226 999 3286; x_wconf 84' lang='lat' dir='ltr'>conscientiae</span> <span class='ocrx_word' id='word_1_250' title='bbox 1028 3225 1201 3292; x_wconf 90' lang='lat' dir='ltr'>tollat,</span> <span class='ocrx_word' id='word_1_251' title='bbox 1231 3225 1508 3294; x_wconf 74' lang='lat' dir='ltr'>haeredes,</span> <span class='ocrx_word' id='word_1_252' title='bbox 1537 3245 1684 3298; x_wconf 90' lang='lat' dir='ltr'>quos</span> <span class='ocrx_word' id='word_1_253' title='bbox 1720 3228 1908 3286; x_wconf 87' lang='lat' dir='ltr'>nullus</span> <span class='ocrx_word' id='word_1_254' title='bbox 1935 3227 2045 3285; x_wconf 88' lang='lat' dir='ltr'>hac</span> <span class='ocrx_word' id='word_1_255' title='bbox 2072 3227 2143 3286; x_wconf 83' lang='lat' dir='ltr'>de</span> <span class='ocrx_word' id='word_1_256' title='bbox 2185 3248 2246 3287; x_wconf 93' lang='lat' dir='ltr'>re</span> <span class='ocrx_word' id='word_1_257' title='bbox 2286 3229 2622 3306; x_wconf 86' lang='lat' dir='ltr'>plerumque</span> 
     </span>
     <span class='ocr_line' id='line_1_28' title="bbox 439 3323 2622 3406; baseline 0.001 -22"><span class='ocrx_word' id='word_1_258' title='bbox 439 3328 741 3406; x_wconf 88' lang='lat' dir='ltr'>scrupulus</span> <span class='ocrx_word' id='word_1_259' title='bbox 781 3327 952 3403; x_wconf 87' lang='lat' dir='ltr'>angit,</span> <span class='ocrx_word' id='word_1_260' title='bbox 994 3325 1094 3383; x_wconf 81' lang='lat' dir='ltr'>vix</span> <span class='ocrx_word' id='word_1_261' title='bbox 1135 3323 1377 3402; x_wconf 86' lang='lat' dir='ltr'>eogendi</span> <span class='ocrx_word' id='word_1_262' title='bbox 1416 3336 1582 3384; x_wconf 87' lang='lat' dir='ltr'>erunt</span> <span class='ocrx_word' id='word_1_263' title='bbox 1617 3335 1681 3385; x_wconf 91' lang='lat' dir='ltr'>ut</span> <span class='ocrx_word' id='word_1_264' title='bbox 1717 3327 2029 3396; x_wconf 89' lang='lat' dir='ltr'>restituant,</span> <span class='ocrx_word' id='word_1_265' title='bbox 2073 3329 2332 3402; x_wconf 89' lang='lat' dir='ltr'>quamvis</span> <span class='ocrx_word' id='word_1_266' title='bbox 2373 3329 2622 3388; x_wconf 84' lang='lat' dir='ltr'>maxime</span> 
     </span>
     <span class='ocr_line' id='line_1_29' title="bbox 439 3424 1612 3486; baseline -0.003 -1"><span class='ocrx_word' id='word_1_267' title='bbox 439 3426 705 3486; x_wconf 69' lang='lat' dir='ltr'>laudandi</span> <span class='ocrx_word' id='word_1_268' title='bbox 730 3427 781 3484; x_wconf 86' lang='lat' dir='ltr'>si</span> <span class='ocrx_word' id='word_1_269' title='bbox 808 3427 1001 3484; x_wconf 87' lang='lat' dir='ltr'>animo</span> <span class='ocrx_word' id='word_1_270' title='bbox 1026 3424 1219 3482; x_wconf 90' lang='lat' dir='ltr'>libenti</span> <span class='ocrx_word' id='word_1_271' title='bbox 1244 3424 1612 3483; x_wconf 85' lang='lat' dir='ltr'>satisfaciant.</span> 
     </span>
    </p>
   </div>
   <div class='ocr_carea' id='block_1_3' title="bbox 436 3608 2623 4189">
    <p class='ocr_par' dir='ltr' id='par_1_3' title="bbox 436 3608 2623 4189">
     <span class='ocr_line' id='line_1_30' title="bbox 441 3608 2620 3674; baseline -0 -13"><span class='ocrx_word' id='word_1_272' title='bbox 441 3613 574 3662; x_wconf 81' lang='lat' dir='ltr'>leave</span> <span class='ocrx_word' id='word_1_273' title='bbox 596 3612 673 3662; x_wconf 85' lang='lat' dir='ltr'>his</span> <span class='ocrx_word' id='word_1_274' title='bbox 696 3613 957 3673; x_wconf 75' lang='lat' dir='ltr'>obliganon</span> <span class='ocrx_word' id='word_1_275' title='bbox 978 3617 1029 3658; x_wconf 88' lang='lat' dir='ltr'>to</span> <span class='ocrx_word' id='word_1_276' title='bbox 1050 3625 1161 3673; x_wconf 77' lang='lat' dir='ltr'>pay,</span> <span class='ocrx_word' id='word_1_277' title='bbox 1186 3614 1273 3658; x_wconf 88' lang='lat' dir='ltr'>out</span> <span class='ocrx_word' id='word_1_278' title='bbox 1293 3608 1350 3656; x_wconf 85' lang='lat' dir='ltr'>of</span> <span class='ocrx_word' id='word_1_279' title='bbox 1375 3609 1454 3658; x_wconf 86' lang='lat' dir='ltr'>his</span> <span class='ocrx_word' id='word_1_280' title='bbox 1488 3610 1648 3660; x_wconf 84' lang='lat' dir='ltr'>future</span> <span class='ocrx_word' id='word_1_281' title='bbox 1671 3610 1997 3674; x_wconf 73' lang='lat' dir='ltr'>acquisitione,</span> <span class='ocrx_word' id='word_1_282' title='bbox 2018 3608 2072 3658; x_wconf 89' lang='lat' dir='ltr'>in</span> <span class='ocrx_word' id='word_1_283' title='bbox 2094 3610 2183 3660; x_wconf 79' lang='lat' dir='ltr'>fun</span> <span class='ocrx_word' id='word_1_284' title='bbox 2204 3610 2346 3668; x_wconf 56' lang='lat' dir='ltr'>form·</span> <span class='ocrx_word' id='word_1_285' title='bbox 2415 3609 2526 3658; x_wconf 86' lang='lat' dir='ltr'>The</span> <span class='ocrx_word' id='word_1_286' title='bbox 2547 3611 2620 3660; x_wconf 88' lang='lat' dir='ltr'>in-</span> 
     </span>
     <span class='ocr_line' id='line_1_31' title="bbox 442 3694 2619 3760; baseline -0.001 -13"><span class='ocrx_word' id='word_1_287' title='bbox 442 3700 629 3748; x_wconf 83' lang='lat' dir='ltr'>solvent</span> <span class='ocrx_word' id='word_1_288' title='bbox 650 3705 728 3748; x_wconf 84' lang='lat' dir='ltr'>act</span> <span class='ocrx_word' id='word_1_289' title='bbox 748 3699 805 3746; x_wconf 86' lang='lat' dir='ltr'>of</span> <span class='ocrx_word' id='word_1_290' title='bbox 832 3696 1104 3760; x_wconf 74' lang='lat' dir='ltr'>Maryland,</span> <span class='ocrx_word' id='word_1_291' title='bbox 1127 3695 1184 3744; x_wconf 85' lang='lat' dir='ltr'>of</span> <span class='ocrx_word' id='word_1_292' title='bbox 1214 3697 1360 3754; x_wconf 81' lang='lat'>1774,</span> <span class='ocrx_word' id='word_1_293' title='bbox 1383 3694 1628 3760; x_wconf 83' lang='lat' dir='ltr'>subjeeted</span> <span class='ocrx_word' id='word_1_294' title='bbox 1650 3704 1700 3746; x_wconf 92' lang='lat' dir='ltr'>to</span> <span class='ocrx_word' id='word_1_295' title='bbox 1721 3697 1804 3745; x_wconf 88' lang='lat' dir='ltr'>the</span> <span class='ocrx_word' id='word_1_296' title='bbox 1825 3696 2000 3745; x_wconf 84' lang='lat' dir='ltr'>former</span> <span class='ocrx_word' id='word_1_297' title='bbox 2021 3696 2158 3744; x_wconf 89' lang='lat' dir='ltr'>debts</span> <span class='ocrx_word' id='word_1_298' title='bbox 2180 3696 2237 3744; x_wconf 86' lang='lat' dir='ltr'>of</span> <span class='ocrx_word' id='word_1_299' title='bbox 2257 3695 2339 3744; x_wconf 77' lang='lat' dir='ltr'>the</span> <span class='ocrx_word' id='word_1_300' title='bbox 2362 3695 2619 3754; x_wconf 53' lang='lat' dir='ltr'>insolvenn</span> 
     </span>
     <span class='ocr_line' id='line_1_32' title="bbox 446 3777 2623 3845; baseline -0.002 -12"><span class='ocrx_word' id='word_1_301' title='bbox 446 3783 524 3832; x_wconf 86' lang='lat' dir='ltr'>his</span> <span class='ocrx_word' id='word_1_302' title='bbox 546 3783 706 3832; x_wconf 81' lang='lat' dir='ltr'>future</span> <span class='ocrx_word' id='word_1_303' title='bbox 728 3781 1041 3845; x_wconf 75' lang='lat' dir='ltr'>acquisitione</span> <span class='ocrx_word' id='word_1_304' title='bbox 1062 3781 1126 3842; x_wconf 84' lang='lat' dir='ltr'>by</span> <span class='ocrx_word' id='word_1_305' title='bbox 1149 3777 1360 3837; x_wconf 86' lang='lat' dir='ltr'>descent,</span> <span class='ocrx_word' id='word_1_306' title='bbox 1383 3779 1485 3840; x_wconf 80' lang='lat' dir='ltr'>gist,</span> <span class='ocrx_word' id='word_1_307' title='bbox 1508 3780 1685 3839; x_wconf 81' lang='lat' dir='ltr'>devise,</span> <span class='ocrx_word' id='word_1_308' title='bbox 1705 3781 1921 3842; x_wconf 88' lang='lat' dir='ltr'>bequest‚</span> <span class='ocrx_word' id='word_1_309' title='bbox 1944 3794 1997 3828; x_wconf 90' lang='lat' dir='ltr'>or</span> <span class='ocrx_word' id='word_1_310' title='bbox 2018 3778 2072 3828; x_wconf 89' lang='lat' dir='ltr'>in</span> <span class='ocrx_word' id='word_1_311' title='bbox 2093 3795 2124 3827; x_wconf 83' lang='lat' dir='ltr'>a</span> <span class='ocrx_word' id='word_1_312' title='bbox 2144 3795 2313 3829; x_wconf 86' lang='lat' dir='ltr'>course</span> <span class='ocrx_word' id='word_1_313' title='bbox 2335 3779 2392 3828; x_wconf 83' lang='lat' dir='ltr'>of</span> <span class='ocrx_word' id='word_1_314' title='bbox 2404 3780 2623 3829; x_wconf 87' lang='lat' dir='ltr'>distribu-</span> 
     </span>
     <span class='ocr_line' id='line_1_33' title="bbox 436 3862 2620 3934; baseline 0 -21"><span class='ocrx_word' id='word_1_315' title='bbox 436 3866 589 3917; x_wconf 87' lang='lat' dir='ltr'>tion.”</span> <span class='ocrx_word' id='word_1_316' title='bbox 660 3867 755 3915; x_wconf 84' lang='lat' dir='ltr'>See</span> <span class='ocrx_word' id='word_1_317' title='bbox 789 3869 820 3915; x_wconf 82' lang='lat'>3</span> <span class='ocrx_word' id='word_1_318' title='bbox 856 3866 1009 3916; x_wconf 71' lang='lat' dir='ltr'>Har-r.</span> <span class='ocrx_word' id='word_1_319' title='bbox 1045 3865 1088 3921; x_wconf 58' lang='grc' dir='ltr'>ᾧ</span> <span class='ocrx_word' id='word_1_320' title='bbox 1121 3862 1295 3916; x_wconf 78' lang='lat' dir='ltr'>Johm.</span> <span class='ocrx_word' id='word_1_321' title='bbox 1331 3863 1412 3912; x_wconf 75' lang='lat'>61.</span> <span class='ocrx_word' id='word_1_322' title='bbox 1482 3863 1658 3934; x_wconf 52' lang='lat' dir='ltr'>Kentfs</span> <span class='ocrx_word' id='word_1_323' title='bbox 1693 3863 1886 3912; x_wconf 89' lang='lat' dir='ltr'>Comm.</span> <span class='ocrx_word' id='word_1_324' title='bbox 1918 3863 2013 3913; x_wconf 79' lang='lat' dir='ltr'>vol.</span> <span class='ocrx_word' id='word_1_325' title='bbox 2035 3863 2086 3913; x_wconf 87' lang='lat' dir='ltr'>ii.</span> <span class='ocrx_word' id='word_1_326' title='bbox 2109 3879 2156 3928; x_wconf 87' lang='lat' dir='ltr'>p.</span> <span class='ocrx_word' id='word_1_327' title='bbox 2180 3880 2226 3912; x_wconf 84' lang='lat' dir='ltr'>v.</span> <span class='ocrx_word' id='word_1_328' title='bbox 2249 3865 2337 3914; x_wconf 85' lang='lat' dir='ltr'>lec.</span> <span class='ocrx_word' id='word_1_329' title='bbox 2360 3865 2547 3914; x_wconf 82' lang='lat' dir='ltr'>xxxvii.</span> <span class='ocrx_word' id='word_1_330' title='bbox 2569 3881 2620 3915; x_wconf 87' lang='lat' dir='ltr'>n.</span> 
     </span>
     <span class='ocr_line' id='line_1_34' title="bbox 442 3952 765 4004; baseline 0.009 -4"><span class='ocrx_word' id='word_1_331' title='bbox 442 3955 556 4001; x_wconf 75' lang='lat'>³95.</span> <span class='ocrx_word' id='word_1_332' title='bbox 626 3952 765 4004; x_wconf 73' lang='lat' dir='ltr'>Note·</span> 
     </span>
     <span class='ocr_line' id='line_1_35' title="bbox 508 4031 2623 4103; baseline -0 -19"><span class='ocrx_word' id='word_1_333' title='bbox 508 4038 592 4103; x_wconf 92' lang='lat'>(1)</span> <span class='ocrx_word' id='word_1_334' title='bbox 632 4036 691 4096; x_wconf 74' lang='lat' dir='ltr'>L.</span> <span class='ocrx_word' id='word_1_335' title='bbox 713 4037 745 4086; x_wconf 91' lang='lat' dir='ltr'>i.</span> <span class='ocrx_word' id='word_1_336' title='bbox 768 4035 874 4086; x_wconf 83' lang='lat' dir='ltr'>cod.</span> <span class='ocrx_word' id='word_1_337' title='bbox 904 4033 1007 4096; x_wconf 78' lang='lat' dir='ltr'>Qui</span> <span class='ocrx_word' id='word_1_338' title='bbox 1030 4033 1171 4086; x_wconf 73' lang='lat' dir='ltr'>bonis</span> <span class='ocrx_word' id='word_1_339' title='bbox 1192 4031 1354 4084; x_wconf 80' lang='lat' dir='ltr'>cedere</span> <span class='ocrx_word' id='word_1_340' title='bbox 1369 4039 1602 4100; x_wconf 69' lang='lat' dir='ltr'>possunt.</span> <span class='ocrx_word' id='word_1_341' title='bbox 1695 4035 1779 4099; x_wconf 75' lang='lat'>(2)</span> <span class='ocrx_word' id='word_1_342' title='bbox 1817 4031 1878 4082; x_wconf 91' lang='lat' dir='ltr'>L.</span> <span class='ocrx_word' id='word_1_343' title='bbox 1899 4031 1963 4082; x_wconf 82' lang='lat' dir='ltr'>iv.</span> <span class='ocrx_word' id='word_1_344' title='bbox 1984 4031 2035 4084; x_wconf 78' lang='lat' dir='ltr'>ff.</span> <span class='ocrx_word' id='word_1_345' title='bbox 2056 4033 2116 4084; x_wconf 81' lang='lat' dir='ltr'>de</span> <span class='ocrx_word' id='word_1_346' title='bbox 2136 4038 2346 4086; x_wconf 68' lang='lat' dir='ltr'>cantone</span> <span class='ocrx_word' id='word_1_347' title='bbox 2367 4033 2623 4086; x_wconf 74' lang='lat' dir='ltr'>bonorum.</span> 
     </span>
     <span class='ocr_line' id='line_1_36' title="bbox 510 4117 2616 4189; baseline -0 -21"><span class='ocrx_word' id='word_1_348' title='bbox 510 4123 594 4189; x_wconf 83' lang='lat'>(3)</span> <span class='ocrx_word' id='word_1_349' title='bbox 632 4121 691 4170; x_wconf 92' lang='lat' dir='ltr'>L.</span> <span class='ocrx_word' id='word_1_350' title='bbox 713 4122 779 4170; x_wconf 84' lang='lat' dir='ltr'>vi.</span> <span class='ocrx_word' id='word_1_351' title='bbox 798 4119 849 4170; x_wconf 82' lang='lat' dir='ltr'>ff.</span> <span class='ocrx_word' id='word_1_352' title='bbox 872 4120 978 4170; x_wconf 86' lang='lat' dir='ltr'>eod.</span> <span class='ocrx_word' id='word_1_353' title='bbox 1002 4118 1072 4168; x_wconf 83' lang='lat' dir='ltr'>tit.</span> <span class='ocrx_word' id='word_1_354' title='bbox 1581 4119 1666 4186; x_wconf 86' lang='lat'>(4)</span> <span class='ocrx_word' id='word_1_355' title='bbox 1693 4118 1821 4168; x_wconf 86' lang='lat' dir='ltr'>Vide</span> <span class='ocrx_word' id='word_1_356' title='bbox 1843 4117 2056 4174; x_wconf 69' lang='lat' dir='ltr'>Blackst.</span> <span class='ocrx_word' id='word_1_357' title='bbox 2083 4117 2275 4170; x_wconf 87' lang='lat' dir='ltr'>Comm.</span> <span class='ocrx_word' id='word_1_358' title='bbox 2300 4120 2331 4170; x_wconf 88' lang='lat'>1.</span> <span class='ocrx_word' id='word_1_359' title='bbox 2353 4119 2404 4169; x_wconf 88' lang='lat' dir='ltr'>ii.</span> <span class='ocrx_word' id='word_1_360' title='bbox 2426 4135 2477 4171; x_wconf 87' lang='lat' dir='ltr'>n.</span> <span class='ocrx_word' id='word_1_361' title='bbox 2499 4120 2616 4168; x_wconf 79' lang='lat'>484.</span> 
     </span>
    </p>
   </div>
   <div class='ocr_carea' id='block_1_4' title="bbox 1503 4295 1722 4390">
    <p class='ocr_par' dir='ltr' id='par_1_4' title="bbox 1503 4295 1722 4390">
     <span class='ocr_line' id='line_1_37' title="bbox 1503 4295 1722 4390; baseline 0.009 -2"><span class='ocrx_word' id='word_1_362' title='bbox 1503 4334 1614 4390; x_wconf 74' lang='lat'>12*</span> <span class='ocrx_word' id='word_1_363' title='bbox 1707 4295 1722 4314; x_wconf 63' lang='lat'><em>⁴</em></span> 
     </span>
    </p>
   </div>
  </div>
 </body>
</html>
