3117 5217
494 564 615 617 256
1262 559 1377 617 DE
1421 558 1928 617 BENEFICIIS.

494 724 604 781 nisi
632 720 899 798 indignus
926 723 1033 779 sit:
1064 738 1138 779 ex
1164 723 1441 787 electione
1468 724 1658 795 aliqua
1684 722 1951 798 pendent,
1981 739 2108 794 quae
2137 721 2253 777 vim
2291 722 2566 787 obtinent,
2595 738 2688 777 ae-

495 820 732 878 cedente
761 819 975 896 praelati
1002 821 1449 879 confirmatione.
1681 806 1687 813 ⁸

571 922 670 977 90.
715 916 790 976 In
820 918 1231 977 commendam
1252 919 1371 977 dari
1393 919 1654 977 dicuntur
1672 919 1967 986 beneficia,
1991 935 2232 989 quorum
2254 916 2685 982 administratio,

496 1034 598 1073 seu
626 1015 883 1074 custodia
908 1018 1075 1075 alicui
1102 1017 1281 1086 datur,
1311 1020 1451 1090 quin
1480 1018 1672 1076 titulus
1701 1017 1847 1093 apud
1877 1034 2007 1075 eum
2035 1017 2137 1072 sit:
2177 1014 2336 1087 quod
2360 1017 2411 1073 si
2437 1014 2600 1073 detur
2623 1015 2716 1071 in·

496 1124 853 1191 perpetuum,
884 1116 1083 1173 eadem
1112 1117 1229 1173 fere
1247 1116 1379 1192 jura
1404 1117 1459 1173 ei
1485 1125 1814 1191 competunt
1840 1135 1904 1172 ac
1934 1117 1985 1173 si
2011 1115 2172 1171 titulo
2199 1114 2493 1171 frueretur.
2579 1113 2684 1170 Ti·

426 1252 431 1257 ·
496 1213 671 1270 tulare
700 1212 1276 1282 diciturbenefieium,
1298 1216 1463 1292 eujus
1492 1214 1684 1271 titulus
1706 1224 1762 1271 et
1777 1216 1876 1291 jus
1898 1214 1969 1271 ad
1987 1213 2156 1271 vitam
2180 1214 2352 1269 alicui
2371 1213 2676 1270 confertur.

586 1316 684 1368 91.
729 1310 1217 1390 Incompatibilia
1239 1323 1371 1372 sunt
1389 1314 1684 1381 beneficia,
1711 1332 1836 1385 quae
1855 1313 1924 1369 ab
1950 1311 2152 1370 eodem
2181 1312 2352 1369 simul
2369 1312 2563 1369 haberi
2593 1328 2689 1367 ne·

497 1420 727 1481 queunt,
757 1430 934 1484 quum
974 1430 1092 1469 non
1118 1413 1299 1487 possit
1324 1413 1592 1470 oneribus
1619 1413 1909 1491 utriusque
1943 1410 2119 1469 simul
2156 1409 2497 1468 satisfacere.
2583 1410 2681 1465 Sic

496 1510 694 1581 nequit
732 1511 861 1582 quis
903 1509 1043 1568 duas
1084 1511 1289 1569 habere
1330 1512 1628 1587 paroeciaS,
1659 1530 1786 1583 quae
1815 1530 1848 1567 a
1873 1525 1938 1567 se
1979 1511 2367 1587 sejungantur,
2411 1509 2502 1565 vel
2540 1507 2682 1565 duos

498 1608 881 1684 episcopatus.
972 1608 1400 1686 Campatibilia
1426 1609 1705 1668 habentur
1729 1628 1854 1681 quae
1882 1610 2010 1681 quis
2051 1606 2219 1666 simul
2255 1605 2548 1683 possidere
2589 1625 2688 1682 po-

499 1715 626 1772 test,
656 1725 832 1778 quum
859 1726 1031 1765 onera
1056 1707 1284 1765 diverso
1313 1717 1569 1783 tempore
1597 1707 1976 1783 persolvenda
1999 1708 2132 1765 sint.

577 1808 675 1862 92.
722 1814 759 1840 ‘⁶
783 1806 1139 1864 Beneficium
1163 1806 1610 1863 ecclesiasticum
1643 1825 1758 1863 non
1789 1816 1976 1881 potest
2001 1805 2154 1863 licite
2181 1806 2307 1861 sine
2335 1804 2684 1862 institutione

498 1905 771 1960 canonica
798 1898 1131 1960 obtineri.”¹
1216 1904 1489 1962 Defectus
1532 1914 1722 1963 tamen
1749 1905 1915 1971 tituli,
1946 1906 2044 1977 qui
2069 1904 2230 1967 latuit
2257 1922 2390 1959 eum
2423 1904 2520 1975 qui
2547 1902 2687 1959 obti-

498 2002 619 2058 nuit
662 2001 1025 2077 beneficium,
1074 2012 1304 2059 sanatur
1352 2003 1724 2078 possessione
1793 2004 1960 2061 trium
2016 2017 2316 2068 annorum,
2374 2000 2684 2059 dummodo

498 2099 801 2155 simoniam
829 2098 981 2157 haud
1006 2099 1319 2159 admiserit.
1406 2110 1444 2136 “
1465 2100 1665 2159 Voluit
1691 2110 1747 2158 et
1765 2102 2049 2159 ordinavit
2064 2101 2216 2159 idem
2239 2101 2524 2159 Dominus
2555 2118 2682 2156 nos-

502 2196 647 2263 ter,”
682 2196 925 2275 (Papa)
957 2208 994 2233 ‘⁶
1012 2210 1075 2257 ut
1098 2201 1151 2257 si
1178 2202 1308 2271 quis
1336 2219 1711 2273 quaecumque
1739 2200 2016 2258 beneficia
2041 2200 2446 2267 ecclesiastica,
2477 2198 2687 2272 qualia·

502 2314 745 2367 cumque
774 2298 905 2365 sint,
936 2299 1151 2370 absque
1178 2300 1494 2356 simoniaco
1521 2300 1804 2374 ingressit,
1832 2318 1906 2356 ex
1933 2299 2264 2376 apostolica,
2289 2309 2384 2355 aut
2409 2298 2691 2356 ordinaria

501 2393 821 2461 collatione,
852 2405 947 2452 aut
972 2397 1248 2455 electione
1277 2416 1379 2473 per
1406 2398 1711 2454 triennium
1740 2398 1976 2474 pacifice
2018 2397 2354 2474 possederit,
2385 2398 2434 2453 si
2473 2416 2536 2454 se
2575 2414 2692 2454 non

500 2492 809 2559 intruserit,
838 2495 1371 2573 super-hujusmodi
1394 2496 1693 2550 benefieiis
1716 2498 2002 2547 maiestati
2028 2490 2376 2557 nequam-”2

582 2594 682 2643 93.
726 2584 952 2643 Libera
980 2586 1217 2645 collatio
1238 2588 1497 2644 omnium
1518 2585 1926 2643 beneficiorum
1955 2602 2072 2641 suae
2094 2583 2356 2642 dioecesis
2376 2584 2505 2659 jure
2533 2599 2688 2639 eom-

502 2686 660 2742 muni
690 2688 963 2761 competit
988 2674 1293 2762 episcopm
1322 2685 1581 2757 quaedam
1605 2694 1792 2742 tamen
1814 2703 1888 2741 ex
1909 2681 2259 2750 fundatione,
2289 2682 2381 2739 vel
2402 2680 2690 2757 pontificis

502 2785 901 2850 reservatione,
932 2784 1023 2840 vel
1048 2785 1159 2842 alio
1186 2803 1261 2841 ex
1288 2786 1472 2859 eapite
1500 2784 1637 2867 alias
1665 2782 2044 2841 conferuntur.
2130 2783 2195 2839 Si
2212 2781 2530 2857 neglexerit
2548 2779 2692 2837 illud

502 2882 758 2939 conferre
799 2882 944 2939 intra
969 2900 1075 2938 sex
1102 2901 1332 2939 menses
1362 2903 1395 2939 a
1420 2882 1621 2939 notitia
1659 2882 1966 2951 vacationis
2009 2880 2214 2948 habita,
2243 2880 2338 2937 -vel
2377 2880 2427 2936 si
2454 2876 2716 2953 indigno'

504 2979 826 3047 contulerit,
847 2981 947 3056 jus
974 2999 1079 3056 pro
1108 2999 1175 3037 ea
1214 2991 1428 3039 tantum
1470 2982 1593 3038 viee
1623 2978 1694 3037 ad
1735 2981 2104 3055 Superiorem
2144 2980 2473 3055 proximum
2515 2975 2690 3054 gradu

505 3077 773 3145 devolvit,
804 3090 860 3134 et
886 3079 968 3134 sie
995 3078 1272 3155 gradatim
1298 3080 1368 3137 ad
1397 3081 1638 3156 Papam.

584 3180 683 3231 94.
727 3177 1097 3239 Praesentatio
1136 3187 1224 3234 est
1260 3179 1539 3235 exhibitio
1578 3196 1840 3254 personae
1881 3177 2178 3256 cujusdam
2221 3177 2290 3234 ad
2330 3175 2693 3241 beneficium,

503 3273 761 3349 legitime
789 3273 933 3330 facta
960 3276 1239 3349 superiori
1268 3296 1299 3333 a
1326 3285 1584 3351 patrone,
1613 3288 1675 3333 ut
1711 3277 2051 3335 instituatur.
2138 3277 2422 3334 Institutio
2449 3285 2537 3331 est
2559 3291 2695 3346 eon·

506 3372 692 3429 cessio
725 3372 873 3448 juris
914 3372 973 3429 in
1019 3374 1299 3432 beneficio
1338 3376 1483 3432 facta
1528 3375 1598 3432 ad
1644 3379 2136 3451 praesentationem
2176 3376 2417 3450 patroni.
2501 3372 2694 3430 Laicis

506 3468 810 3543 aliquando
838 3473 1109 3549 competit
1136 3474 1513 3549 praesentatio,
1542 3484 1600 3531 et
1628 3476 1728 3552 jus
1757 3484 2102 3551 patronatuS,
2133 3474 2286 3547 quod
2326 3484 2414 3531 est
2444 3480 2702 3549 potestas

504 3563 937 3646 praesentandi.³

585 3674 684 3727 95.
730 3670 912 3727 Vacet
937 3679 1159 3747 oportet
1184 3672 1525 3729 beneficium
1556 3681 1618 3729 ut
1643 3674 1770 3745 quis
1810 3682 2112 3747 praesentet
2151 3671 2398 3744 aliquem
2429 3671 2526 3742 qui
2551 3668 2698 3726 illud

507 3766 883 3842 adipiscaturt
918 3771 1085 3827 vetita
1112 3772 1324 3847 quippe
1346 3781 1435 3828 est
1460 3772 1650 3830 omnis
1679 3772 2056 3847 praesentatiO,
2083 3772 2172 3828 vel
2188 3770 2494 3847 promissio
2522 3769 2694 3824 bene-

502 3864 617 3922 ficii
638 3866 789 3923 haud
814 3870 1064 3926 vacantis
1082 3867 1129 3935 ;⁴
1155 3880 1435 3947 repugnat
1460 3871 1615 3928 enim
1642 3870 1806 3927 bonis
1829 3871 2106 3937 moribus,
2131 3878 2186 3927 et
2205 3872 2354 3927 viam
2377 3865 2690 3927 innumeris

590 4051 674 4116 (l)
712 4051 832 4113 Reg.
848 4053 879 4100 J
883 4054 979 4101 uris
998 4055 1051 4102 in
1074 4058 1120 4101 6.
1699 4060 1778 4122 (2)
1814 4057 1935 4118 Reg·
1961 4057 2291 4107 Canoellariae.

590 4138 673 4201 (3)
713 4136 772 4183 In
784 4136 967 4197 Anglia
976 4140 1341 4201 juspatronatus
1352 4140 1413 4189 ad
1431 4142 1650 4204 quiedam
1667 4142 1902 4191 beneficia
1917 4158 2022 4205 quae
2035 4144 2139 4207 jam
2155 4143 2482 4189 Protestantes
2498 4140 2694 4199 habent,

512 4236 663 4284 penes
688 4219 966 4268 Catholicos
988 4224 1222 4283 quosdam
1246 4226 1498 4288 optimates
1522 4232 1608 4276 est.
1675 4226 1796 4274 Non
1815 4226 1954 4275 video
1972 4226 2214 4288 quomodo
2231 4227 2417 4289 possint
2433 4226 2566 4273 salva
2581 4241 2698 4273 eon-

510 4304 711 4353 scientia
732 4302 975 4351 ministros
1008 4304 1254 4355 haereticos
1287 4316 1588 4372 praesentare,
1611 4324 1764 4373 quum
1798 4312 1992 4372 o'peram
2013 4325 2154 4358 suam
2177 4308 2292 4357 dent
2312 4308 2483 4358 haeresi
2501 4314 2691 4357 susten-

512 4389 683 4438 tandoe.

589 4475 673 4539 (4)
716 4472 837 4538 Cap.
860 4474 909 4524 ii.
943 4474 1003 4526 de
1026 4488 1227 4527 cmwese.
1242 4476 1402 4546 praeb.
