3117 5217
506 570 624 627 364
1295 566 1408 626 DE
1453 566 1901 627 CENSURIS.

511 734 668 794 nulla
703 734 998 811 adsignata
1041 751 1232 801 causa,
1269 751 1396 805 qum
1437 734 1705 792 Pontifici
1732 744 1947 791 tantum
1976 729 2319 808 exponenda
2344 723 2481 786 est.¹
2564 732 2603 761 ‘⁶
2623 724 2692 782 In

513 834 640 893 aliis
667 852 802 891 vero
829 832 1097 891 casibus”
1125 833 1317 905 inquit
1341 831 1551 899 collat,
1582 832 1655 891 de
1694 834 1922 890 casibus
1946 832 2004 888 in
2032 832 2239 903 quibus
2278 826 2532 900 exempti
2561 833 2691 880 sunt

511 950 649 991 mox
675 933 919 1001 locutus,
961 940 1134 990 “non
1173 934 1366 990 minus
1405 950 1577 1004 quam
1618 930 1805 991 caeteri
1846 932 2102 988 censuris
2130 928 2367 988 obnoxii
2392 933 2543 991 sunt,
2576 964 2590 979 .
2624 966 2639 980 .
2671 964 2686 977 .

508 1032 662 1091 unde
701 1042 915 1090 certum
963 1039 1052 1089 est
1091 1031 1399 1107 regulares,
1439 1033 1490 1089 si
1531 1032 1745 1103 absque
1784 1031 2045 1107 episcopi
2084 1030 2315 1087 licentia
2364 1024 2686 1101 praedicare,

509 1130 865 1189 saecularium
905 1131 1300 1189 confessiones
1353 1132 1644 1207 excipere,
1692 1131 1987 1189 absolvere
2032 1150 2065 1186 a
2114 1130 2339 1186 casibus
2390 1124 2691 1181 reservatis

509 1240 872 1305 praesumant,
901 1239 1010 1287 etc.
1039 1232 1300 1288 censuris
1321 1231 1584 1306 episcopi
1612 1230 1891 1289 obnoxios
1914 1222 2141 1287 esse.”²

587 1332 686 1386 42.
733 1329 1134 1406 Appellatione
1167 1330 1312 1387 facta
1350 1348 1382 1385 a
1407 1330 1687 1390 sententia
1726 1329 1831 1387 sub
1870 1326 2195 1386 conditione
2234 1326 2366 1391 lata,
2394 1342 2511 1381 non
2546 1320 2693 1377 valet

509 1446 752 1486 censura
777 1427 1048 1504 deinceps
1075 1429 1310 1506 prolata,
1341 1429 1476 1500 quia
1515 1446 1605 1485 res
1633 1426 1704 1485 ad
1730 1428 1992 1503 superius
2021 1426 2262 1483 tribunal
2294 1424 2576 1481 defertur:
2618 1438 2687 1475 v:

507 1546 580 1603 g:
611 1528 660 1585 si
688 1528 968 1585 sententia
994 1527 1084 1584 his
1113 1528 1294 1585 verbis
1323 1526 1566 1585 feramr:
1598 1536 1638 1562 ⁶⁶
1655 1504 1765 1585 uisi
1794 1525 2140 1602 Sempronio
2172 1525 2317 1582 intra
2341 1521 2541 1597 viginti
2568 1518 2694 1575 dies

507 1626 871 1693 satisfeceris,
919 1638 973 1683 te
1019 1626 1607 1694 excommunicatum,
1648 1638 1743 1683 aut
1764 1616 2145 1701 suspensum,
2194 1632 2288 1679 aut
2332 1620 2695 1678 interdictum

509 1744 638 1785 esse
667 1716 1080 1801 cognoscas.”³
1159 1725 1278 1783 Sed
1307 1728 1587 1783 sententia
1626 1726 1879 1782 absolute
1918 1724 2029 1782 lata
2067 1723 2251 1779 statim
2283 1720 2495 1778 obtinet
2520 1716 2693 1773 effec-

510 1834 653 1893 tum,
683 1826 818 1883 licet
836 1824 1140 1901 appellatio
1166 1825 1587 1899 interponatur:
1622 1831 1659 1858 ⁶⁶
1682 1841 1839 1891 sane,
1868 1824 2015 1880 sicut
2040 1816 2576 1881 excommunicatiO,
2607 1816 2696 1872 sic

511 1925 580 1981 ab
599 1924 810 1989 offici0‚
841 1923 932 1979 vel
959 1924 1028 1979 ab
1055 1924 1313 1998 ingressu
1343 1922 1624 1979 Ecclesia:
1664 1921 1776 1979 lata
1810 1922 2135 1997 suspensio,
2164 1927 2261 1975 aut
2299 1918 2479 1993 ipsius
2522 1912 2698 1971 effec·,

507 2032 618 2088 tus,
645 2040 750 2097 per
775 2021 1212 2095 appellationem
1241 2029 1575 2093 sequentem
1604 2020 1839 2078 minime
1866 2011 2387 2095 suspenduntur.”⁴
2438 2016 2539 2071 Sic
2560 2032 2695 2070 cen-

505 2122 622 2179 suit
649 2118 922 2179 Pontifex
949 2119 1392 2179 denuntiandum
1421 2121 2001 2186 excommunicatum,
2030 2130 2087 2175 et
2120 2116 2479 2193 spoliandum
2507 2110 2699 2170 reddi-

507 2205 678 2289 tibus,
705 2221 838 2279 licet
865 2220 1247 2295 appellaverit,
1291 2228 1329 2255 ⁶⁶
1351 2238 1482 2278 cum
1523 2221 1921 2278 executionem
1948 2214 2464 2277 excommunicatio
2490 2231 2696 2269 secum

513 2314 789 2378 trahat.²’⁵

589 2423 690 2475 43.
721 2419 857 2476 Non
889 2419 1038 2476 valet
1061 2436 1304 2476 censura
1321 2420 1556 2495 prolata,
1576 2420 1775 2477 ordine
1787 2420 2135 2497 judiciorum
2158 2434 2389 2493 prorsus
2412 2413 2693 2489 neglecto.

514 2517 672 2575 Hinc
699 2519 750 2575 si
776 2520 965 2592 omnis
995 2519 1233 2576 monitio
1261 2522 1476 2577 omissa
1501 2514 1627 2587 sit‚‘'>
1651 2520 1742 2576 vel
1768 2522 1829 2577 in
1854 2538 1913 2575 re
1942 2517 2093 2575 haud
2124 2516 2427 2573 manifesta
2450 2522 2509 2569 et
2532 2521 2697 2569 noto·

507 2617 610 2684 ria,
655 2636 754 2675 reo
801 2618 958 2675 nulla
995 2619 1122 2676 data
1161 2620 1236 2675 sit
1280 2620 1444 2695 copia
1485 2614 1911 2685 vindiciarum‚⁷
1948 2635 2189 2674 censura
2228 2616 2285 2672 vi
2320 2614 2478 2672 omni
2517 2620 2687 2667 caret.

511 2716 646 2775 Una
673 2718 912 2775 monitio
941 2718 1152 2794 praevia
1178 2716 1248 2773 ad
1287 2718 1536 2775 valorem
1566 2736 1819 2775 censurae
1843 2702 2089 2775 sufficit.
2176 2714 2387 2772 Peccat
2424 2712 2691 2788 graviter,

515 2826 572 2873 et
597 2816 945 2873 interdicitur
983 2816 1241 2878 ecclesia:
1284 2816 1541 2893 ingressu
1586 2835 1688 2891 per
1714 2834 1995 2883 mensem,
2038 2816 2155 2887 qui,
2185 2812 2344 2872 omn-i
2379 2810 2696 2869 monitione

514 2916 746 2982 omissa,
775 2933 1074 2972 censuram
1099 2915 1225 2973 sert:
1257 2933 1424 2986 quam
1455 2924 1646 2973 tamen
1672 2934 1899 2992 poenam
1926 2916 2233 2990 episcopus
2254 2930 2368 2969 non
2396 2908 2695 2968 contrahit.

509 3013 721 3071 Peccat
745 3015 915 3071 etiam
943 3014 1062 3086 qui,
1089 3022 1252 3070 extra
1277 3032 1476 3071 casum
1503 3016 1881 3082 necessitatis,
1910 3032 2207 3071 censuram
2233 3012 2449 3087 >scripto
2477 3007 2693 3065 tradere

511 3112 765 3188 negligit,
795 3132 926 3185 quae„
949 3097 1137 3170 tamen
1165 3131 1308 3170 voce
1335 3115 1552 3187 prolata
1576 3114 1742 3171 valet.

551 3272 560 3279 ‚
588 3214 686 3266 44.
732 3210 995 3267 Censura
1023 3210 1239 3284 prolata
1265 3212 1338 3268 ob
1365 3214 1583 3269 crimen
1612 3214 1673 3269 in
1693 3212 1915 3287 judicio
1942 3211 2099 3269 falsis
2129 3208 2467 3281 testimoniis
2496 3206 2697 3282 proba-

510 3319 626 3364 tum
656 3308 810 3365 nulla
837 3318 942 3376 est,
971 3326 1148 3380 quum
1189 3307 1344 3366 nulla
1383 3311 1456 3367 sit
1483 3311 1641 3386 justa
1678 3328 1803 3369 eam
1832 3309 2159 3386 proferendi
2200 3327 2401 3365 causa:
2447 3315 2693 3362 attamen

512 3406 787 3464 servanda
805 3418 894 3465 est
911 3406 1159 3485 publice,
1181 3408 1576 3473 neaucteritas
1596 3410 1849 3486 legitima
1865 3412 2058 3485 sperni
2074 3408 2346 3466 videatur.
2404 3403 2697 3477 Equidem

511 3508 651 3566 ordo
678 3508 942 3581 postulat,
966 3517 1028 3565 ut
1050 3509 1345 3565 sententia:
1373 3528 1406 3565 a
1436 3509 1633 3587 judice
1660 3510 1889 3585 prolatae
1917 3520 2230 3576 serventur,
2260 3508 2445 3565 donec
2470 3524 2506 3561 a
2528 3521 2699 3578 supe·

515 3608 663 3665 riore
694 3606 903 3665 fuerint
927 3608 1220 3665 rescissae:
1253 3626 1366 3679 qua
1392 3609 1451 3664 in
1477 3627 1537 3665 re
1566 3608 1881 3666 exercenda
1907 3618 1994 3665 est
2018 3608 2254 3665 humilis
2283 3604 2455 3665 animi
2482 3603 2699 3678 patien-

512 3708 621 3763 tia:
655 3713 768 3762 ⁶⁶et
795 3708 1002 3765 ωηο-εί
1029 3706 1320 3765 humiliter
1345 3694 1605 3775 sustinet,
1632 3707 1961 3764 humilitatis
2004 3708 2265 3765 meritum
2300 3711 2701 3778 recompensat

511 3808 1118 3863 excommunicationis
1147 3800 1517 3863 damnum.”⁸
1599 3806 1787 3865 Multo
1814 3807 1997 3882 magis
2024 3804 2299 3863 servanda
2322 3818 2411 3861 est
2434 3818 2697 3867 censura,

433 3982 438 3985 Ι
523 3905 692 3980 cujus
720 3904 994 3981 injustitia
1018 3924 1134 3963 non
1163 3913 1250 3962 est
1275 3906 1590 3981 explorata.
1676 3904 1941 3963 Censura
1966 3912 2173 3973 autem,
2202 3904 2313 3963 lata
2341 3903 2553 3973 absque
2582 3898 2702 3957 ullo

585 4071 669 4135 (1)
711 4068 894 4117 Bened.
917 4070 1018 4118 xiv.
1041 4070 1189 4119 Bulla
1211 4088 1316 4135 quae
1339 4072 1536 4135 incipit:
1576 4071 1892 4123 Fir-mandis.

579 4154 663 4220 (2)
703 4154 780 4203 De
801 4154 1038 4213 censuris,
1061 4171 1108 4218 p.
1132 4157 1163 4204 i.
1187 4174 1229 4205 c.
1253 4157 1320 4205 iii.
1345 4164 1430 4205 art.
1453 4157 1520 4206 iii.
1543 4158 1717 4207 concil.
1738 4157 1789 4206 ii.

582 4242 666 4306 (3)
709 4237 832 4303 Cap.
856 4240 922 4287 xl.
945 4238 1004 4289 de
1027 4240 1210 4307 appell.
1620 4243 1704 4309 (4)
1746 4236 1807 4290 C.
1829 4258 1914 4290 xx.
1937 4240 1996 4291 de
2018 4245 2142 4291 sent.
2166 4256 2347 4290 excom.
2366 4240 2419 4289 in
2443 4242 2490 4287 6.

579 4326 678 4391 (5)
704 4323 829 4388 Cap.
850 4324 936 4373 liii.
959 4324 1019 4375 de
1045 4324 1228 4393 appell.
1615 4329 1700 4395 (6)
1741 4325 1903 4375 Collet
1924 4325 1983 4377 de
2006 4327 2242 4384 censuris,
2258 4340 2306 4390 p.
2328 4325 2361 4374 i.
2382 4342 2424 4375 c.
2442 4324 2509 4375 iii.
2524 4330 2610 4373 stt.
2628 4323 2691 4372 iv.

577 4413 664 4476 (7)
705 4409 979 4473 Laymann,
1001 4409 1064 4460 de
1085 4412 1324 4470 censuris,
1347 4412 1378 4460 l.
1399 4412 1432 4461 i.
1455 4418 1589 4461 tract.
1613 4428 1659 4459 v.
1682 4428 1724 4461 c.
1750 4411 1813 4459 vi.
1837 4426 1887 4459 n.
1904 4412 1953 4458 4.

582 4498 668 4563 (8)
707 4496 767 4544 In
790 4495 854 4545 iv,
875 4494 986 4545 dist.
1003 4496 1138 4545 xviii.
1161 4512 1242 4559 qu.
1265 4495 1315 4545 ii.
1339 4502 1425 4545 stt.
1448 4496 1480 4544 i.
1503 4512 1585 4559 qu.
1608 4496 1657 4545 ii.
