3117 5217
1351 485 1463 543 DE
1509 484 1759 543 LUDO.
2520 485 2635 541 211

2170 574 2179 603 Ι

461 653 722 729 publiciS,
751 663 847 710 aut
887 654 1120 729 privatis
1149 654 1410 711 domibus
1453 654 1546 714 vel
1586 654 1730 713 locis
1771 652 1986 720 ludere,
2018 661 2112 709 aut
2139 651 2459 727 inspicere3
2501 661 2563 711 et
2597 651 2649 707 si

466 761 660 809 contra
685 752 890 809 sactum
932 752 1121 819 suerit,
1151 753 1307 810 nulla
1345 762 1615 824 sequatur
1652 731 2071 818 condemnatio,
2104 748 2276 829 (victi
2302 748 2529 809 scilicet
2568 750 2653 807 ad

466 847 864 928 solvendum,)
893 851 996 907 sed
1024 852 1272 908 solutum
1299 850 1583 917 reddatur,
1626 861 1683 907 et
1721 851 2039 911 actionibus
2078 850 2535 924 competentibus
2564 867 2651 905 re-

409 968 412 971 ·
468 957 688 1023 petatur
713 950 780 1005 ab
809 950 880 1006 iis
908 951 1007 1022 qui
1033 948 1370 1007 dederunt.''
1433 950 1775 1007 consonant
1799 950 1957 1023 leges
1983 940 2480 1022 Pennsplvaniae.1
2544 946 2653 1005 Hae

470 1058 658 1104 tamen
683 1047 960 1105 habentur
997 1059 1285 1120 tamquam
1327 1066 1484 1105 mere
1526 1048 1805 1123 poenaleS,
1850 1066 2088 1119 quarum
2117 1047 2348 1104 violatio
2388 1045 2655 1106 lethalem

471 1144 749 1203 maculam
777 1164 894 1203 non
920 1146 1155 1204 inducit.
1241 1146 1356 1211 Qui
1389 1145 1635 1203 ludendo
1666 1146 1880 1217 absque
1909 1144 2101 1203 fraude
2141 1145 2389 1221 lucratus
2410 1155 2525 1212 -est,
2555 1164 2658 1221 po-

466 1253 575 1301 test
592 1246 815 1302 lucrum
843 1245 1104 1312 retinere,
1129 1244 1313 1302 donec
1343 1244 1621 1301 sententia
1633 1242 1845 1317 judicis
1872 1244 1927 1299 ei
1948 1242 2117 1300 fuerit
2143 1244 2410 1301 ablatum.
2455 1244 2657 1301 Victus

472 1353 662 1400 tamen
689 1343 837 1418 legis
860 1344 1140 1401 beneficio
1165 1344 1248 1399 uti
1276 1344 1519 1417 poterit3
1549 1341 1793 1413 ideoque
1820 1341 2099 1399 abstinere
2130 1362 2162 1398 a
2182 1342 2494 1425 solvend03
2524 1360 2659 1399 nam

475 1450 514 1475 ‘⁴
539 1440 740 1497 frustra
768 1442 1022 1509 solvitur,
1051 1440 1206 1514 quod
1231 1430 1422 1498 statim
1449 1439 1821 1516 repetendum
1848 1436 2031 1496 est.’'2
2112 1441 2177 1497 Si
2203 1440 2463 1497 ludentes
2488 1442 2659 1498 bene·

474 1540 608 1597 ficio
634 1539 778 1614 legis
819 1540 1278 1607 renuntiaverint,
1305 1539 1535 1612 fideque
1575 1540 1824 1614 praestita
1863 1556 1992 1594 sese
2032 1540 2403 1613 obligaverint
2441 1538 2509 1595 ad
2552 1540 2665 1596 sol·

475 1637 744 1715 vendum,
781 1638 918 1710 quin
957 1639 1236 1696 ullatenus
1277 1637 1432 1713 apud
1467 1636 1726 1713 judicem
1768 1645 2104 1712 repeterent,
2148 1638 2336 1709 cessio
2384 1637 2505 1694 haec
2545 1656 2661 1694 non

476 1736 644 1804 valet,
687 1755 864 1809 quum
906 1738 1058 1795 bono
1102 1738 1398 1818 communi
1442 1745 1743 1811 repugnet.
1852 1734 2140 1793 Caeterum
2190 1737 2241 1792 si
2278 1738 2663 1812 juramentum

475 1835 794 1902 accesserit,
823 1854 940 1895 non
967 1844 1231 1911 poterunt
1251 1836 1322 1893 ad
1347 1835 1536 1911 legem
1566 1835 1875 1910 confugere
1900 1854 1915 1901 3
1960 1834 2137 1891 divini
2166 1836 2415 1892 nominis
2446 1836 2663 1911 quippe

475 1936 788 1991 reverentia
815 1936 1011 2010 exigit,
1040 1943 1101 1992 ut
1117 1934 1526 2010 juramentum,
1549 1934 1703 2006 quod
1727 1934 1938 2005 absque
1962 1943 2195 2008 peccato
2224 1934 2437 1990 servari
2455 1942 2661 2008 potest,

475 2042 748 2091 servetur.
833 2034 1024 2108 Negat
1063 2034 1233 2090 etiam
1261 2034 1345 2111 S.
1376 2033 1736 2108 AlphonsuS,
1783 2051 1913 2111 cum
1958 2031 2187 2100 Lessi0,
2231 2034 2445 2091 victum
2489 2050 2661 2107 posse

472 2133 778 2207 juramenti
825 2132 1228 2188 relaxationem
1272 2151 1304 2186 a
1347 2132 1583 2207 praelato
1630 2140 1862 2205 petere3
1924 2150 2057 2187 nam
2103 2140 2421 2199 contractus
2462 2149 2566 2206 per
2604 2148 2666 2186 se

479 2229 648 2296 valet,
677 2240 735 2286 et
759 2228 912 2302 quod
939 2231 1068 2301 quis
1087 2228 1337 2287 ludendo
1359 2231 1567 2297 amisit,
1591 2230 1812 2287 solvere
1836 2228 1991 2286 nulla
2008 2229 2135 2305 lege
2157 2229 2507 2305 prohibetur.
2552 2229 2669 2294 Qui

481 2337 667 2384 autem
695 2328 948 2395 solverit,
978 2329 1239 2400 quamvis
1267 2330 1451 2405 possit
1469 2329 1693 2405 judicio
1721 2338 1974 2404 repetere
2002 2329 2284 2397 solutum,
2302 2330 2351 2386 si
2373 2330 2667 2405 juramen-

481 2435 602 2481 tum
627 2424 780 2482 haud
806 2426 1206 2492 intercesserit,
1230 2429 1428 2498 nequit
1455 2436 1641 2483 tamen
1673 2428 1893 2483 occulte
1918 2427 2027 2483 sibi
2048 2446 2441 2503 compensare,
2474 2436 2511 2463 “
2534 2428 2669 2500 quia

481 2522 802 2581 dominium
831 2524 1086 2599 pecuniae
1115 2523 1314 2581 solutae
1330 2525 1450 2599 jam
1476 2524 1657 2580 valide
1688 2523 2011 2580 translatum
2040 2532 2144 2589 est,
2173 2524 2323 2583 unde
2346 2526 2527 2601 repeti
2552 2544 2669 2582 non

485 2631 690 2697 potest,
719 2623 832 2680 nisi
859 2640 1050 2678 coram
1083 2618 1378 2698 judice.”³
1459 2622 1525 2678 Si
1567 2622 1748 2678 victus
1788 2622 1917 2677 ficte
1958 2621 2245 2680 minitetur
2267 2640 2329 2678 se
2358 2624 2418 2680 in
2452 2623 2672 2699 judicio

481 2721 848 2797 repetiturum
880 2720 1148 2786 solutum,
1191 2729 1248 2777 et
1274 2722 1454 2778 victor
1493 2721 1811 2780 consentiat
1852 2719 2181 2795 transigere,
2226 2720 2483 2796 pluribus
2512 2722 2672 2778 theo-

379 2902 386 2907 ·
485 2820 630 2895 logis
658 2839 789 2877 cum
819 2820 884 2877 S.
908 2818 1210 2895 Alphonso
1232 2820 1452 2877 videtur
1473 2820 1661 2877 valere
1685 2819 1983 2876 transactio
2005 2837 2021 2885 ς
2056 2818 2331 2891 quidquid
2350 2822 2505 2879 enim
2526 2818 2677 2877 cedit

483 2918 680 2984 victor,
710 2918 882 2974 donat
905 2927 968 2973 ut
992 2918 1174 2973 victus
1203 2917 1364 2975 cedat
1382 2919 1520 2995 juri,
1550 2937 1665 2989 quo
1697 2937 1829 2974 vere
1866 2918 2063 2992 pollet,
2093 2918 2407 2993 repetendi.
2459 2905 2468 2913 ⁸

575 3019 709 3073 149.
753 3015 965 3072 Vetant
990 3034 1238 3072 canones
1265 3037 1338 3074 ne
1367 3017 1556 3074 clerici
1578 3016 1713 3073 aleis
1741 3016 1974 3073 ludant:
2009 3024 2047 3050 ‘⁴
2069 3016 2161 3072 Ad
2190 3018 2341 3074 aleas
2371 3029 2427 3074 et
2447 3018 2672 3075 taxillos

489 3132 605 3171 non
655 3114 869 3181 ludant,
913 3134 1020 3173 nec
1058 3114 1388 3191 hujusmodi
1432 3114 1585 3173 ludis
1630 3107 1988 3173 intersint.”⁴
2068 3116 2342 3173 Veterum
2391 3135 2673 3173 canonum

490 3212 597 3270 hac
640 3215 698 3271 in
739 3232 799 3270 re
840 3223 1089 3272 sanctam
1138 3216 1497 3275 severitatem
1540 3216 1835 3273 renovavit
1872 3215 2178 3271 concilium
2221 3210 2676 3282 Tridentinum,⁵

491 3314 780 3370 contrariis
827 3314 1138 3389 reprobatis
1185 3314 1709 3373 consuetudinibus·
1796 3312 2082 3371 Caeterum
2125 3314 2379 3391 pluribus
2426 3316 2485 3382 in
2529 3314 2671 3372 locis

491 3411 644 3487 rigor
682 3412 780 3469 ille
829 3412 1067 3469 adversa
1105 3412 1517 3471 consuetudine
1557 3414 1847 3489 mitigatus
1898 3422 1987 3469 est
2011 3421 2043 3468 :'
2078 3415 2218 3484 quin
2260 3412 2471 3470 idcirco
2511 3413 2678 3469 liceat

493 3510 714 3567 clericis
743 3510 1080 3568 aleatoribus
1109 3512 1422 3569 manifestis
1451 3529 1539 3576 ea,
1569 3528 1695 3582 quae
1736 3529 1928 3585 prava,
1960 3528 2027 3565 ac
2051 3510 2369 3585 corruptela
2395 3508 2682 3567 censenda

491 3608 654 3675 foret,
685 3628 748 3666 se
779 3600 974 3665 tueri.⁶
1039 3610 1156 3674 Qui
1181 3629 1328 3677 rare,
1359 3608 1668 3675 moderate,
1698 3616 1755 3664 et
1780 3608 2065 3683 privatim,
2094 3609 2215 3664 sine
2245 3606 2510 3663 scandalo
2538 3607 2676 3663 aleis

493 3707 713 3774 ludunt,
741 3707 1104 3764 recreationis
1145 3709 1342 3783 gratia,
1384 3716 1627 3782 possunt
1668 3726 1699 3762 a
1726 3706 1893 3780 culpa
1930 3705 2225 3772 vindicari,
2259 3704 2455 3761 saltem
2498 3706 2674 3781 gravi,
2765 3725 2776 3735 ·

493 3805 553 3861 in
577 3806 720 3863 locis
747 3806 806 3862 in
847 3804 1050 3877 quibus
1091 3824 1339 3862 canones
1381 3824 1498 3861 non
1541 3803 1719 3879 rigide
1761 3797 2181 3876 observantur.⁷
2262 3804 2453 3860 Multo
2496 3806 2677 3881 magis

499 3912 843 3961 excusantur
869 3905 970 3975 qui
996 3903 1162 3961 ludos
1192 3905 1353 3970 alios,
1383 3904 1442 3960 in
1471 3903 1678 3974 quibus
1705 3902 2004 3959 intervenit
2023 3901 2311 3970 industria,
2341 3903 2407 3960 ad
2428 3904 2679 3961 animum
2718 3890 2723 3895 ’

497 4001 864 4061 recreandum
893 4002 1179 4059 adhibent.
1267 4001 1554 4058 Caeterum
1594 3998 1922 4057 scandalum
1952 4001 2201 4058 maxime
2229 4001 2543 4059 cavendum
2572 4014 2677 4069 est,

575 4159 658 4223 (l)
698 4158 824 4207 Vide
847 4159 1032 4220 Digest,
1053 4160 1126 4207 tit.
1155 4158 1396 4225 Gaming.
1844 4161 1928 4225 (2)
1968 4157 2027 4207 L.
2048 4158 2276 4211 creditori
2299 4162 2345 4207 5.
2368 4148 2427 4211 d'e
2440 4160 2623 4239 pastis.

577 4244 663 4309 (a)
702 4243 1066 4306 S.A1ph.1.iii.
1088 4260 1137 4293 n.
1175 4246 1290 4293 891.
1311 4244 1425 4293 dub.
1449 4249 1494 4293 7.

579 4330 657 4392 (4)
698 4327 758 4375 C.
783 4327 974 4387 Clerici,
997 4328 1056 4379 de
1075 4332 1180 4381 vita
1203 4336 1250 4381 et
1272 4328 1454 4379 honest.
1479 4328 1620 4380 cleric
1844 4331 1928 4395 (5)
1968 4329 2097 4378 Sess.
2120 4331 2240 4379 xxii.
2263 4346 2305 4378 c.
2335 4332 2377 4377 1.

575 4415 658 4478 (6)
701 4412 760 4460 C.
785 4411 916 4461 Inter
935 4412 1146 4473 dilectos,
1163 4414 1225 4463 de
1245 4430 1426 4462 excess.
1451 4414 1588 4463 Prael.
1839 4414 1927 4481 (7)
1970 4413 2023 4463 S.
2047 4414 2286 4479 Alphons.
2309 4414 2341 4461 l.
2362 4413 2429 4461 iii.
2452 4430 2501 4461 n.
2526 4415 2641 4461 899.
