<?xml version="1.0" encoding="UTF-8"?>
<!DOCTYPE html PUBLIC "-//W3C//DTD XHTML 1.0 Transitional//EN"
    "http://www.w3.org/TR/xhtml1/DTD/xhtml1-transitional.dtd">
<html xmlns="http://www.w3.org/1999/xhtml" xml:lang="en" lang="en">
 <head>
  <title>
</title>
<meta http-equiv="Content-Type" content="text/html;charset=utf-8" />
  <meta name='ocr-system' content='tesseract 3.04.00' />
  <meta name='ocr-capabilities' content='ocr_page ocr_carea ocr_par ocr_line ocrx_word'/>
</head>
<body>
  <div class='ocr_page' id='page_1' title='image "./theologiaemoral00unkngoog_0193.png"; bbox 0 0 3117 5217; ppageno 0'>
   <div class='ocr_carea' id='block_1_1' title="bbox 1282 557 2602 618">
    <p class='ocr_par' dir='ltr' id='par_1_1' title="bbox 1282 557 2602 618">
     <span class='ocr_line' id='line_1_1' title="bbox 1282 557 2602 618; baseline 0.001 -2"><span class='ocrx_word' id='word_1_1' title='bbox 1282 557 1398 617; x_wconf 78' lang='lat' dir='ltr'>DE</span> <span class='ocrx_word' id='word_1_2' title='bbox 1444 557 1747 617; x_wconf 78' lang='lat' dir='ltr'>USURA.</span> <span class='ocrx_word' id='word_1_3' title='bbox 2153 557 2164 567; x_wconf 83' lang='lat'>&#39;</span> <span class='ocrx_word' id='word_1_4' title='bbox 2485 563 2602 618; x_wconf 74' lang='lat'>179</span> 
     </span>
    </p>
   </div>
   <div class='ocr_carea' id='block_1_2' title="bbox 379 718 2628 4278">
    <p class='ocr_par' dir='ltr' id='par_1_2' title="bbox 415 718 2610 1797">
     <span class='ocr_line' id='line_1_2' title="bbox 493 718 2595 805; baseline 0 -18"><span class='ocrx_word' id='word_1_5' title='bbox 493 731 594 787; x_wconf 87' lang='lat'>90.</span> <span class='ocrx_word' id='word_1_6' title='bbox 637 728 842 787; x_wconf 80' lang='lat' dir='ltr'><strong>Utrum</strong></span> <span class='ocrx_word' id='word_1_7' title='bbox 881 727 989 798; x_wconf 63' lang='lat' dir='ltr'>⁹lex</span> <span class='ocrx_word' id='word_1_8' title='bbox 1036 726 1224 786; x_wconf 77' lang='lat' dir='ltr'>civilis</span> <span class='ocrx_word' id='word_1_9' title='bbox 1280 727 1471 804; x_wconf 87' lang='lat' dir='ltr'>justus</span> <span class='ocrx_word' id='word_1_10' title='bbox 1496 718 1498 720; x_wconf 53' lang='grc'><strong><em>’</em></strong></span> <span class='ocrx_word' id='word_1_11' title='bbox 1521 728 1605 787; x_wconf 69' lang='lat' dir='ltr'>sit</span> <span class='ocrx_word' id='word_1_12' title='bbox 1649 727 1843 787; x_wconf 74' lang='lat' dir='ltr'>titulus</span> <span class='ocrx_word' id='word_1_13' title='bbox 1896 727 2109 799; x_wconf 88' lang='lat' dir='ltr'>aliquid</span> <span class='ocrx_word' id='word_1_14' title='bbox 2160 744 2335 805; x_wconf 88' lang='lat' dir='ltr'>supra</span> <span class='ocrx_word' id='word_1_15' title='bbox 2380 742 2595 789; x_wconf 78' lang='lat' dir='ltr'><strong>sortem</strong></span> 
     </span>
     <span class='ocr_line' id='line_1_3' title="bbox 416 826 2596 903; baseline 0 -16"><span class='ocrx_word' id='word_1_16' title='bbox 416 826 707 903; x_wconf 76' lang='lat' dir='ltr'>exigendi,</span> <span class='ocrx_word' id='word_1_17' title='bbox 757 828 1208 889; x_wconf 74' lang='lat' dir='ltr'>controvertitur.</span> <span class='ocrx_word' id='word_1_18' title='bbox 1295 826 1566 900; x_wconf 74' lang='lat' dir='ltr'>Plerique</span> <span class='ocrx_word' id='word_1_19' title='bbox 1611 826 1882 903; x_wconf 80' lang='lat' dir='ltr'>theologi,</span> <span class='ocrx_word' id='word_1_20' title='bbox 1913 826 2149 888; x_wconf 83' lang='lat' dir='ltr'>omnino</span> <span class='ocrx_word' id='word_1_21' title='bbox 2190 838 2417 902; x_wconf 85' lang='lat' dir='ltr'>negant,</span> <span class='ocrx_word' id='word_1_22' title='bbox 2461 846 2596 887; x_wconf 79' lang='lat' dir='ltr'>nam</span> 
     </span>
     <span class='ocr_line' id='line_1_4' title="bbox 415 924 2601 1012; baseline 0.001 -30"><span class='ocrx_word' id='word_1_23' title='bbox 415 945 596 998; x_wconf 88' lang='lat' dir='ltr'>quum</span> <span class='ocrx_word' id='word_1_24' title='bbox 622 927 718 983; x_wconf 88' lang='lat' dir='ltr'>lex</span> <span class='ocrx_word' id='word_1_25' title='bbox 745 936 955 984; x_wconf 82' lang='lat' dir='ltr'>naturae</span> <span class='ocrx_word' id='word_1_26' title='bbox 984 935 1198 983; x_wconf 89' lang='lat' dir='ltr'>tantum</span> <span class='ocrx_word' id='word_1_27' title='bbox 1228 926 1477 1001; x_wconf 67' lang='lat' dir='ltr'>postulet</span> <span class='ocrx_word' id='word_1_28' title='bbox 1499 937 1561 982; x_wconf 90' lang='lat' dir='ltr'>ut</span> <span class='ocrx_word' id='word_1_29' title='bbox 1586 926 1851 984; x_wconf 83' lang='lat' dir='ltr'>reddatur</span> <span class='ocrx_word' id='word_1_30' title='bbox 1890 924 2045 1012; x_wconf 81' lang='lat' dir='ltr'>quod</span> <span class='ocrx_word' id='word_1_31' title='bbox 2084 938 2377 1001; x_wconf 84' lang='lat' dir='ltr'>acceptum</span> <span class='ocrx_word' id='word_1_32' title='bbox 2408 937 2514 995; x_wconf 84' lang='lat' dir='ltr'>est,</span> <span class='ocrx_word' id='word_1_33' title='bbox 2542 934 2601 985; x_wconf 80' lang='lat' dir='ltr'>et</span> 
     </span>
     <span class='ocr_line' id='line_1_5' title="bbox 417 1024 2601 1103; baseline 0.001 -22"><span class='ocrx_word' id='word_1_34' title='bbox 417 1025 514 1083; x_wconf 86' lang='lat' dir='ltr'>lex</span> <span class='ocrx_word' id='word_1_35' title='bbox 541 1024 732 1086; x_wconf 82' lang='lat' dir='ltr'>divina</span> <span class='ocrx_word' id='word_1_36' title='bbox 758 1025 1049 1103; x_wconf 75' lang='lat' dir='ltr'>praecipiat</span> <span class='ocrx_word' id='word_1_37' title='bbox 1073 1024 1218 1083; x_wconf 82' lang='lat' dir='ltr'><strong>nihil</strong></span> <span class='ocrx_word' id='word_1_38' title='bbox 1245 1026 1390 1087; x_wconf 77' lang='lat' dir='ltr'>ultra</span> <span class='ocrx_word' id='word_1_39' title='bbox 1415 1025 1783 1100; x_wconf 82' lang='lat' dir='ltr'>sperandum,</span> <span class='ocrx_word' id='word_1_40' title='bbox 1811 1026 1995 1098; x_wconf 89' lang='lat' dir='ltr'>liquet</span> <span class='ocrx_word' id='word_1_41' title='bbox 2032 1024 2255 1083; x_wconf 81' lang='lat' dir='ltr'>civilem</span> <span class='ocrx_word' id='word_1_42' title='bbox 2300 1028 2601 1085; x_wconf 86' lang='lat' dir='ltr'>auctorita-</span> 
     </span>
     <span class='ocr_line' id='line_1_6' title="bbox 415 1122 2603 1200; baseline 0.002 -19"><span class='ocrx_word' id='word_1_43' title='bbox 415 1133 532 1182; x_wconf 86' lang='lat' dir='ltr'>tem</span> <span class='ocrx_word' id='word_1_44' title='bbox 559 1125 792 1183; x_wconf 75' lang='lat' dir='ltr'>nonnisi</span> <span class='ocrx_word' id='word_1_45' title='bbox 819 1126 999 1183; x_wconf 87' lang='lat' dir='ltr'>abusu</span> <span class='ocrx_word' id='word_1_46' title='bbox 1026 1124 1331 1182; x_wconf 84' lang='lat' dir='ltr'>manifesto</span> <span class='ocrx_word' id='word_1_47' title='bbox 1356 1124 1648 1200; x_wconf 81' lang='lat' dir='ltr'>potestatis</span> <span class='ocrx_word' id='word_1_48' title='bbox 1689 1123 1829 1197; x_wconf 90' lang='lat' dir='ltr'>quid</span> <span class='ocrx_word' id='word_1_49' title='bbox 1854 1123 2005 1183; x_wconf 87' lang='lat' dir='ltr'>aliud</span> <span class='ocrx_word' id='word_1_50' title='bbox 2030 1122 2354 1183; x_wconf 79' lang='lat' dir='ltr'>decernere.</span> <span class='ocrx_word' id='word_1_51' title='bbox 2438 1124 2603 1185; x_wconf 84' lang='lat' dir='ltr'>Irrita</span> 
     </span>
     <span class='ocr_line' id='line_1_7' title="bbox 423 1222 2602 1300; baseline 0.001 -21"><span class='ocrx_word' id='word_1_52' title='bbox 423 1225 594 1298; x_wconf 86' lang='lat' dir='ltr'>igitur</span> <span class='ocrx_word' id='word_1_53' title='bbox 619 1232 676 1280; x_wconf 85' lang='lat' dir='ltr'>et</span> <span class='ocrx_word' id='word_1_54' title='bbox 702 1243 848 1281; x_wconf 86' lang='lat' dir='ltr'>vana</span> <span class='ocrx_word' id='word_1_55' title='bbox 873 1223 1155 1281; x_wconf 84' lang='lat' dir='ltr'>aestimant</span> <span class='ocrx_word' id='word_1_56' title='bbox 1181 1241 1307 1294; x_wconf 81' lang='lat' dir='ltr'>quae</span> <span class='ocrx_word' id='word_1_57' title='bbox 1335 1222 1471 1281; x_wconf 86' lang='lat' dir='ltr'>alias</span> <span class='ocrx_word' id='word_1_58' title='bbox 1511 1222 1723 1279; x_wconf 88' lang='lat' dir='ltr'>fuerint</span> <span class='ocrx_word' id='word_1_59' title='bbox 1760 1233 1979 1292; x_wconf 73' lang='lat' dir='ltr'>statuta,</span> <span class='ocrx_word' id='word_1_60' title='bbox 2020 1241 2150 1280; x_wconf 86' lang='lat' dir='ltr'>cum</span> <span class='ocrx_word' id='word_1_61' title='bbox 2191 1222 2396 1283; x_wconf 79' lang='lat' dir='ltr'>divinae</span> <span class='ocrx_word' id='word_1_62' title='bbox 2435 1223 2602 1300; x_wconf 87' lang='lat' dir='ltr'>legis,</span> 
     </span>
     <span class='ocr_line' id='line_1_8' title="bbox 429 1306 2605 1399; baseline 0.001 -20"><span class='ocrx_word' id='word_1_63' title='bbox 429 1332 488 1379; x_wconf 90' lang='lat' dir='ltr'>et</span> <span class='ocrx_word' id='word_1_64' title='bbox 505 1323 744 1399; x_wconf 83' lang='lat' dir='ltr'>justitiae</span> <span class='ocrx_word' id='word_1_65' title='bbox 771 1321 1116 1398; x_wconf 75' lang='lat' dir='ltr'>dispendi03</span> <span class='ocrx_word' id='word_1_66' title='bbox 1159 1306 1273 1392; x_wconf 82' lang='lat' dir='ltr'>qua</span> <span class='ocrx_word' id='word_1_67' title='bbox 1299 1321 1370 1379; x_wconf 88' lang='lat' dir='ltr'>de</span> <span class='ocrx_word' id='word_1_68' title='bbox 1413 1340 1585 1379; x_wconf 87' lang='lat' dir='ltr'>causa</span> <span class='ocrx_word' id='word_1_69' title='bbox 1626 1321 1951 1382; x_wconf 87' lang='lat' dir='ltr'>emendatas</span> <span class='ocrx_word' id='word_1_70' title='bbox 1994 1340 2123 1379; x_wconf 83' lang='lat' dir='ltr'>esse</span> <span class='ocrx_word' id='word_1_71' title='bbox 2164 1333 2222 1378; x_wconf 89' lang='lat' dir='ltr'>et</span> <span class='ocrx_word' id='word_1_72' title='bbox 2258 1323 2605 1399; x_wconf 73' lang='lat' dir='ltr'>irnprobatas</span> 
     </span>
     <span class='ocr_line' id='line_1_9' title="bbox 415 1418 2601 1496; baseline 0 -15"><span class='ocrx_word' id='word_1_73' title='bbox 415 1439 694 1481; x_wconf 82' lang='lat' dir='ltr'>caesareas</span> <span class='ocrx_word' id='word_1_74' title='bbox 722 1440 790 1478; x_wconf 92' lang='lat' dir='ltr'>ea</span> <span class='ocrx_word' id='word_1_75' title='bbox 815 1421 884 1478; x_wconf 90' lang='lat' dir='ltr'>de</span> <span class='ocrx_word' id='word_1_76' title='bbox 911 1438 972 1479; x_wconf 90' lang='lat' dir='ltr'>re</span> <span class='ocrx_word' id='word_1_77' title='bbox 997 1421 1154 1496; x_wconf 81' lang='lat' dir='ltr'>leges</span> <span class='ocrx_word' id='word_1_78' title='bbox 1184 1429 1380 1479; x_wconf 89' lang='lat' dir='ltr'>mouet</span> <span class='ocrx_word' id='word_1_79' title='bbox 1405 1419 1753 1480; x_wconf 78' lang='lat' dir='ltr'>Benedictus</span> <span class='ocrx_word' id='word_1_80' title='bbox 1769 1418 1960 1489; x_wconf 91' lang='lat' dir='ltr'>XIV.‚</span> <span class='ocrx_word' id='word_1_81' title='bbox 1984 1422 2041 1479; x_wconf 93' lang='lat' dir='ltr'>in</span> <span class='ocrx_word' id='word_1_82' title='bbox 2068 1438 2241 1496; x_wconf 86' lang='lat' dir='ltr'>opere</span> <span class='ocrx_word' id='word_1_83' title='bbox 2268 1440 2375 1480; x_wconf 90' lang='lat' dir='ltr'>suo</span> <span class='ocrx_word' id='word_1_84' title='bbox 2392 1422 2601 1481; x_wconf 81' lang='lat' dir='ltr'>dioece-</span> 
     </span>
     <span class='ocr_line' id='line_1_10' title="bbox 417 1518 2601 1598; baseline 0.001 -21"><span class='ocrx_word' id='word_1_85' title='bbox 417 1538 582 1585; x_wconf 88' lang='lat' dir='ltr'>sano,</span> <span class='ocrx_word' id='word_1_86' title='bbox 611 1520 752 1577; x_wconf 86' lang='lat' dir='ltr'>etin</span> <span class='ocrx_word' id='word_1_87' title='bbox 779 1520 906 1595; x_wconf 87' lang='lat' dir='ltr'>ipsa</span> <span class='ocrx_word' id='word_1_88' title='bbox 931 1540 1034 1577; x_wconf 90' lang='lat' dir='ltr'>sua</span> <span class='ocrx_word' id='word_1_89' title='bbox 1075 1518 1501 1579; x_wconf 78' lang='lat' dir='ltr'>Constitutione</span> <span class='ocrx_word' id='word_1_90' title='bbox 1541 1520 1679 1577; x_wconf 84' lang='lat' dir='ltr'>satis</span> <span class='ocrx_word' id='word_1_91' title='bbox 1717 1521 1902 1579; x_wconf 84' lang='lat' dir='ltr'>innuit</span> <span class='ocrx_word' id='word_1_92' title='bbox 1936 1520 2267 1595; x_wconf 80' lang='lat' dir='ltr'>opinionem</span> <span class='ocrx_word' id='word_1_93' title='bbox 2310 1520 2601 1598; x_wconf 84' lang='lat' dir='ltr'>theologo·</span> 
     </span>
     <span class='ocr_line' id='line_1_11' title="bbox 427 1618 2610 1697; baseline 0 -20"><span class='ocrx_word' id='word_1_94' title='bbox 427 1638 555 1677; x_wconf 90' lang='lat' dir='ltr'>rum</span> <span class='ocrx_word' id='word_1_95' title='bbox 583 1618 802 1677; x_wconf 81' lang='lat' dir='ltr'>lucrum</span> <span class='ocrx_word' id='word_1_96' title='bbox 831 1638 904 1677; x_wconf 84' lang='lat' dir='ltr'>ex</span> <span class='ocrx_word' id='word_1_97' title='bbox 945 1628 1142 1677; x_wconf 90' lang='lat' dir='ltr'>mutuo</span> <span class='ocrx_word' id='word_1_98' title='bbox 1183 1618 1587 1697; x_wconf 83' lang='lat' dir='ltr'>negotiationis</span> <span class='ocrx_word' id='word_1_99' title='bbox 1614 1618 2040 1686; x_wconf 81' lang='lat' dir='ltr'>vindicantium,</span> <span class='ocrx_word' id='word_1_100' title='bbox 2071 1619 2225 1690; x_wconf 89' lang='lat' dir='ltr'>quod</span> <span class='ocrx_word' id='word_1_101' title='bbox 2254 1620 2331 1676; x_wconf 88' lang='lat' dir='ltr'>sit</span> <span class='ocrx_word' id='word_1_102' title='bbox 2356 1619 2610 1679; x_wconf 90' lang='lat' dir='ltr'>modera-</span> 
     </span>
     <span class='ocr_line' id='line_1_12' title="bbox 422 1716 2111 1797; baseline 0 -22"><span class='ocrx_word' id='word_1_103' title='bbox 422 1729 564 1794; x_wconf 87' lang='lat' dir='ltr'>tum,</span> <span class='ocrx_word' id='word_1_104' title='bbox 592 1726 651 1775; x_wconf 88' lang='lat' dir='ltr'>et</span> <span class='ocrx_word' id='word_1_105' title='bbox 663 1718 886 1795; x_wconf 78' lang='lat' dir='ltr'>patriae</span> <span class='ocrx_word' id='word_1_106' title='bbox 913 1716 1150 1794; x_wconf 71' lang='lat' dir='ltr'>legibus</span> <span class='ocrx_word' id='word_1_107' title='bbox 1177 1717 1518 1797; x_wconf 68' lang='lat' dir='ltr'>definitum,</span> <span class='ocrx_word' id='word_1_108' title='bbox 1545 1717 1695 1775; x_wconf 88' lang='lat' dir='ltr'>haud</span> <span class='ocrx_word' id='word_1_109' title='bbox 1724 1719 1835 1776; x_wconf 92' lang='lat' dir='ltr'>sibi</span> <span class='ocrx_word' id='word_1_110' title='bbox 1864 1718 2111 1795; x_wconf 79' lang='lat' dir='ltr'>probari.</span> 
     </span>
    </p>

    <p class='ocr_par' dir='ltr' id='par_1_3' title="bbox 424 1815 2619 2867">
     <span class='ocr_line' id='line_1_13' title="bbox 511 1815 2611 1894; baseline 0 -20"><span class='ocrx_word' id='word_1_111' title='bbox 511 1820 611 1874; x_wconf 88' lang='grc'>91.</span> <span class='ocrx_word' id='word_1_112' title='bbox 656 1816 910 1884; x_wconf 85' lang='lat' dir='ltr'>Holden,</span> <span class='ocrx_word' id='word_1_113' title='bbox 939 1817 1193 1886; x_wconf 80' lang='lat' dir='ltr'>Pichler‚</span> <span class='ocrx_word' id='word_1_114' title='bbox 1223 1817 1404 1884; x_wconf 89' lang='lat' dir='ltr'>Zech,</span> <span class='ocrx_word' id='word_1_115' title='bbox 1446 1826 1506 1875; x_wconf 83' lang='lat' dir='ltr'>et</span> <span class='ocrx_word' id='word_1_116' title='bbox 1527 1815 1785 1893; x_wconf 89' lang='lat' dir='ltr'>plerique</span> <span class='ocrx_word' id='word_1_117' title='bbox 1827 1818 2179 1894; x_wconf 77' lang='lat' dir='ltr'>professores</span> <span class='ocrx_word' id='word_1_118' title='bbox 2224 1818 2611 1875; x_wconf 72' lang='lat' dir='ltr'>universitatis</span> 
     </span>
     <span class='ocr_line' id='line_1_14' title="bbox 431 1914 2609 1993; baseline -0 -19"><span class='ocrx_word' id='word_1_119' title='bbox 431 1914 898 1991; x_wconf 85' lang='lat' dir='ltr'>Ingolstadiensis</span> <span class='ocrx_word' id='word_1_120' title='bbox 925 1917 1137 1976; x_wconf 85' lang='lat' dir='ltr'>saeculo</span> <span class='ocrx_word' id='word_1_121' title='bbox 1163 1917 1380 1993; x_wconf 89' lang='lat' dir='ltr'>elapso,</span> <span class='ocrx_word' id='word_1_122' title='bbox 1421 1916 1601 1973; x_wconf 88' lang='lat' dir='ltr'>etalii</span> <span class='ocrx_word' id='word_1_123' title='bbox 1638 1936 1756 1975; x_wconf 89' lang='lat' dir='ltr'>non</span> <span class='ocrx_word' id='word_1_124' title='bbox 1797 1918 1964 1992; x_wconf 89' lang='lat' dir='ltr'>pauci</span> <span class='ocrx_word' id='word_1_125' title='bbox 1990 1918 2047 1975; x_wconf 90' lang='lat' dir='ltr'>in</span> <span class='ocrx_word' id='word_1_126' title='bbox 2080 1915 2411 1986; x_wconf 78' lang='lat' dir='ltr'>Germania,</span> <span class='ocrx_word' id='word_1_127' title='bbox 2443 1917 2609 1974; x_wconf 90' lang='lat' dir='ltr'>Bata-</span> 
     </span>
     <span class='ocr_line' id='line_1_15' title="bbox 424 2003 2611 2093; baseline 0.001 -23"><span class='ocrx_word' id='word_1_128' title='bbox 424 2017 535 2084; x_wconf 86' lang='lat' dir='ltr'>via,</span> <span class='ocrx_word' id='word_1_129' title='bbox 564 2003 794 2092; x_wconf 69' lang='lat' dir='ltr'>&#39;Anglia,</span> <span class='ocrx_word' id='word_1_130' title='bbox 825 2015 1125 2085; x_wconf 86' lang='lat' dir='ltr'>Hibernia,</span> <span class='ocrx_word' id='word_1_131' title='bbox 1158 2016 1366 2083; x_wconf 85' lang='lat' dir='ltr'>Gallia,</span> <span class='ocrx_word' id='word_1_132' title='bbox 1395 2016 1682 2083; x_wconf 88' lang='lat' dir='ltr'>America,</span> <span class='ocrx_word' id='word_1_133' title='bbox 1722 2016 1869 2093; x_wconf 82' lang='lat' dir='ltr'>legis</span> <span class='ocrx_word' id='word_1_134' title='bbox 1906 2017 2093 2075; x_wconf 87' lang='lat' dir='ltr'>civilis</span> <span class='ocrx_word' id='word_1_135' title='bbox 2132 2014 2355 2073; x_wconf 87' lang='lat' dir='ltr'>titulum</span> <span class='ocrx_word' id='word_1_136' title='bbox 2389 2017 2611 2093; x_wconf 74' lang='lat' dir='ltr'>Justum</span> 
     </span>
     <span class='ocr_line' id='line_1_16' title="bbox 425 2113 2613 2191; baseline 0 -20"><span class='ocrx_word' id='word_1_137' title='bbox 425 2132 554 2174; x_wconf 85' lang='lat' dir='ltr'>esse</span> <span class='ocrx_word' id='word_1_138' title='bbox 595 2115 813 2186; x_wconf 86' lang='lat' dir='ltr'>aliquid</span> <span class='ocrx_word' id='word_1_139' title='bbox 860 2134 1034 2191; x_wconf 89' lang='lat' dir='ltr'>supra</span> <span class='ocrx_word' id='word_1_140' title='bbox 1078 2124 1289 2173; x_wconf 87' lang='lat' dir='ltr'>sortem</span> <span class='ocrx_word' id='word_1_141' title='bbox 1334 2114 1650 2191; x_wconf 87' lang='lat' dir='ltr'>accipiendi</span> <span class='ocrx_word' id='word_1_142' title='bbox 1688 2114 2055 2173; x_wconf 89' lang='lat' dir='ltr'>contendunt.</span> <span class='ocrx_word' id='word_1_143' title='bbox 2142 2113 2401 2173; x_wconf 87' lang='lat' dir='ltr'>Censent</span> <span class='ocrx_word' id='word_1_144' title='bbox 2439 2116 2613 2173; x_wconf 89' lang='lat' dir='ltr'>altum</span> 
     </span>
     <span class='ocr_line' id='line_1_17' title="bbox 430 2212 2609 2292; baseline 0 -21"><span class='ocrx_word' id='word_1_145' title='bbox 430 2212 584 2285; x_wconf 91' lang='lat' dir='ltr'>quod</span> <span class='ocrx_word' id='word_1_146' title='bbox 608 2213 778 2273; x_wconf 89' lang='lat' dir='ltr'>habet</span> <span class='ocrx_word' id='word_1_147' title='bbox 801 2214 1121 2290; x_wconf 80' lang='lat' dir='ltr'>respublica</span> <span class='ocrx_word' id='word_1_148' title='bbox 1141 2215 1198 2271; x_wconf 91' lang='lat' dir='ltr'>in</span> <span class='ocrx_word' id='word_1_149' title='bbox 1219 2214 1431 2272; x_wconf 88' lang='lat' dir='ltr'>civium</span> <span class='ocrx_word' id='word_1_150' title='bbox 1454 2215 1603 2271; x_wconf 88' lang='lat' dir='ltr'>bona</span> <span class='ocrx_word' id='word_1_151' title='bbox 1622 2212 1936 2273; x_wconf 89' lang='lat' dir='ltr'>dominium</span> <span class='ocrx_word' id='word_1_152' title='bbox 1964 2214 2215 2292; x_wconf 44' lang='lat' dir='ltr'>posse-in</span> <span class='ocrx_word' id='word_1_153' title='bbox 2242 2230 2313 2271; x_wconf 87' lang='lat' dir='ltr'>eo</span> <span class='ocrx_word' id='word_1_154' title='bbox 2334 2214 2609 2281; x_wconf 81' lang='lat' dir='ltr'>exerceri,</span> 
     </span>
     <span class='ocr_line' id='line_1_18' title="bbox 429 2312 2613 2388; baseline -0.001 -17"><span class='ocrx_word' id='word_1_155' title='bbox 429 2323 494 2371; x_wconf 89' lang='lat' dir='ltr'>ut</span> <span class='ocrx_word' id='word_1_156' title='bbox 517 2312 748 2371; x_wconf 80' lang='lat' dir='ltr'>cuilibet</span> <span class='ocrx_word' id='word_1_157' title='bbox 769 2315 1048 2371; x_wconf 85' lang='lat' dir='ltr'>mutuanti</span> <span class='ocrx_word' id='word_1_158' title='bbox 1077 2314 1240 2371; x_wconf 86' lang='lat' dir='ltr'>detur</span> <span class='ocrx_word' id='word_1_159' title='bbox 1269 2312 1504 2371; x_wconf 82' lang='lat' dir='ltr'>facultas</span> <span class='ocrx_word' id='word_1_160' title='bbox 1546 2312 1899 2371; x_wconf 87' lang='lat' dir='ltr'>moderatum</span> <span class='ocrx_word' id='word_1_161' title='bbox 1928 2313 2212 2385; x_wconf 88' lang='lat' dir='ltr'>quoddam</span> <span class='ocrx_word' id='word_1_162' title='bbox 2238 2312 2458 2370; x_wconf 88' lang='lat' dir='ltr'>lucrum</span> <span class='ocrx_word' id='word_1_163' title='bbox 2487 2331 2613 2388; x_wconf 90' lang='lat' dir='ltr'>per-</span> 
     </span>
     <span class='ocr_line' id='line_1_19' title="bbox 427 2410 2612 2489; baseline -0.001 -19"><span class='ocrx_word' id='word_1_164' title='bbox 427 2410 698 2489; x_wconf 82' lang='lat' dir='ltr'>cipiendi,</span> <span class='ocrx_word' id='word_1_165' title='bbox 733 2431 910 2485; x_wconf 89' lang='lat' dir='ltr'>quum</span> <span class='ocrx_word' id='word_1_166' title='bbox 937 2413 1268 2471; x_wconf 88' lang='lat' dir='ltr'>commercii</span> <span class='ocrx_word' id='word_1_167' title='bbox 1295 2410 1560 2469; x_wconf 69' lang='lat' dir='ltr'>utilitates</span> <span class='ocrx_word' id='word_1_168' title='bbox 1588 2411 1647 2468; x_wconf 90' lang='lat' dir='ltr'>id</span> <span class='ocrx_word' id='word_1_169' title='bbox 1685 2413 1992 2487; x_wconf 87' lang='lat' dir='ltr'>postulent,</span> <span class='ocrx_word' id='word_1_170' title='bbox 2022 2423 2079 2470; x_wconf 92' lang='lat' dir='ltr'>et</span> <span class='ocrx_word' id='word_1_171' title='bbox 2115 2412 2427 2470; x_wconf 85' lang='lat' dir='ltr'>innumeris</span> <span class='ocrx_word' id='word_1_172' title='bbox 2457 2412 2612 2469; x_wconf 87' lang='lat' dir='ltr'>tricis</span> 
     </span>
     <span class='ocr_line' id='line_1_20' title="bbox 427 2509 2614 2586; baseline -0.002 -15"><span class='ocrx_word' id='word_1_173' title='bbox 427 2512 754 2583; x_wconf 85' lang='lat' dir='ltr'>artibusque</span> <span class='ocrx_word' id='word_1_174' title='bbox 780 2512 1178 2569; x_wconf 78' lang='lat' dir='ltr'>foeneratorum</span> <span class='ocrx_word' id='word_1_175' title='bbox 1207 2511 1593 2569; x_wconf 84' lang='lat' dir='ltr'>emendicatos</span> <span class='ocrx_word' id='word_1_176' title='bbox 1634 2510 1823 2568; x_wconf 90' lang='lat' dir='ltr'>titulos</span> <span class='ocrx_word' id='word_1_177' title='bbox 1860 2509 1931 2566; x_wconf 90' lang='lat' dir='ltr'>ad</span> <span class='ocrx_word' id='word_1_178' title='bbox 1968 2530 2166 2569; x_wconf 88' lang='lat' dir='ltr'>usuras</span> <span class='ocrx_word' id='word_1_179' title='bbox 2194 2530 2459 2568; x_wconf 88' lang='lat' dir='ltr'>enormes</span> <span class='ocrx_word' id='word_1_180' title='bbox 2488 2528 2614 2586; x_wconf 61' lang='lat' dir='ltr'>per,-</span> 
     </span>
     <span class='ocr_line' id='line_1_21' title="bbox 430 2607 2615 2687; baseline -0.001 -19"><span class='ocrx_word' id='word_1_181' title='bbox 430 2610 724 2686; x_wconf 83' lang='lat' dir='ltr'>cipiendas</span> <span class='ocrx_word' id='word_1_182' title='bbox 751 2610 1085 2687; x_wconf 88' lang='lat' dir='ltr'>fingentium</span> <span class='ocrx_word' id='word_1_183' title='bbox 1115 2609 1198 2666; x_wconf 90' lang='lat' dir='ltr'>sic</span> <span class='ocrx_word' id='word_1_184' title='bbox 1219 2618 1458 2686; x_wconf 87' lang='lat' dir='ltr'>ponatur</span> <span class='ocrx_word' id='word_1_185' title='bbox 1483 2607 1707 2665; x_wconf 81' lang='lat' dir='ltr'>modus.</span> <span class='ocrx_word' id='word_1_186' title='bbox 1751 2608 1787 2665; x_wconf 88' lang='lat' dir='ltr'>J</span> <span class='ocrx_word' id='word_1_187' title='bbox 1795 2626 1859 2666; x_wconf 88' lang='lat' dir='ltr'>us</span> <span class='ocrx_word' id='word_1_188' title='bbox 1887 2608 2025 2665; x_wconf 91' lang='lat' dir='ltr'>illud</span> <span class='ocrx_word' id='word_1_189' title='bbox 2054 2608 2205 2681; x_wconf 91' lang='lat' dir='ltr'>quod</span> <span class='ocrx_word' id='word_1_190' title='bbox 2233 2611 2290 2666; x_wconf 91' lang='lat' dir='ltr'>in</span> <span class='ocrx_word' id='word_1_191' title='bbox 2320 2610 2615 2684; x_wconf 67' lang='lat' dir='ltr'>praescrip7</span> 
     </span>
     <span class='ocr_line' id='line_1_22' title="bbox 433 2706 2619 2783; baseline -0.002 -16"><span class='ocrx_word' id='word_1_192' title='bbox 433 2712 586 2767; x_wconf 86' lang='lat' dir='ltr'>tione</span> <span class='ocrx_word' id='word_1_193' title='bbox 631 2706 944 2769; x_wconf 82' lang='lat' dir='ltr'>sancienda</span> <span class='ocrx_word' id='word_1_194' title='bbox 987 2718 1304 2775; x_wconf 83' lang='lat' dir='ltr'>exercetur,</span> <span class='ocrx_word' id='word_1_195' title='bbox 1349 2706 1540 2779; x_wconf 82' lang='lat' dir='ltr'>quoad</span> <span class='ocrx_word' id='word_1_196' title='bbox 1588 2725 1788 2765; x_wconf 82' lang='lat' dir='ltr'>usuras</span> <span class='ocrx_word' id='word_1_197' title='bbox 1832 2706 2149 2765; x_wconf 87' lang='lat' dir='ltr'>moderatas</span> <span class='ocrx_word' id='word_1_198' title='bbox 2194 2708 2379 2764; x_wconf 86' lang='lat' dir='ltr'>valere</span> <span class='ocrx_word' id='word_1_199' title='bbox 2426 2708 2619 2783; x_wconf 82' lang='lat' dir='ltr'>existi-</span> 
     </span>
     <span class='ocr_line' id='line_1_23' title="bbox 435 2818 610 2867; baseline -0.017 0"><span class='ocrx_word' id='word_1_200' title='bbox 435 2818 610 2867; x_wconf 88' lang='lat' dir='ltr'>mant.</span> 
     </span>
    </p>

    <p class='ocr_par' dir='ltr' id='par_1_4' title="bbox 379 2905 2628 4278">
     <span class='ocr_line' id='line_1_24' title="bbox 515 2905 2617 2983; baseline -0.001 -19"><span class='ocrx_word' id='word_1_201' title='bbox 515 2911 614 2965; x_wconf 82' lang='lat'>92.</span> <span class='ocrx_word' id='word_1_202' title='bbox 657 2907 740 2965; x_wconf 86' lang='lat' dir='ltr'>Iis</span> <span class='ocrx_word' id='word_1_203' title='bbox 767 2908 1026 2983; x_wconf 85' lang='lat' dir='ltr'>cogimur</span> <span class='ocrx_word' id='word_1_204' title='bbox 1064 2905 1327 2963; x_wconf 88' lang='lat' dir='ltr'>assentiri</span> <span class='ocrx_word' id='word_1_205' title='bbox 1365 2906 1464 2977; x_wconf 90' lang='lat' dir='ltr'>qui</span> <span class='ocrx_word' id='word_1_206' title='bbox 1504 2905 1649 2982; x_wconf 87' lang='lat' dir='ltr'>legis</span> <span class='ocrx_word' id='word_1_207' title='bbox 1692 2905 1913 2963; x_wconf 90' lang='lat' dir='ltr'>titulum</span> <span class='ocrx_word' id='word_1_208' title='bbox 1953 2924 2067 2964; x_wconf 88' lang='lat' dir='ltr'>non</span> <span class='ocrx_word' id='word_1_209' title='bbox 2106 2913 2441 2982; x_wconf 87' lang='lat' dir='ltr'>agnoscunt,</span> <span class='ocrx_word' id='word_1_210' title='bbox 2484 2921 2617 2962; x_wconf 89' lang='lat' dir='ltr'>eum</span> 
     </span>
     <span class='ocr_line' id='line_1_25' title="bbox 440 3002 2619 3081; baseline -0.001 -18"><span class='ocrx_word' id='word_1_211' title='bbox 440 3007 594 3063; x_wconf 90' lang='lat' dir='ltr'>enim</span> <span class='ocrx_word' id='word_1_212' title='bbox 626 3005 942 3081; x_wconf 86' lang='lat' dir='ltr'>Gregorius</span> <span class='ocrx_word' id='word_1_213' title='bbox 969 3004 1141 3063; x_wconf 90' lang='lat' dir='ltr'><strong>XIII.</strong></span> <span class='ocrx_word' id='word_1_214' title='bbox 1173 3005 1394 3062; x_wconf 90' lang='lat' dir='ltr'>videtur</span> <span class='ocrx_word' id='word_1_215' title='bbox 1435 3004 1573 3061; x_wconf 90' lang='lat' dir='ltr'>olim</span> <span class='ocrx_word' id='word_1_216' title='bbox 1615 3005 1903 3080; x_wconf 89' lang='lat' dir='ltr'>rejecisse,</span> <span class='ocrx_word' id='word_1_217' title='bbox 1932 3003 2003 3061; x_wconf 92' lang='lat' dir='ltr'>ad</span> <span class='ocrx_word' id='word_1_218' title='bbox 2030 3004 2233 3063; x_wconf 79' lang='lat' dir='ltr'>ducem</span> <span class='ocrx_word' id='word_1_219' title='bbox 2262 3004 2519 3061; x_wconf 84' lang='lat' dir='ltr'>Bavariae</span> <span class='ocrx_word' id='word_1_220' title='bbox 2547 3002 2619 3061; x_wconf 86' lang='lat' dir='ltr'>de</span> 
     </span>
     <span class='ocr_line' id='line_1_26' title="bbox 437 3103 2623 3180; baseline -0 -19"><span class='ocrx_word' id='word_1_221' title='bbox 437 3114 724 3169; x_wconf 78' lang='lat' dir='ltr'>contractu</span> <span class='ocrx_word' id='word_1_222' title='bbox 755 3104 1105 3162; x_wconf 86' lang='lat' dir='ltr'>Germanico</span> <span class='ocrx_word' id='word_1_223' title='bbox 1147 3103 1487 3170; x_wconf 85' lang='lat' dir='ltr'>rescribens,</span> <span class='ocrx_word' id='word_1_224' title='bbox 1529 3121 1775 3175; x_wconf 89' lang='lat' dir='ltr'>eumque</span> <span class='ocrx_word' id='word_1_225' title='bbox 1816 3104 2065 3180; x_wconf 84' lang='lat' dir='ltr'>theologi</span> <span class='ocrx_word' id='word_1_226' title='bbox 2103 3103 2217 3160; x_wconf 86' lang='lat' dir='ltr'>fere</span> <span class='ocrx_word' id='word_1_227' title='bbox 2244 3122 2445 3161; x_wconf 88' lang='lat' dir='ltr'>omnes</span> <span class='ocrx_word' id='word_1_228' title='bbox 2490 3114 2623 3179; x_wconf 73' lang='lat' dir='ltr'>pont</span> 
     </span>
     <span class='ocr_line' id='line_1_27' title="bbox 437 3201 2619 3286; baseline -0 -25"><span class='ocrx_word' id='word_1_229' title='bbox 437 3203 515 3262; x_wconf 91' lang='lat' dir='ltr'>D.</span> <span class='ocrx_word' id='word_1_230' title='bbox 544 3204 836 3263; x_wconf 88' lang='lat' dir='ltr'>Thomam</span> <span class='ocrx_word' id='word_1_231' title='bbox 879 3204 1299 3282; x_wconf 85' lang='lat' dir='ltr'>impugnarunt.</span> <span class='ocrx_word' id='word_1_232' title='bbox 1385 3201 1555 3286; x_wconf 72' lang='lat' dir='ltr'>Quod</span> <span class='ocrx_word' id='word_1_233' title='bbox 1595 3203 1790 3260; x_wconf 89' lang='lat' dir='ltr'>attinet</span> <span class='ocrx_word' id='word_1_234' title='bbox 1829 3202 1899 3260; x_wconf 91' lang='lat' dir='ltr'>ad</span> <span class='ocrx_word' id='word_1_235' title='bbox 1941 3202 2113 3261; x_wconf 89' lang='lat' dir='ltr'>altum</span> <span class='ocrx_word' id='word_1_236' title='bbox 2154 3202 2468 3261; x_wconf 89' lang='lat' dir='ltr'>dominium</span> <span class='ocrx_word' id='word_1_237' title='bbox 2512 3204 2619 3260; x_wconf 88' lang='lat' dir='ltr'>rei-</span> 
     </span>
     <span class='ocr_line' id='line_1_28' title="bbox 441 3302 2625 3381; baseline -0.001 -20"><span class='ocrx_word' id='word_1_238' title='bbox 441 3303 702 3381; x_wconf 84' lang='lat' dir='ltr'>publicae,</span> <span class='ocrx_word' id='word_1_239' title='bbox 731 3304 989 3361; x_wconf 80' lang='lat' dir='ltr'>exerceri</span> <span class='ocrx_word' id='word_1_240' title='bbox 1027 3302 1258 3376; x_wconf 90' lang='lat' dir='ltr'>quidem</span> <span class='ocrx_word' id='word_1_241' title='bbox 1288 3310 1478 3378; x_wconf 89' lang='lat' dir='ltr'>potest</span> <span class='ocrx_word' id='word_1_242' title='bbox 1501 3320 1609 3377; x_wconf 93' lang='lat' dir='ltr'>pro</span> <span class='ocrx_word' id='word_1_243' title='bbox 1635 3302 1813 3361; x_wconf 86' lang='lat' dir='ltr'>salute</span> <span class='ocrx_word' id='word_1_244' title='bbox 1856 3314 1911 3359; x_wconf 90' lang='lat' dir='ltr'>et</span> <span class='ocrx_word' id='word_1_245' title='bbox 1948 3302 2184 3361; x_wconf 89' lang='lat' dir='ltr'>utilitate</span> <span class='ocrx_word' id='word_1_246' title='bbox 2212 3304 2490 3369; x_wconf 89' lang='lat' dir='ltr'>omnium,</span> <span class='ocrx_word' id='word_1_247' title='bbox 2518 3302 2625 3359; x_wconf 89' lang='lat' dir='ltr'>sed</span> 
     </span>
     <span class='ocr_line' id='line_1_29' title="bbox 435 3399 2621 3478; baseline -0 -20"><span class='ocrx_word' id='word_1_248' title='bbox 435 3402 608 3460; x_wconf 81' lang='lat' dir='ltr'>salvis</span> <span class='ocrx_word' id='word_1_249' title='bbox 648 3402 794 3477; x_wconf 90' lang='lat' dir='ltr'>legis</span> <span class='ocrx_word' id='word_1_250' title='bbox 835 3402 1154 3460; x_wconf 63' lang='lat' dir='ltr'>christianae</span> <span class='ocrx_word' id='word_1_251' title='bbox 1195 3399 1575 3460; x_wconf 86' lang='lat' dir='ltr'>sanctissimis</span> <span class='ocrx_word' id='word_1_252' title='bbox 1616 3402 1951 3477; x_wconf 84' lang='lat' dir='ltr'>principiis:</span> <span class='ocrx_word' id='word_1_253' title='bbox 1994 3403 2255 3473; x_wconf 88' lang='lat' dir='ltr'>quamvis</span> <span class='ocrx_word' id='word_1_254' title='bbox 2298 3414 2483 3459; x_wconf 88' lang='lat' dir='ltr'>autem</span> <span class='ocrx_word' id='word_1_255' title='bbox 2527 3420 2621 3478; x_wconf 89' lang='lat' dir='ltr'>ag·</span> 
     </span>
     <span class='ocr_line' id='line_1_30' title="bbox 439 3497 2623 3578; baseline -0.002 -19"><span class='ocrx_word' id='word_1_256' title='bbox 439 3517 742 3559; x_wconf 86' lang='lat' dir='ltr'>noscamus</span> <span class='ocrx_word' id='word_1_257' title='bbox 782 3502 1026 3578; x_wconf 89' lang='lat' dir='ltr'>plurima</span> <span class='ocrx_word' id='word_1_258' title='bbox 1073 3499 1377 3558; x_wconf 90' lang='lat' dir='ltr'>commoda</span> <span class='ocrx_word' id='word_1_259' title='bbox 1415 3500 1821 3558; x_wconf 76' lang='lat' dir='ltr'>mercatoribus</span> <span class='ocrx_word' id='word_1_260' title='bbox 1860 3498 2098 3569; x_wconf 84' lang='lat' dir='ltr'>aliisque</span> <span class='ocrx_word' id='word_1_261' title='bbox 2145 3517 2219 3555; x_wconf 85' lang='lat' dir='ltr'>ex</span> <span class='ocrx_word' id='word_1_262' title='bbox 2256 3499 2381 3573; x_wconf 90' lang='lat' dir='ltr'>lege</span> <span class='ocrx_word' id='word_1_263' title='bbox 2426 3497 2623 3576; x_wconf 85' lang='lat' dir='ltr'>mode-</span> 
     </span>
     <span class='ocr_line' id='line_1_31' title="bbox 439 3594 2627 3674; baseline -0.002 -17"><span class='ocrx_word' id='word_1_264' title='bbox 439 3611 596 3659; x_wconf 87' lang='lat' dir='ltr'>rante</span> <span class='ocrx_word' id='word_1_265' title='bbox 623 3619 826 3657; x_wconf 89' lang='lat' dir='ltr'>usuras</span> <span class='ocrx_word' id='word_1_266' title='bbox 865 3599 1063 3667; x_wconf 89' lang='lat' dir='ltr'>fluere,</span> <span class='ocrx_word' id='word_1_267' title='bbox 1106 3608 1347 3656; x_wconf 89' lang='lat' dir='ltr'>attamen</span> <span class='ocrx_word' id='word_1_268' title='bbox 1390 3598 1751 3674; x_wconf 87' lang='lat' dir='ltr'>suspicamur</span> <span class='ocrx_word' id='word_1_269' title='bbox 1791 3615 1920 3654; x_wconf 90' lang='lat' dir='ltr'>cum</span> <span class='ocrx_word' id='word_1_270' title='bbox 1968 3595 2175 3653; x_wconf 90' lang='lat' dir='ltr'>damno</span> <span class='ocrx_word' id='word_1_271' title='bbox 2217 3594 2528 3670; x_wconf 81' lang='lat' dir='ltr'>pauperum</span> <span class='ocrx_word' id='word_1_272' title='bbox 2570 3604 2627 3652; x_wconf 87' lang='lat' dir='ltr'>et</span> 
     </span>
     <span class='ocr_line' id='line_1_32' title="bbox 439 3691 2624 3773; baseline -0.003 -16"><span class='ocrx_word' id='word_1_273' title='bbox 439 3717 633 3757; x_wconf 88' lang='lat' dir='ltr'>eorum</span> <span class='ocrx_word' id='word_1_274' title='bbox 665 3700 763 3770; x_wconf 90' lang='lat' dir='ltr'>qui</span> <span class='ocrx_word' id='word_1_275' title='bbox 789 3697 1058 3755; x_wconf 88' lang='lat' dir='ltr'>subsidiis</span> <span class='ocrx_word' id='word_1_276' title='bbox 1087 3696 1156 3753; x_wconf 92' lang='lat' dir='ltr'>ad</span> <span class='ocrx_word' id='word_1_277' title='bbox 1184 3707 1409 3773; x_wconf 86' lang='lat' dir='ltr'>tempus</span> <span class='ocrx_word' id='word_1_278' title='bbox 1439 3695 1712 3773; x_wconf 87' lang='lat' dir='ltr'>indigent,</span> <span class='ocrx_word' id='word_1_279' title='bbox 1743 3696 1886 3761; x_wconf 89' lang='lat' dir='ltr'>fieri,</span> <span class='ocrx_word' id='word_1_280' title='bbox 1914 3702 1978 3751; x_wconf 90' lang='lat' dir='ltr'>ut</span> <span class='ocrx_word' id='word_1_281' title='bbox 1994 3694 2091 3769; x_wconf 90' lang='lat' dir='ltr'>jus</span> <span class='ocrx_word' id='word_1_282' title='bbox 2119 3693 2388 3750; x_wconf 90' lang='lat' dir='ltr'>tribuatur</span> <span class='ocrx_word' id='word_1_283' title='bbox 2410 3691 2624 3763; x_wconf 86' lang='lat' dir='ltr'>aliquid</span> 
     </span>
     <span class='ocr_line' id='line_1_33' title="bbox 379 3790 2619 3873; baseline -0.002 -17"><span class='ocrx_word' id='word_1_284' title='bbox 379 3826 390 3839; x_wconf 94' lang='lat'><strong>·</strong></span> <span class='ocrx_word' id='word_1_285' title='bbox 439 3799 586 3856; x_wconf 91' lang='lat' dir='ltr'>ultra</span> <span class='ocrx_word' id='word_1_286' title='bbox 625 3807 832 3855; x_wconf 84' lang='lat' dir='ltr'>sortem</span> <span class='ocrx_word' id='word_1_287' title='bbox 875 3796 1250 3873; x_wconf 90' lang='lat' dir='ltr'>percipiendi,</span> <span class='ocrx_word' id='word_1_288' title='bbox 1291 3796 1387 3853; x_wconf 91' lang='lat' dir='ltr'>ubi</span> <span class='ocrx_word' id='word_1_289' title='bbox 1428 3795 1618 3853; x_wconf 89' lang='lat' dir='ltr'>titulus</span> <span class='ocrx_word' id='word_1_290' title='bbox 1658 3814 1689 3851; x_wconf 91' lang='lat' dir='ltr'>a</span> <span class='ocrx_word' id='word_1_291' title='bbox 1715 3795 1843 3870; x_wconf 86' lang='lat' dir='ltr'>lege</span> <span class='ocrx_word' id='word_1_292' title='bbox 1870 3791 2129 3849; x_wconf 87' lang='lat' dir='ltr'>diversus</span> <span class='ocrx_word' id='word_1_293' title='bbox 2169 3790 2227 3848; x_wconf 92' lang='lat' dir='ltr'>id</span> <span class='ocrx_word' id='word_1_294' title='bbox 2266 3809 2383 3848; x_wconf 90' lang='lat' dir='ltr'>nou</span> <span class='ocrx_word' id='word_1_295' title='bbox 2421 3791 2619 3868; x_wconf 85' lang='lat' dir='ltr'>exigit.</span> 
     </span>
     <span class='ocr_line' id='line_1_34' title="bbox 401 3891 2625 3970; baseline -0.001 -17"><span class='ocrx_word' id='word_1_296' title='bbox 401 3892 412 3903; x_wconf 79' lang='grc'><strong><em>’</em></strong></span> <span class='ocrx_word' id='word_1_297' title='bbox 445 3897 585 3953; x_wconf 90' lang='lat' dir='ltr'>Inde</span> <span class='ocrx_word' id='word_1_298' title='bbox 614 3895 678 3952; x_wconf 89' lang='lat' dir='ltr'>fit</span> <span class='ocrx_word' id='word_1_299' title='bbox 700 3897 763 3952; x_wconf 83' lang='lat' dir='ltr'>ut</span> <span class='ocrx_word' id='word_1_300' title='bbox 789 3914 896 3953; x_wconf 85' lang='lat' dir='ltr'>aere</span> <span class='ocrx_word' id='word_1_301' title='bbox 925 3895 1112 3953; x_wconf 89' lang='lat' dir='ltr'>alieno</span> <span class='ocrx_word' id='word_1_302' title='bbox 1137 3895 1368 3970; x_wconf 85' lang='lat' dir='ltr'>gravati,</span> <span class='ocrx_word' id='word_1_303' title='bbox 1397 3891 1701 3951; x_wconf 91' lang='lat' dir='ltr'>commodo</span> <span class='ocrx_word' id='word_1_304' title='bbox 1740 3891 1810 3949; x_wconf 86' lang='lat' dir='ltr'>ad</span> <span class='ocrx_word' id='word_1_305' title='bbox 1838 3899 2063 3967; x_wconf 84' lang='lat' dir='ltr'>tempus</span> <span class='ocrx_word' id='word_1_306' title='bbox 2092 3900 2381 3967; x_wconf 87' lang='lat' dir='ltr'>percepto,</span> <span class='ocrx_word' id='word_1_307' title='bbox 2409 3891 2625 3951; x_wconf 84' lang='lat' dir='ltr'>foenore</span> 
     </span>
     <span class='ocr_line' id='line_1_35' title="bbox 445 3989 2627 4070; baseline 0 -20"><span class='ocrx_word' id='word_1_308' title='bbox 445 3993 782 4068; x_wconf 86' lang='lat' dir='ltr'>plerumque</span> <span class='ocrx_word' id='word_1_309' title='bbox 809 3994 1218 4070; x_wconf 86' lang='lat' dir='ltr'>opprimantur.</span> <span class='ocrx_word' id='word_1_310' title='bbox 1304 3993 1587 4051; x_wconf 80' lang='lat' dir='ltr'>Proeterea</span> <span class='ocrx_word' id='word_1_311' title='bbox 1626 4008 1743 4047; x_wconf 90' lang='lat' dir='ltr'>non</span> <span class='ocrx_word' id='word_1_312' title='bbox 1781 4000 2003 4047; x_wconf 86' lang='lat' dir='ltr'>constat</span> <span class='ocrx_word' id='word_1_313' title='bbox 2040 3990 2099 4047; x_wconf 90' lang='lat' dir='ltr'>id</span> <span class='ocrx_word' id='word_1_314' title='bbox 2138 3989 2328 4067; x_wconf 86' lang='lat' dir='ltr'>legum</span> <span class='ocrx_word' id='word_1_315' title='bbox 2355 3990 2627 4050; x_wconf 87' lang='lat' dir='ltr'>latoribus</span> 
     </span>
     <span class='ocr_line' id='line_1_36' title="bbox 448 4088 2626 4167; baseline 0.001 -20"><span class='ocrx_word' id='word_1_316' title='bbox 448 4093 802 4166; x_wconf 87' lang='lat' dir='ltr'>propositum</span> <span class='ocrx_word' id='word_1_317' title='bbox 842 4102 904 4148; x_wconf 91' lang='lat' dir='ltr'>ut</span> <span class='ocrx_word' id='word_1_318' title='bbox 939 4092 1038 4167; x_wconf 90' lang='lat' dir='ltr'>jus</span> <span class='ocrx_word' id='word_1_319' title='bbox 1085 4090 1373 4160; x_wconf 92' lang='lat' dir='ltr'>quoddam</span> <span class='ocrx_word' id='word_1_320' title='bbox 1421 4088 1701 4157; x_wconf 81' lang='lat' dir='ltr'>tribuant3</span> <span class='ocrx_word' id='word_1_321' title='bbox 1742 4088 1845 4147; x_wconf 89' lang='lat' dir='ltr'>sed</span> <span class='ocrx_word' id='word_1_322' title='bbox 1892 4089 2167 4148; x_wconf 84' lang='lat' dir='ltr'>censendi</span> <span class='ocrx_word' id='word_1_323' title='bbox 2214 4099 2347 4147; x_wconf 89' lang='lat' dir='ltr'>sunt</span> <span class='ocrx_word' id='word_1_324' title='bbox 2392 4091 2626 4150; x_wconf 88' lang='lat' dir='ltr'>modum</span> 
     </span>
     <span class='ocr_line' id='line_1_37' title="bbox 442 4188 2628 4278; baseline -0 -31"><span class='ocrx_word' id='word_1_325' title='bbox 442 4207 655 4265; x_wconf 91' lang='lat' dir='ltr'>ponere</span> <span class='ocrx_word' id='word_1_326' title='bbox 682 4188 981 4246; x_wconf 89' lang='lat' dir='ltr'>hominum</span> <span class='ocrx_word' id='word_1_327' title='bbox 1020 4188 1330 4264; x_wconf 89' lang='lat' dir='ltr'>cupiditati,</span> <span class='ocrx_word' id='word_1_328' title='bbox 1373 4208 1500 4248; x_wconf 90' lang='lat' dir='ltr'>eam</span> <span class='ocrx_word' id='word_1_329' title='bbox 1542 4188 1932 4278; x_wconf 41' lang='lat' dir='ltr'>adjudicantes·</span> <span class='ocrx_word' id='word_1_330' title='bbox 1954 4208 2182 4247; x_wconf 88' lang='lat' dir='ltr'>usuram</span> <span class='ocrx_word' id='word_1_331' title='bbox 2224 4208 2349 4261; x_wconf 81' lang='lat' dir='ltr'>quae</span> <span class='ocrx_word' id='word_1_332' title='bbox 2376 4191 2628 4267; x_wconf 86' lang='lat' dir='ltr'>regionis</span> 
     </span>
    </p>
   </div>
   <div class='ocr_carea' id='block_1_3' title="bbox 441 4336 2629 4410">
    <p class='ocr_par' dir='ltr' id='par_1_5' title="bbox 441 4336 2629 4410">
     <span class='ocr_line' id='line_1_38' title="bbox 441 4336 2629 4410; baseline 0 -16"><span class='ocrx_word' id='word_1_333' title='bbox 441 4346 488 4394; x_wconf 80' lang='lat' dir='ltr'>if</span> <span class='ocrx_word' id='word_1_334' title='bbox 513 4346 554 4394; x_wconf 86' lang='lat' dir='ltr'>it</span> <span class='ocrx_word' id='word_1_335' title='bbox 573 4344 780 4395; x_wconf 84' lang='lat' dir='ltr'>exceeds</span> <span class='ocrx_word' id='word_1_336' title='bbox 801 4345 940 4394; x_wconf 79' lang='lat' dir='ltr'>those</span> <span class='ocrx_word' id='word_1_337' title='bbox 961 4344 1166 4405; x_wconf 80' lang='lat' dir='ltr'>bounds,</span> <span class='ocrx_word' id='word_1_338' title='bbox 1189 4345 1228 4395; x_wconf 85' lang='lat' dir='ltr'>it</span> <span class='ocrx_word' id='word_1_339' title='bbox 1248 4345 1291 4395; x_wconf 90' lang='lat' dir='ltr'>is</span> <span class='ocrx_word' id='word_1_340' title='bbox 1311 4346 1429 4395; x_wconf 82' lang='lat' dir='ltr'>then</span> <span class='ocrx_word' id='word_1_341' title='bbox 1449 4346 1725 4410; x_wconf 84' lang='lat' dir='ltr'>oppressive</span> <span class='ocrx_word' id='word_1_342' title='bbox 1760 4362 1907 4409; x_wconf 83' lang='lat' dir='ltr'>usury</span> <span class='ocrx_word' id='word_1_343' title='bbox 1929 4364 1942 4405; x_wconf 81' lang='lat'>3</span> <span class='ocrx_word' id='word_1_344' title='bbox 1978 4346 2075 4395; x_wconf 83' lang='lat' dir='ltr'>and</span> <span class='ocrx_word' id='word_1_345' title='bbox 2108 4346 2298 4407; x_wconf 88' lang='lat' dir='ltr'>though</span> <span class='ocrx_word' id='word_1_346' title='bbox 2320 4346 2403 4395; x_wconf 88' lang='lat' dir='ltr'>the</span> <span class='ocrx_word' id='word_1_347' title='bbox 2424 4336 2629 4394; x_wconf 82' lang='lat' dir='ltr'>munici-</span> 
     </span>
    </p>
   </div>
   <div class='ocr_carea' id='block_1_4' title="bbox 443 4428 2627 4561">
    <p class='ocr_par' dir='ltr' id='par_1_6' title="bbox 443 4428 2627 4561">
     <span class='ocr_line' id='line_1_39' title="bbox 443 4428 2627 4497; baseline 0 -18"><span class='ocrx_word' id='word_1_348' title='bbox 443 4430 523 4493; x_wconf 85' lang='lat' dir='ltr'>pal</span> <span class='ocrx_word' id='word_1_349' title='bbox 545 4430 664 4482; x_wconf 79' lang='lat' dir='ltr'>laws</span> <span class='ocrx_word' id='word_1_350' title='bbox 687 4446 800 4493; x_wconf 85' lang='lat' dir='ltr'>may</span> <span class='ocrx_word' id='word_1_351' title='bbox 824 4430 933 4491; x_wconf 81' lang='lat' dir='ltr'>give</span> <span class='ocrx_word' id='word_1_352' title='bbox 954 4430 994 4479; x_wconf 87' lang='lat' dir='ltr'>it</span> <span class='ocrx_word' id='word_1_353' title='bbox 1013 4429 1272 4494; x_wconf 86' lang='lat' dir='ltr'>impunity‚</span> <span class='ocrx_word' id='word_1_354' title='bbox 1305 4431 1419 4495; x_wconf 85' lang='lat' dir='ltr'>they</span> <span class='ocrx_word' id='word_1_355' title='bbox 1452 4448 1544 4481; x_wconf 82' lang='lat' dir='ltr'>can</span> <span class='ocrx_word' id='word_1_356' title='bbox 1579 4446 1725 4480; x_wconf 88' lang='lat' dir='ltr'>never</span> <span class='ocrx_word' id='word_1_357' title='bbox 1759 4432 1899 4480; x_wconf 85' lang='lat' dir='ltr'>make</span> <span class='ocrx_word' id='word_1_358' title='bbox 1933 4431 1973 4479; x_wconf 87' lang='lat' dir='ltr'>it</span> <span class='ocrx_word' id='word_1_359' title='bbox 2000 4429 2151 4497; x_wconf 86' lang='lat' dir='ltr'>just.”</span> <span class='ocrx_word' id='word_1_360' title='bbox 2229 4429 2425 4479; x_wconf 83' lang='lat' dir='ltr'>Gomm.</span> <span class='ocrx_word' id='word_1_361' title='bbox 2448 4428 2479 4476; x_wconf 91' lang='lat' dir='ltr'>l.</span> <span class='ocrx_word' id='word_1_362' title='bbox 2500 4428 2551 4476; x_wconf 90' lang='lat' dir='ltr'>ii.</span> <span class='ocrx_word' id='word_1_363' title='bbox 2575 4442 2627 4479; x_wconf 86' lang='lat' dir='ltr'>n.</span> 
     </span>
     <span class='ocr_line' id='line_1_40' title="bbox 443 4514 561 4561; baseline 0 0"><span class='ocrx_word' id='word_1_364' title='bbox 443 4514 561 4561; x_wconf 77' lang='lat'>456.</span> 
     </span>
    </p>
   </div>
  </div>
 </body>
</html>
