3117 5217
559 549 678 606 894
1169 547 1284 610 DE
1325 547 2107 608 IRREGULARI'I'ATE.

643 716 776 772 104.
819 711 1040 772 Vitium
1065 717 1320 792 corporis
1345 713 1635 776 occultum
1662 713 1997 792 plerumque
2034 733 2153 774 non
2180 713 2399 772 inducit
2422 713 2743 790 irregulari-

559 823 760 870 tatemz
805 813 1126 890 irregularis
1155 823 1342 874 tamen
1367 825 1494 872 est:
1538 814 1587 872 1.
1624 815 1721 887 qui
1744 816 2082 881 membrum,
2110 815 2201 870 vel
2228 823 2449 890 partem
2481 814 2742 880 membri,

561 911 776 985 absque
795 914 951 990 justa
975 931 1146 970 causa
1173 914 1286 974 sibi
1309 913 1624 991 amputavit
1645 908 1691 970 :¹
1732 914 1811 971 Π.
1854 913 1952 984 qui
1978 913 2281 971 eunuchus
2306 931 2413 970 sua
2437 913 2611 989 culpa
2634 912 2745 970 fac-

560 1020 650 1067 tus
677 1004 830 1068 est?
865 1011 1308 1087 ermaphroditn,
1335 1013 1434 1086 qui
1471 1023 1532 1071 et
1570 1031 1603 1068 a
1626 1011 1981 1088 professione
2008 1011 2303 1088 religionis
2332 1011 2613 1070 arcendus
2638 1021 2741 1077 est,

557 1109 632 1166 ob
649 1108 902 1169 libidinis
929 1110 1267 1186 periculum.
1351 1111 1651 1186 AEthiops,
1674 1127 1775 1170 seu
1804 1110 1965 1186 niger
1990 1110 2188 1178 homo,
2216 1112 2388 1168 etiam
2418 1110 2741 1188 irregularis

559 1209 628 1268 ab
657 1207 940 1280 aliquibus
981 1209 1239 1278 habetur,
1287 1219 1328 1248 ‘⁸
1351 1229 1466 1268 non
1511 1221 1704 1268 tamen
1749 1211 1895 1268 inter
1918 1228 2081 1278 suos,
2108 1209 2213 1268 sed
2240 1210 2481 1278 alienos,
2510 1211 2609 1268 ubi
2633 1208 2745 1265 dis-

559 1307 764 1382 paritas
791 1305 1038 1367 ludibrio
1063 1301 1248 1367 est.”³

641 1410 774 1464 105.
817 1407 1180 1480 Quicumque
1205 1409 1460 1484 corporis
1489 1405 1743 1464 defectus
1771 1416 1901 1482 post
1936 1406 2165 1466 ordines
2192 1415 2499 1483 susceptos
2529 1407 2745 1464 contin-

559 1505 660 1582 git,
689 1504 928 1581 impedit
954 1515 1168 1566 tantum
1195 1506 1266 1566 ab
1305 1525 1376 1564 eo
1417 1524 1675 1572 munere,
1716 1505 1787 1564 ad
1812 1505 1967 1578 quod
1994 1507 2123 1579 quis
2148 1507 2213 1564 fit
2236 1525 2309 1564 eo
2334 1505 2651 1564 inhabilis:
2692 1515 2751 1562 et

559 1605 750 1662 mitius
777 1604 1112 1680 plerumque
1139 1605 1210 1664 de
1235 1624 1308 1664 eo
1325 1605 1635 1684 judicatur.

641 1707 776 1762 106.
817 1703 916 1762 Ex
941 1704 1210 1764 libertatis
1237 1705 1458 1764 defectu
1485 1702 1821 1781 irregulares
1848 1702 2129 1762 habentur
2154 1703 2203 1761 Ι.
2232 1703 2405 1770 servi,
2434 1703 2553 1760 nisi
2578 1703 2743 1760 liber-

561 1813 668 1860 tate
687 1803 810 1878 jem
837 1813 1196 1878 recuperata:
1239 1805 1318 1862 ΙΙ.
1361 1805 1623 1870 curialeS,
1666 1804 1913 1878 negotiis
1952 1803 2249 1880 implicati,
2292 1801 2389 1876 qui
2432 1811 2629 1860 tamen
2670 1803 2741 1858 iis

559 1899 810 1975 expediti
853 1911 1094 1976 possunt
1119 1902 1190 1960 ad
1217 1902 1444 1960 ordines
1485 1903 1815 1977 promoveri
1838 1897 1888 1958 :⁴
1925 1901 2035 1960 ΙΙΙ.
2082 1902 2181 1975 qui
2220 1901 2290 1958 ad
2330 1903 2587 1959 rationes
2626 1901 2747 1958 red-

557 1997 772 2056 dendas
799 1998 984 2056 adhuc
1013 1994 1324 2058 tenentur-‚⁵

639 2099 774 2156 107.
817 2096 1058 2158 Defectu
1103 2099 1374 2158 natalium
1401 2087 1753 2176 'irregulares
1794 2109 1931 2156 sunt
1968 2117 2169 2158 omnes
2211 2099 2335 2156 sive
2374 2100 2582 2176 spurii,
2624 2099 2747 2156 sive

557 2196 864 2256 naturales.
928 2195 1140 2276 Spurii
1165 2211 1354 2258 eutem
1381 2210 1515 2256 sunt
1540 2217 1785 2272 quorum
1812 2209 2078 2275 parentes
2108 2209 2361 2274 tempore
2386 2217 2587 2256 eorum
2616 2216 2750 2255 con-

553 2298 834 2372 ceptionis
862 2297 952 2356 vel
979 2298 1301 2366 nativitatis,
1330 2299 1639 2372 nequibant
1670 2298 2093 2356 matrimonium
2134 2299 2296 2366 inire,
2326 2299 2593 2356 obstante
2634 2298 2745 2354 im·

555 2393 884 2470 pedimento
911 2395 1244 2456 dirimente:
1291 2395 1602 2456 naturales
1642 2415 1675 2452 e
1700 2405 1893 2456 eontra
1918 2415 2163 2469 quorum
2192 2405 2453 2473 parentes
2478 2397 2745 2474 legitimo

557 2495 916 2554 matrimonio
961 2505 1222 2571 poterent
1255 2489 1583 2574 conjungi.⁶
1661 2495 1777 2561 Qui
1802 2513 1907 2572 per
1930 2497 2353 2554 matrimonium
2381 2496 2749 2568 subsequens

555 2605 850 2670 parentum
879 2593 1118 2670 legitimi
1144 2590 1468 2662 habentur,⁷
1492 2595 1585 2652 vel
1620 2613 1863 2668 quorum
1902 2605 2165 2670 parentes
2192 2597 2251 2653 in
2280 2596 2425 2654 facie
2452 2596 2744 2654 Ecclesiae

553 2693 840 2770 conjuncti
867 2703 1020 2758 sunt,
1047 2693 1194 2752 bona
1219 2693 1330 2752 fide
1355 2695 1558 2752 saltem
1588 2713 1663 2752 ex
1702 2713 1815 2751 una
1854 2704 2035 2769 parte,
2062 2694 2197 2750 licet
2218 2695 2469 2752 obstaret
2493 2693 2743 2769 impedi·

557 2787 865 2859 mentum,⁸
891 2811 1008 2852 non
1047 2801 1182 2852 sunt
1219 2794 1574 2870 irregulares.
1660 2792 1933 2850 Defectus
1974 2792 2240 2850 natalium
2282 2793 2497 2850 tollitur
2522 2793 2748 2868 profes·

553 2891 718 2948 sione
743 2890 1028 2966 religiosa,
1071 2891 1260 2963 quoad
1289 2911 1491 2951 omnes
1535 2890 1785 2958 ordines,
1828 2892 1999 2948 etiam
2025 2891 2361 2959 sacerdotii;
2402 2911 2519 2950 non
2551 2901 2747 2950 tamen

555 2987 740 3062 quoad
783 2981 1190 3064 proelaturam.⁹
1269 2991 1603 3068 Episcopus
1644 2997 1831 3066 potest
1874 2989 2357 3064 dispensationem
2398 2991 2743 3058 concedere,

553 3097 614 3148 ut
639 3087 870 3146 ordines
899 3089 1148 3147 minores
1175 3091 1591 3167 suscipiantur:
1636 3091 1835 3161 nequit
1858 3097 2043 3146 autem
2084 3087 2415 3164 dispensare
2440 3089 2513 3148 ad
2540 3110 2742 3148 sacros

551 3185 800 3251 ordines,
829 3187 966 3243 licet
989 3185 1244 3245 defectus
1269 3190 1346 3245 sit
1369 3190 1647 3255 occultus,
1678 3207 1785 3245 nec
1812 3187 1881 3246 ad
1902 3206 2097 3246 eorum
2126 3190 2483 3256 exercitium,
2512 3191 2565 3246 si
2594 3189 2735 3260 quid

543 3284 664 3358 jam
692 3291 984 3356 promotus
1025 3283 1115 3338 sit.
1129 3276 1179 3342 ¹1⁰
1258 3285 1430 3351 Quod
1457 3287 1506 3341 si
1539 3303 1616 3342 ex
1656 3287 1851 3344 matris
1879 3287 2237 3346 consessione
2280 3287 2535 3346 desectus
2578 3289 2743 3346 inno·

548 3391 729 3440 tescat
753 3383 1050 3459 episcopo,
1079 3381 1234 3442 nulla
1257 3385 1383 3461 ejus
1411 3384 1550 3442 ratio
1572 3384 1807 3443 omnino
1834 3395 1925 3442 est
1949 3385 2228 3444 habenda.

637 3475 770 3540 108.
833 3479 941 3548 Ex
987 3480 1218 3562 defectu
1261 3484 1627 3544 sacramenti
1673 3485 2009 3561 irregulares
2055 3485 2329 3544 habentur
2381 3486 2737 3558 quicumque

554 3583 916 3642 matrimonio
942 3582 1031 3640 bis
1071 3584 1362 3660 conjuncti
1403 3595 1554 3651 sunt,
1582 3584 1753 3642 etiam
1780 3595 1908 3641 ente
1935 3585 2277 3659 baptismum
2302 3579 2377 3652 3¹¹
2418 3585 2739 3661 Apostolus

551 3681 706 3740 enim
747 3683 1107 3758 episcopum,
1153 3681 1528 3740 diaconumve
1570 3683 1801 3740 “unius
1844 3684 2043 3742 uxoris
2086 3683 2315 3742 virum⁹⁹
2355 3685 2535 3761 jussit
2578 3702 2734 3751 esse,

551 3780 704 3851 quod
731 3780 804 3840 de
831 3782 952 3840 viro
981 3782 1160 3839 semel
1185 3791 1398 3840 tantum
1427 3791 1554 3840 ante
1582 3781 1835 3840 ordinem
1862 3791 2191 3858 susceptum
2212 3783 2413 3858 juncto
2440 3783 2736 3860 conjugio,

549 3887 666 3936 tota
704 3879 987 3940 intellexit
1025 3881 1326 3953 antiquitas
1365 3880 1693 3948 christiana,
1732 3881 1883 3938 sicut
1920 3889 1960 3920 ‘⁶
1984 3881 2153 3943 vidua
2192 3883 2361 3941 unius
2385 3883 2496 3941 viri
2538 3881 2733 3940 uxor'’

620 4081 705 4143 (1)
747 4077 880 4142 Cap:
895 4081 950 4128 Si
972 4082 1096 4143 quis,
1119 4085 1167 4130 4.
1191 4081 1299 4131 dist.
1323 4083 1385 4131 lv.
1658 4083 1743 4148 (2)
1783 4081 1907 4146 Cap.
1928 4082 1995 4131 iii.
2019 4082 2077 4133 de
2100 4097 2230 4148 cmp-
2254 4084 2342 4132 vit.

625 4166 705 4230 (3)
741 4163 1090 4224 Busembnum,
1113 4167 1244 4229 apud
1265 4167 1320 4216 S.
1342 4166 1493 4229 Alph.
1516 4167 1548 4214 L
1572 4167 1653 4216 vii.
1674 4183 1725 4216 n„
1746 4168 1863 4216 403.
1886 4167 2012 4215 Vide
2034 4173 2083 4218 ct
2107 4184 2159 4218 n.
2181 4169 2299 4218 412.

619 4252 707 4315 (4)
751 4248 811 4298 C.
834 4248 897 4297 iv.
920 4247 979 4300 de
1001 4248 1158 4302 cleric.
1179 4251 1258 4302 vel
1275 4251 1501 4304 monach.
1662 4256 1746 4318 (5)
1788 4251 1911 4316 Cep.
1936 4264 2023 4302 un.
2044 4253 2107 4306 de
2126 4253 2333 4322 obligat.
2356 4254 2427 4306 nd
2448 4258 2547 4304 rat.

620 4338 705 4401 (6)
746 4335 806 4384 C.
824 4335 856 4384 i.
877 4342 926 4383 et
946 4334 1031 4384 fin.
1053 4335 1207 4402 defil.
1221 4336 1447 4405 presbyt.
1657 4341 1741 4406 (7)
1783 4337 1843 4387 C.
1866 4338 2044 4398 Tanta,
2076 4339 2300 4405 Quifilii
2319 4340 2423 4392 sint
2444 4337 2674 4407 legitimi.

623 4424 709 4488 (8)
751 4420 810 4468 O.
835 4437 948 4470 cum
969 4420 1107 4480 inter,
1131 4423 1178 4470 2.
1201 4419 1303 4470 eod.
1326 4421 1406 4472 tit.
1669 4426 1755 4491 (9)
1794 4423 1943 4474 Bulla
1962 4425 2109 4486 Greg.
2132 4425 2235 4476 xiii.

615 4505 724 4565 (10)
762 4505 821 4552 C.
844 4505 877 4554 i.
900 4506 1016 4558 etii.
1034 4503 1368 4572 daefilproeeb.
1666 4511 1781 4574 (ll)
1819 4508 1879 4558 C.
1902 4510 1934 4559 i.
1956 4510 2009 4560 ii.
2031 4509 2099 4560 iii.
2122 4527 2169 4560 v.
2190 4509 2248 4562 de
2274 4509 2463 4578 biga-m.
