3117 5217
486 558 605 613 250
1305 554 1419 613 DE
1464 552 1844 613 SIMONIA.

486 714 865 797 parochiam,¹
892 720 983 778 vel
1008 721 1311 780 occasione
1338 718 1600 778 ordinum
1639 717 2131 787 conferendorum,
2167 720 2260 777 vel
2285 696 2552 787 tonsurae,
2583 719 2679 777 vel

480 820 793 877 litterarum
823 812 1321 877 dimissorialium²
1348 819 1594 877 simonia
1619 817 1820 876 eadem
1846 819 2062 876 ratione
2091 828 2195 876 est.

562 922 661 977 73.
708 918 966 976 Simonia
986 919 1176 977 omnis
1194 918 1343 995 juris
1365 916 1545 976 divini
1567 936 1738 993 grave
1759 927 1849 975 est
1868 926 2182 993 peccatum,
2205 918 2322 974 imo
2336 917 2676 992 plerumque

486 1017 767 1075 immane:
808 1016 1053 1075 simonia
1071 1017 1218 1093 juris
1245 1016 1501 1084 humani,
1530 1017 1604 1073 ob
1640 1017 1786 1094 legis
1827 1016 2094 1083 rationes,
2123 1016 2310 1093 gravis
2335 1016 2674 1090 plerumque

486 1124 573 1171 est
598 1115 786 1191 culpa,
816 1114 919 1173 sed
946 1114 1248 1187 aliquando
1274 1116 1454 1173 levior
1480 1134 1610 1172 esse
1650 1124 1856 1191 potest,
1886 1134 2062 1188 quum
2094 1116 2221 1188 quis
2263 1133 2376 1172 non
2417 1116 2552 1172 satis
2581 1113 2674 1171 ad-

486 1214 714 1270 verterit
738 1216 820 1271 rei
851 1215 1142 1272 malitiam.

563 1315 662 1371 74.
708 1313 898 1371 Vendi
927 1332 1041 1372 non
1070 1321 1309 1389 possunt
1334 1312 1670 1388 temporalia
1710 1312 2098 1389 spiritualibus
2126 1330 2348 1369 annexa
2376 1311 2554 1388 pluris
2597 1313 2670 1369 ob

484 1412 834 1487 spiritualem
876 1432 1046 1485 quam
1073 1410 1253 1469 veluti'
1285 1412 1480 1469 induta
1519 1420 1652 1469 sunt
1689 1412 1976 1488 speciemz
2020 1412 2102 1468 sic
2137 1411 2286 1467 calix
2313 1420 2670 1468 consecratus

484 1529 598 1567 non
628 1511 805 1586 pluris
836 1513 985 1573 valet
1002 1531 1175 1584 quam
1204 1511 1345 1569 alius
1386 1511 1646 1589 ejusdem
1675 1510 1921 1569 materiae
1962 1520 2019 1567 et
2059 1510 2275 1577 formae,
2305 1510 2404 1581 qui
2443 1528 2560 1567 non
2601 1510 2673 1566 sit

486 1620 879 1669 consecratus:
911 1613 1077 1669 theca
1102 1624 1364 1687 argentea
1392 1630 1503 1683 qua
1528 1609 1888 1668 includuntur
1912 1609 2164 1681 reliquiae
2193 1628 2308 1666 non
2330 1609 2510 1685 pluris
2531 1609 2674 1665 aesti-

486 1710 693 1767 manda
719 1720 824 1778 est,
854 1729 1021 1782 quam
1050 1712 1099 1767 si
1127 1710 1379 1780 reliquiae
1407 1730 1475 1767 ea
1502 1728 1618 1766 non
1645 1708 2086 1766 includerentur.

562 1815 661 1867 75.
706 1810 821 1875 Qui
849 1812 1149 1885 pecuniam
1189 1809 1395 1883 accipit
1434 1828 1503 1865 ea
1541 1808 1886 1875 conditione,
1924 1818 1986 1865 ut
2025 1808 2301 1864 abstineat
2325 1827 2360 1863 a
2392 1806 2669 1882 spirituali

486 1908 731 1977 quodam
760 1918 884 1964 actu
913 1906 1253 1973 exercenda,
1283 1908 1543 1965 simoniae
1573 1925 1702 1964 reus
1730 1916 1834 1975 est,
1867 1907 2088 1980 quoties
2123 1907 2361 1963 omissio
2391 1906 2672 1963 moraliter

486 2006 741 2062 tribuitur
767 2008 1028 2080 potestati
1068 2000 1397 2082 spirituali.³
1478 2005 1577 2061 Sic
1617 2006 1665 2061 si
1706 2007 2011 2082 episcopus
2051 2005 2234 2063 minas
2275 2004 2668 2080 suspensionis

486 2103 692 2161 clerico
721 2105 999 2162 intentans
1026 2123 1231 2162 munus
1260 2107 1329 2162 ab
1354 2123 1423 2162 eo
1450 2114 1725 2180 acceptet,
1755 2116 1920 2181 pacto
1948 2105 2090 2163 inito
2122 2104 2197 2161 de
2232 2123 2300 2161 ea
2337 2103 2668 2169 omittenda,

486 2204 743 2260 simoniae
770 2222 901 2261 reus
928 2214 1049 2261 est:
1082 2204 1235 2276 quod
1265 2205 1315 2262 si
1342 2204 1559 2262 nullum
1588 2205 1661 2260 sit
1686 2204 2020 2281 hujusmodi
2060 2213 2306 2278 pactum,
2335 2222 2408 2261 ne
2438 2202 2670 2275 quidem

485 2303 737 2369 tacitum,
781 2304 1037 2377 peccabit
1076 2304 1126 2359 si
1170 2322 1405 2360 munere
1451 2306 1515 2359 se
1567 2303 1635 2358 ab
1679 2302 1872 2361 officio
1917 2302 2208 2379 fungendo
2253 2302 2478 2360 abduci.
2502 2304 2668 2368 sinat,

485 2402 745 2473 quamvis
772 2402 1029 2460 simoniae
1057 2402 1213 2459 labes
1240 2402 1293 2458 ei
1320 2419 1436 2459 non
1462 2402 1536 2459 sit
1563 2402 1855 2470 inurenda,
1886 2403 1996 2459 nisi
2038 2403 2180 2460 forte
2209 2410 2420 2470 mente,
2451 2402 2559 2459 hac
2587 2420 2669 2458 ra-

485 2500 657 2565 tione,
690 2510 903 2575 peccet.

562 2602 661 2657 76.
706 2599 819 2665 Qui
847 2600 1095 2657 humano
1122 2620 1257 2677 erga
1283 2601 1636 2676 propinquos
1663 2584 1890 2658 affectui
1915 2602 1974 2658 in
2001 2601 2315 2666 beneficiiS‚
2345 2599 2434 2656 vel
2461 2600 2668 2657 officiis

485 2698 883 2756 ecclesiasticis
910 2699 1287 2766 conferendiS,
1329 2700 1419 2756 vel
1458 2698 1880 2776 comparandiS,
1921 2701 2092 2758 nimis
2135 2698 2405 2775 indulget,
2449 2708 2666 2774 peccat,

486 2799 749 2868 quamvis
779 2798 1034 2856 simoniae
1063 2818 1178 2855 non
1206 2799 1279 2855 sit
1305 2797 1433 2855 ideo
1459 2780 1798 2873 culpanduS,
1829 2799 1940 2855 nisi
1965 2799 2186 2855 lucrum
2216 2800 2324 2855 sibi
2349 2797 2439 2853 vel
2465 2798 2668 2855 utilita-

484 2903 596 2952 tem
626 2897 873 2968 aliquam
902 2894 1031 2952 inde
1059 2896 1421 2971 polliceatur:
1510 2905 1549 2931 ‘⁶
1573 2897 1640 2955 Si
1681 2898 1884 2968 aliquis
1926 2897 2138 2969 aliquid
2177 2898 2464 2972 spirituale
2499 2897 2668 2954 alicui

480 2991 731 3049 conferat
756 2982 928 3070 gratis
957 2992 1186 3069 propter
1212 2997 1784 3071 consanguinitatem,
1815 2996 1906 3053 vel
1935 3015 2353 3068 quamcumque
2381 2996 2664 3053 carnalem

483 3090 865 3160 affectionem,
895 3101 983 3147 est
1006 3093 1235 3164 quidem
1264 3094 1457 3151 illicita
1482 3104 1541 3152 et
1566 3096 1806 3173 carnalis
1835 3095 2077 3163 collati0,
2107 3114 2223 3153 non
2265 3107 2452 3153 tamen
2493 3096 2666 3152 simo-

482 3191 677 3245 niaca:
708 3192 842 3262 quia
868 3190 1008 3246 nihil
1033 3192 1110 3249 ibi
1136 3192 1428 3267 accipitur.
1513 3192 1686 3257 Unde
1706 3194 1817 3251 hoc
1836 3212 1952 3251 non
1973 3195 2217 3269 pertinet
2231 3171 2309 3252 adx
2323 3203 2666 3255 contractum

482 3288 789 3361 emptionis
818 3297 873 3343 et
899 3287 1261 3355 venditionis,
1290 3290 1349 3345 in
1378 3309 1491 3361 quo
1518 3290 1780 3349 fundatur
1799 3294 2064 3351 simonia.
2150 3294 2216 3351 Si
2245 3304 2433 3352 tamen
2460 3294 2664 3365 aliquis

482 3385 579 3443 det
602 3385 941 3469 beneficium
968 3388 1415 3454 ecclesiasticum
1445 3390 1633 3458 alicui,
1663 3392 1774 3449 hoc
1801 3403 1968 3467 pacto
2007 3392 2095 3449 vel
2121 3394 2452 3459 intentione,
2479 3402 2542 3450 ut
2567 3410 2665 3450 ex·

481 3484 611 3542 inde
638 3486 755 3543 suis
784 3488 1225 3563 consanguineis
1254 3488 1565 3563 provideat,
1587 3491 1989 3549 estmanifesta
2015 3486 2356 3549 simonia.”⁴
2420 3492 2486 3548 Si
2513 3492 2663 3567 epis-

480 3604 659 3660 copus
688 3585 783 3643 det
806 3588 1235 3663 consanguineo
1262 3588 1553 3665 pinguem,
1583 3599 1644 3647 ut
1669 3591 1844 3658 aiunt,
1875 3591 2226 3666 parochiam,
2249 3610 2316 3648 ea
2343 3590 2664 3649 conditione

481 3694 545 3741 ut
569 3687 872 3756 quotannis
900 3686 953 3743 ei
981 3686 1141 3745 detur
1180 3706 1310 3765 pars
1354 3688 1612 3760 quaedam
1651 3698 2048 3764 proventuum,
2077 3700 2164 3747 est
2202 3691 2480 3749 simonia:
2512 3688 2668 3762 quod

481 3784 531 3839 si
558 3784 807 3843 conditio
834 3802 951 3843 non
991 3786 1159 3844 fuerit
1185 3790 1463 3875 apposita,
1492 3786 1592 3844 sed
1619 3806 1754 3862 spes
1781 3797 1972 3846 mente
2005 3800 2282 3865 concepta
2307 3800 2396 3847 est
2421 3789 2665 3847 simonia

480 3882 764 3939 mentalis·

560 3982 659 4036 77.
704 3980 769 4035 Si
809 3982 937 4052 quis
983 3982 1053 4039 ad
1099 4002 1298 4059 preces
1340 3986 1570 4045 alterius
1612 4005 1821 4045 munus
1867 3986 2158 4063 spirituale
2201 3987 2472 4055 conferat,
2502 3986 2663 4046 nullo

478 4077 662 4153 pretio
690 4072 1251 4179 acceptognullaque'
1286 4085 1576 4143 commodi
1623 4085 1776 4157 quod
1820 4088 2002 4163 pretio
2047 4088 2314 4145 aestimari
2345 4095 2512 4159 queat
2538 4104 2663 4161 spe,

479 4194 596 4235 non
623 4188 712 4233 est
736 4177 999 4247 simonia,
1028 4179 1161 4239 licet
1184 4184 1401 4259 roganti
1430 4185 1565 4242 velit
1589 4186 1908 4261 gratificari,
1939 4196 1997 4243 et
2021 4187 2132 4245 sibi
2160 4204 2292 4244 eum
2333 4185 2658 4243 devincire:

549 4319 633 4385 (1)
672 4316 801 4365 Sess.
824 4318 958 4367 xxiv.
981 4334 1023 4368 c.
1051 4320 1184 4369 xviii.
1208 4322 1267 4371 de
1290 4324 1479 4377 reform.
1933 4331 2017 4396 (2)
2057 4328 2188 4378 Sess.
2210 4329 2312 4377 xxi.
2335 4342 2438 4391 cap.
2461 4327 2493 4376 i.

550 4404 635 4468 (3)
676 4401 798 4466 Cap.
820 4403 919 4451 xiV.
942 4403 1001 4453 de
1024 4405 1247 4457 simonia.

550 4488 634 4553 (5)
674 4486 727 4536 S,
750 4486 928 4537 Thom.
953 4492 1003 4539 2.
1026 4492 1074 4538 2.
1098 4504 1179 4553 qu.
1202 4506 1245 4541 c.
1268 4498 1353 4540 art.
1371 4507 1418 4541 v·
1487 4494 1576 4544 Ad
1590 4494 1883 4547 secundum.
