3117 5217
465 544 586 600 216
1043 554 1052 565 ’
1193 537 1307 597 DE
1352 536 1936 597 ADORATIONE.

465 714 860 785 agnoscentes,
901 714 958 762 et
993 706 1243 764 externis
1281 705 1508 764 indiciis
1539 724 1686 778 quos
1730 708 1923 764 animo
1970 706 2233 766 fovemus
2275 724 2482 764 sensus
2528 724 2657 781 pro-

463 806 680 873 dentes,
709 815 772 863 ut
797 806 892 863 alii
922 804 991 862 ad
1017 823 1150 863 eum
1179 804 1386 880 pariter
1411 802 1715 863 colendum
1734 806 2071 873 excitentur,
2100 807 2216 863 imo
2243 815 2306 863 ut
2324 806 2438 881 ipsi
2472 806 2655 881 magis

464 906 760 981 magisque
801 906 860 962 in
901 904 1028 981 ejus
1067 904 1220 961 cultu
1260 902 1644 979 proficiamus.
1730 904 1957 962 “Sicut
1996 903 2393 962 Damascenus
2431 904 2569 961 dicit
2593 905 2657 960 in

469 1004 578 1062 IV.
607 1004 772 1071 libro,
803 1004 940 1077 quia
965 1020 1039 1060 ex
1068 1001 1282 1079 duplici
1309 1008 1510 1060 natura
1535 1003 1839 1078 compositi
1866 1021 2088 1070 sumus,
2117 1003 2481 1061 intellectuali
2510 1002 2661 1058 scili-

467 1114 558 1161 cet
583 1114 640 1159 et
664 1102 939 1169 sensibili,
968 1100 1256 1177 duplicem
1283 1101 1665 1159 adorationem
1694 1100 1825 1159 Deo
1851 1102 2169 1171 offerimuS,
2188 1104 2408 1160 scilicet
2427 1101 2655 1178 spiritu-

466 1203 633 1269 alem,
681 1220 808 1273 quae
850 1200 1110 1259 consistit
1149 1200 1208 1258 in
1253 1199 1505 1257 interiori
1543 1202 1753 1258 mentis
1796 1200 2120 1270 devotione,
2164 1210 2221 1258 et
2278 1200 2654 1278 corporalem,

467 1320 592 1373 quae
613 1300 872 1357 consistit
890 1302 948 1357 in
979 1300 1247 1357 exteriori
1266 1300 1519 1373 corporis
1547 1299 1960 1357 humiliatione.
2044 1300 2125 1357 Et
2144 1302 2279 1373 quia
2299 1301 2357 1357 in
2385 1299 2650 1357 omnibus

467 1400 683 1457 actibus
709 1400 904 1466 latriae,
933 1398 992 1457 id
1020 1396 1175 1471 quod
1213 1406 1302 1454 est
1337 1398 1587 1454 exterius
1626 1398 1863 1456 refertur
1891 1398 1959 1455 ad
2000 1398 2058 1457 id
2087 1399 2245 1472 quod
2272 1408 2361 1457 est
2397 1398 2651 1464 interius,

469 1500 616 1556 sicut
641 1496 710 1555 ad
750 1498 1140 1574 principalius,
1169 1495 1297 1555 ideo
1337 1497 1466 1571 ipsa
1503 1496 1753 1555 exterior
1794 1496 2043 1555 adoratio
2068 1498 2131 1554 fit
2168 1508 2401 1574 propter
2428 1497 2653 1555 interio-

469 1616 621 1655 rem:
653 1606 716 1653 ut
739 1585 1012 1655 videlicet*
1030 1616 1135 1673 per
1159 1596 1322 1671 signa
1360 1594 1693 1654 humilitatis
1724 1614 1847 1669 quae
1888 1597 2255 1673 corporaliter
2295 1596 2653 1661 exhibemuS‚

469 1699 744 1754 excitetur
769 1707 964 1754 noster
990 1696 1223 1753 affectus
1252 1694 1320 1751 ad
1360 1694 1780 1771 subjiciendum
1821 1714 1883 1752 se
1912 1695 2075 1754 Deo:
2120 1697 2255 1769 quia
2294 1694 2652 1753 connaturale

469 1806 555 1853 est
579 1796 766 1862 nobis,
794 1805 856 1853 ut
873 1814 978 1871 per
1003 1793 1294 1853 sensibilia
1313 1793 1384 1849 ad
1405 1792 1780 1870 intelligibilia
1802 1789 2267 1870 procedamuS.”¹
2349 1792 2657 1861 Quomodo

467 1895 589 1951 haec
629 1913 760 1951 curn
789 1893 1116 1952 adoratione
1157 1894 1216 1949 in
1257 1892 1458 1967 spiritu
1501 1900 1558 1949 et
1596 1894 1826 1950 veritate
1867 1904 2105 1962 constet,
2134 1895 2377 1951 breviter
2404 1894 2655 1969 explicat

469 1994 533 2049 S.
567 1992 861 2050 Thomas:
947 2000 986 2027 “
1004 1992 1196 2049 Etiam
1225 1990 1474 2048 adoratio
1502 1993 1813 2068 corporalis
1842 1996 1901 2051 in
1930 1995 2129 2070 spiritu
2170 1994 2251 2061 fit,
2294 1994 2355 2050 in
2382 2002 2653 2065 quantum

467 2110 542 2149 ex
569 2090 841 2167 spirituali
869 2089 1170 2149 devotione
1199 2088 1473 2166 procedit,
1498 2100 1559 2147 >et
1584 2091 1644 2149 in
1670 2110 1794 2149 eam
1826 2088 2213 2151 ordinatur.”2

551 2195 608 2249 6.
653 2190 812 2248 Loco
855 2200 1041 2248 autem
1071 2190 1390 2266 specialiter
1428 2189 1499 2245 ad
1538 2188 1599 2247 id
1638 2190 1815 2248 officii
1856 2188 2485 2250 destinato‘solemnem
2530 2189 2657 2247 Deo

471 2291 683 2349 cultum
713 2290 1086 2356 exhibemus:
1117 2287 1376 2359 quamvis
1403 2288 1555 2346 enim
1586 2290 1812 2347 mulieri
1840 2290 2207 2348 Samaritanae
2229 2289 2439 2347 dixerit
2458 2290 2656 2347 Domi-

470 2407 599 2455 nus,
627 2406 816 2459 neque
845 2386 1291 2463 Hierosolymis,
1321 2405 1511 2459 neque
1553 2389 1613 2445 in
1648 2398 1841 2446 monte
1882 2390 2163 2458 Garizim,
2205 2389 2417 2446 cultum
2448 2388 2660 2465 praesti-

473 2496 589 2545 tum
630 2488 738 2554 iri;
785 2494 823 2521 “
844 2486 1131 2545 Dominus
1162 2506 1265 2562 per
1293 2486 1460 2544 verba
1499 2489 1840 2563 praenuntiat
1873 2489 2250 2545 cessationem
2289 2476 2651 2553 adorationiS‚

473 2594 582 2645 tam
627 2585 941 2645 secundum
981 2587 1151 2643 ritum
1189 2586 1520 2644 Judaeorum
1566 2586 1914 2644 adorantium
1951 2589 2011 2645 in
2055 2586 2439 2654 Hierusalem,
2484 2604 2655 2658 quam

471 2686 638 2743 etiam
669 2684 981 2743 secundum
996 2688 1165 2742 ritum
1185 2686 1665 2742 Samaritanorum
1697 2668 2047 2744 adorantium
2073 2688 2131 2743 in
2152 2695 2345 2743 monte
2371 2686 2650 2743 Garizim.

473 2784 729 2856 Uterque
757 2786 908 2841 enim
948 2786 1088 2843 ritus
1129 2784 1392 2850 cessavit,
1423 2785 1686 2841 veniente
1726 2784 2012 2858 spirituali
2050 2785 2355 2861 Evangelii
2388 2785 2653 2841 veritate:
2682 2824 2684 2826 .

471 2882 788 2939 secundum
825 2900 998 2955 quam
1041 2884 1099 2940 in
1141 2883 1298 2938 omni
1337 2882 1468 2939 loco
1495 2882 1624 2939 Deo
1665 2883 2029 2952 sacrificatur,
2068 2895 2131 2941 ut
2165 2883 2367 2941 dicitur
2402 2883 2654 2941 Malach.

477 2976 610 3039 1.”³
689 2982 818 3038 Nec
865 2992 1051 3039 tamen
1093 2979 1374 3038 credimus
1421 2981 1611 3039 Deum
1659 2981 1786 3039 loco
1832 2984 2141 3040 contineri:
2190 2982 2291 3038 sed
2343 2981 2650 3057 plurimum

471 3080 636 3137 nobis
665 3080 895 3155 prodest
919 3090 983 3137 ut
1006 3082 1065 3138 in
1092 3079 1278 3137 locum
1309 3098 1740 3155 congregemur,
1764 3082 1817 3137 ei
1844 3082 2058 3139 cultum
2080 3081 2319 3139 oblaturi
2344 3100 2359 3147 3
2390 3082 2473 3138 sic
2501 3083 2655 3138 enim

471 3179 535 3235 fit
573 3187 636 3235 ut
679 3166 881 3235 omnes
927 3179 1114 3235 veluti*
1144 3178 1516 3236 accendamur
1561 3179 1800 3236 aliorum
1842 3180 2147 3257 exempliS‚
2194 3189 2251 3236 et
2293 3189 2355 3236 ut
2398 3181 2654 3237 omnium

471 3276 790 3352 conjunctis
833 3277 1118 3352 precibus,
1153 3274 1315 3333 Deus
1355 3296 1419 3334 se
1467 3276 1689 3335 facilem
1727 3280 1990 3353 praebeat.
2076 3278 2246 3344 Quod
2290 3276 2558 3336 Christus
2596 3279 2655 3336 in

471 3376 731 3434 cubiculo
785 3376 1060 3433 orandum
1111 3375 1337 3443 dixerit,
1394 3376 1463 3433 ad
1517 3372 1917 3435 insinuandam
1965 3378 2343 3435 humilitatem
2388 3376 2649 3453 pertinet,

474 3494 648 3549 quum
677 3476 930 3549 alioquin
957 3476 1370 3551 suo·exemplo
1411 3474 1704 3551 publicum
1745 3477 1957 3535 cultum
1984 3476 2354 3533 deferendum
2385 3473 2656 3541 docuerit,

474 3575 728 3635 adstabat
753 3576 907 3634 enim
937 3576 974 3633 J
977 3575 1267 3634 udaeorum
1295 3574 1768 3661 solemnitatibus

553 3682 611 3734 7.
675 3674 1032 3734 Sacrificium
1059 3674 1211 3740 De0,
1249 3691 1325 3731 ex
1355 3675 1487 3751 jure
1528 3674 1789 3743 naturali,
1817 3681 1881 3730 ut
1918 3672 2163 3742 videtur,
2210 3673 2485 3731 offertur:
2530 3690 2661 3729 nam

435 3770 439 3772 ’
479 3782 517 3809 “
539 3775 600 3832 in
627 3776 874 3845 qualibet
900 3784 1078 3842 aetate,
1107 3785 1167 3831 et
1204 3772 1355 3849 apud
1381 3773 1662 3846 quaslibet
1687 3773 1988 3830 hominum
2016 3774 2273 3830 nationes
2301 3790 2530 3847 semper
2558 3770 2663 3827 fuit

550 3947 634 4013 (l)
673 3950 722 3994 2.
745 3950 793 3994 2.
817 3961 898 4008 qu.
921 3946 1106 3995 lxxxiv.
1130 3946 1216 3994 art.
1239 3945 1288 3995 ii.
1359 3945 1512 4012 Κεφ.
1582 3954 1611 3977 “
1630 3944 1761 3993 How
1785 3944 1990 4005 grateful
2028 3950 2162 3993 must
2194 3960 2285 3993 our
2306 3944 2487 3994 service
2508 3942 2656 3992 needs

475 4032 550 4089 be,
573 4029 719 4079 when
741 4030 804 4077 all
825 4029 930 4077 that
948 4028 992 4077 is
1013 4028 1188 4077 within
1209 4028 1308 4077 and
1328 4028 1536 4077 without
1555 4027 1800 4091 conspires
1822 4034 1874 4075 to
1895 4028 1960 4088 it3
1996 4027 2093 4077 and
2114 4027 2279 4077 whilst
2299 4028 2382 4075 the
2406 4012 2589 4089 t‘ongue
2610 4026 2652 4075 is

479 4114 628 4174 doing
649 4096 711 4161 its
733 4112 996 4173 devotione,
1019 4113 1102 4161 the
1123 4114 1249 4161 lmen
1270 4113 1313 4161 is
1333 4112 1530 4173 bowing
1551 4118 1601 4159 ω
1636 4112 1718 4160 the
1752 4112 1931 4161 Divino
1966 4112 2190 4177 Majesty,
2212 4127 2266 4160 οι
2299 4112 2489 4175 (which
2510 4112 2552 4159 is
2574 4110 2655 4159 the

478 4205 666 4251 custom
689 4198 746 4246 of
771 4198 853 4245 the
875 4197 1022 4257 Jews,
1043 4198 1141 4247 and
1159 4198 1204 4247 is
1225 4198 1322 4247 still
1346 4198 1402 4246 of
1428 4198 1491 4246 all
1514 4197 1597 4245 the
1618 4197 1826 4246 Eastem
1866 4198 2103 4263 nations‚)
2128 4197 2210 4245 the
2241 4196 2402 4245 whole
2435 4196 2579 4259 body,
2601 4195 2654 4243 in

476 4285 624 4334 token
645 4283 702 4331 of
727 4282 788 4331 its
810 4281 907 4330 and
926 4282 1010 4330 the
1031 4280 1180 4330 soul’s
1201 4281 1468 4346 subjection
1489 4282 1577 4331 lies
1597 4287 1827 4345 prostrate
1849 4298 1986 4345 upon
2027 4282 2115 4330 the
2146 4280 2404 4341 ground'!”
2472 4277 2655 4345 Expli-

477 4369 642 4422 action
661 4366 726 4436 of
749 4364 828 4417 the
849 4363 1146 4433 Παπαῖος-ω,
1163 4367 1228 4429 by
1251 4365 1444 4415 Gabriel
1466 4366 1749 4425 Towerson,
1780 4366 1955 4418 Rector
1977 4365 2034 4413 of
2060 4365 2348 4428 Vlr'alwynn,
2372 4380 2421 4428 p.
2445 4367 2525 4412 86.

555 4456 639 4519 (2)
678 4451 876 4501 Ibidem.
943 4449 1030 4500 Ad
1039 4450 1292 4515 primum.
1660 4450 1736 4511 (3)
1772 4448 1973 4508 Ibidem,
1994 4454 2083 4499 ert.
2103 4448 2172 4497 iii.
