<?xml version="1.0" encoding="UTF-8"?>
<!DOCTYPE html PUBLIC "-//W3C//DTD XHTML 1.0 Transitional//EN"
    "http://www.w3.org/TR/xhtml1/DTD/xhtml1-transitional.dtd">
<html xmlns="http://www.w3.org/1999/xhtml" xml:lang="en" lang="en">
 <head>
  <title>
</title>
<meta http-equiv="Content-Type" content="text/html;charset=utf-8" />
  <meta name='ocr-system' content='tesseract 3.04.00' />
  <meta name='ocr-capabilities' content='ocr_page ocr_carea ocr_par ocr_line ocrx_word'/>
</head>
<body>
  <div class='ocr_page' id='page_1' title='image "./theologiaemoral00unkngoog_0170.png"; bbox 0 0 3117 5217; ppageno 0'>
   <div class='ocr_carea' id='block_1_1' title="bbox 496 532 2237 604">
    <p class='ocr_par' dir='ltr' id='par_1_1' title="bbox 496 532 2237 604">
     <span class='ocr_line' id='line_1_1' title="bbox 496 532 2237 604; baseline 0 -12"><span class='ocrx_word' id='word_1_1' title='bbox 496 538 612 593; x_wconf 81' lang='lat'><strong>156</strong></span> <span class='ocrx_word' id='word_1_2' title='bbox 905 535 1019 595; x_wconf 90' lang='lat' dir='ltr'><strong>DE</strong></span> <span class='ocrx_word' id='word_1_3' title='bbox 1063 534 1512 604; x_wconf 87' lang='lat' dir='ltr'><strong>DEPOSITO‚</strong></span> <span class='ocrx_word' id='word_1_4' title='bbox 1555 534 1999 604; x_wconf 87' lang='lat' dir='ltr'><strong>MANDATO,</strong></span> <span class='ocrx_word' id='word_1_5' title='bbox 2038 532 2237 599; x_wconf 79' lang='lat' dir='ltr'><strong>ETC.</strong></span> 
     </span>
    </p>
   </div>
   <div class='ocr_carea' id='block_1_2' title="bbox 492 704 2753 3936">
    <p class='ocr_par' dir='ltr' id='par_1_2' title="bbox 492 704 2699 1768">
     <span class='ocr_line' id='line_1_2' title="bbox 569 704 2672 784; baseline 0.001 -21"><span class='ocrx_word' id='word_1_6' title='bbox 569 710 670 763; x_wconf 81' lang='lat'><strong>40.</strong></span> <span class='ocrx_word' id='word_1_7' title='bbox 715 704 858 763; x_wconf 83' lang='lat' dir='ltr'><strong>Hoec</strong></span> <span class='ocrx_word' id='word_1_8' title='bbox 885 705 1118 779; x_wconf 90' lang='lat' dir='ltr'><strong>quidem</strong></span> <span class='ocrx_word' id='word_1_9' title='bbox 1145 705 1216 765; x_wconf 89' lang='lat' dir='ltr'><strong>de</strong></span> <span class='ocrx_word' id='word_1_10' title='bbox 1255 707 1633 765; x_wconf 88' lang='lat' dir='ltr'><strong>contractibus</strong></span> <span class='ocrx_word' id='word_1_11' title='bbox 1676 708 1989 783; x_wconf 83' lang='lat' dir='ltr'><strong>generatim</strong></span> <span class='ocrx_word' id='word_1_12' title='bbox 2016 706 2243 766; x_wconf 85' lang='lat' dir='ltr'><strong>tradunt</strong></span> <span class='ocrx_word' id='word_1_13' title='bbox 2282 707 2473 784; x_wconf 88' lang='lat' dir='ltr'><strong>plures</strong></span> <span class='ocrx_word' id='word_1_14' title='bbox 2516 709 2672 767; x_wconf 87' lang='lat' dir='ltr'><strong>theo·</strong></span> 
     </span>
     <span class='ocr_line' id='line_1_3' title="bbox 492 804 2699 882; baseline -0.001 -19"><span class='ocrx_word' id='word_1_15' title='bbox 492 805 643 881; x_wconf 83' lang='lat' dir='ltr'><strong>logi:</strong></span> <span class='ocrx_word' id='word_1_16' title='bbox 687 804 737 861; x_wconf 87' lang='lat' dir='ltr'><strong>si</strong></span> <span class='ocrx_word' id='word_1_17' title='bbox 763 804 823 862; x_wconf 88' lang='lat' dir='ltr'><strong>in</strong></span> <span class='ocrx_word' id='word_1_18' title='bbox 849 806 1027 863; x_wconf 87' lang='lat' dir='ltr'><strong>solius</strong></span> <span class='ocrx_word' id='word_1_19' title='bbox 1049 804 1240 863; x_wconf 78' lang='lat' dir='ltr'><strong>dantis·</strong></span> <span class='ocrx_word' id='word_1_20' title='bbox 1259 814 1494 882; x_wconf 90' lang='lat' dir='ltr'><strong>vergant</strong></span> <span class='ocrx_word' id='word_1_21' title='bbox 1519 804 1837 872; x_wconf 78' lang='lat' dir='ltr'><strong>utilitatem,</strong></span> <span class='ocrx_word' id='word_1_22' title='bbox 1864 805 2147 879; x_wconf 87' lang='lat' dir='ltr'><strong>recipiens</strong></span> <span class='ocrx_word' id='word_1_23' title='bbox 2174 825 2289 864; x_wconf 90' lang='lat' dir='ltr'><strong>non</strong></span> <span class='ocrx_word' id='word_1_24' title='bbox 2317 816 2537 864; x_wconf 87' lang='lat' dir='ltr'><strong>tenetur</strong></span> <span class='ocrx_word' id='word_1_25' title='bbox 2562 807 2675 865; x_wconf 87' lang='lat' dir='ltr'><strong>nisi</strong></span> <span class='ocrx_word' id='word_1_26' title='bbox 2693 844 2699 847; x_wconf 55' lang='lat'><em>„</em></span> 
     </span>
     <span class='ocr_line' id='line_1_4' title="bbox 495 903 2673 978; baseline 0 -17"><span class='ocrx_word' id='word_1_27' title='bbox 495 922 570 961; x_wconf 83' lang='lat' dir='ltr'><strong>ex</strong></span> <span class='ocrx_word' id='word_1_28' title='bbox 597 903 765 978; x_wconf 91' lang='lat' dir='ltr'><strong>culpa</strong></span> <span class='ocrx_word' id='word_1_29' title='bbox 795 903 925 971; x_wconf 88' lang='lat' dir='ltr'><strong>lata,</strong></span> <span class='ocrx_word' id='word_1_30' title='bbox 966 905 1059 962; x_wconf 89' lang='lat' dir='ltr'><strong>vel</strong></span> <span class='ocrx_word' id='word_1_31' title='bbox 1099 903 1263 962; x_wconf 89' lang='lat' dir='ltr'><strong>dolo:</strong></span> <span class='ocrx_word' id='word_1_32' title='bbox 1307 905 1358 961; x_wconf 87' lang='lat' dir='ltr'><strong>si</strong></span> <span class='ocrx_word' id='word_1_33' title='bbox 1398 904 1460 962; x_wconf 90' lang='lat' dir='ltr'><strong>in</strong></span> <span class='ocrx_word' id='word_1_34' title='bbox 1486 904 1777 976; x_wconf 88' lang='lat' dir='ltr'><strong>utriusque</strong></span> <span class='ocrx_word' id='word_1_35' title='bbox 1818 903 2119 961; x_wconf 74' lang='lat' dir='ltr'><strong>utilitatem</strong></span> <span class='ocrx_word' id='word_1_36' title='bbox 2162 903 2411 972; x_wconf 80' lang='lat' dir='ltr'><strong>tendant,</strong></span> <span class='ocrx_word' id='word_1_37' title='bbox 2452 915 2673 962; x_wconf 84' lang='lat' dir='ltr'><strong>tenetur</strong></span> 
     </span>
     <span class='ocr_line' id='line_1_5' title="bbox 495 1000 2672 1077; baseline 0 -17"><span class='ocrx_word' id='word_1_38' title='bbox 495 1021 571 1060; x_wconf 84' lang='lat' dir='ltr'><strong>ex</strong></span> <span class='ocrx_word' id='word_1_39' title='bbox 597 1002 766 1077; x_wconf 88' lang='lat' dir='ltr'><strong>culpa</strong></span> <span class='ocrx_word' id='word_1_40' title='bbox 789 1001 925 1070; x_wconf 85' lang='lat' dir='ltr'><strong>levi,</strong></span> <span class='ocrx_word' id='word_1_41' title='bbox 955 1020 1056 1060; x_wconf 89' lang='lat' dir='ltr'><strong>seu</strong></span> <span class='ocrx_word' id='word_1_42' title='bbox 1079 1022 1149 1061; x_wconf 89' lang='lat' dir='ltr'><strong>ea</strong></span> <span class='ocrx_word' id='word_1_43' title='bbox 1172 1003 1389 1061; x_wconf 86' lang='lat' dir='ltr'><strong>omissa</strong></span> <span class='ocrx_word' id='word_1_44' title='bbox 1407 1020 1546 1059; x_wconf 89' lang='lat' dir='ltr'><strong>cura</strong></span> <span class='ocrx_word' id='word_1_45' title='bbox 1571 1020 1741 1074; x_wconf 88' lang='lat' dir='ltr'><strong>quam</strong></span> <span class='ocrx_word' id='word_1_46' title='bbox 1769 1000 2157 1077; x_wconf 81' lang='lat' dir='ltr'><strong>diligentiores</strong></span> <span class='ocrx_word' id='word_1_47' title='bbox 2187 1002 2493 1061; x_wconf 83' lang='lat' dir='ltr'><strong>adhibent:</strong></span> <span class='ocrx_word' id='word_1_48' title='bbox 2538 1004 2588 1060; x_wconf 87' lang='lat' dir='ltr'><strong>si</strong></span> <span class='ocrx_word' id='word_1_49' title='bbox 2614 1004 2672 1060; x_wconf 90' lang='lat' dir='ltr'><strong>in</strong></span> 
     </span>
     <span class='ocr_line' id='line_1_6' title="bbox 494 1099 2676 1177; baseline 0 -19"><span class='ocrx_word' id='word_1_50' title='bbox 494 1100 822 1176; x_wconf 86' lang='lat' dir='ltr'><strong>recipientis</strong></span> <span class='ocrx_word' id='word_1_51' title='bbox 851 1109 1065 1159; x_wconf 90' lang='lat' dir='ltr'><strong>tantum</strong></span> <span class='ocrx_word' id='word_1_52' title='bbox 1106 1099 1472 1159; x_wconf 86' lang='lat' dir='ltr'><strong>commodum</strong></span> <span class='ocrx_word' id='word_1_53' title='bbox 1513 1100 1669 1167; x_wconf 82' lang='lat' dir='ltr'><strong>fiant,</strong></span> <span class='ocrx_word' id='word_1_54' title='bbox 1698 1108 1918 1157; x_wconf 87' lang='lat' dir='ltr'><strong>tenetur</strong></span> <span class='ocrx_word' id='word_1_55' title='bbox 1943 1119 2017 1157; x_wconf 84' lang='lat' dir='ltr'><strong>ex</strong></span> <span class='ocrx_word' id='word_1_56' title='bbox 2057 1100 2224 1177; x_wconf 86' lang='lat' dir='ltr'><strong>culpa</strong></span> <span class='ocrx_word' id='word_1_57' title='bbox 2248 1102 2417 1159; x_wconf 89' lang='lat' dir='ltr'><strong>etiam</strong></span> <span class='ocrx_word' id='word_1_58' title='bbox 2455 1101 2676 1158; x_wconf 85' lang='lat' dir='ltr'><strong>levissi-</strong></span> 
     </span>
     <span class='ocr_line' id='line_1_7' title="bbox 495 1194 2678 1276; baseline -0.001 -19"><span class='ocrx_word' id='word_1_59' title='bbox 495 1194 641 1257; x_wconf 86' lang='lat' dir='ltr'><strong>ma.¹</strong></span> <span class='ocrx_word' id='word_1_60' title='bbox 721 1198 821 1255; x_wconf 85' lang='lat' dir='ltr'><strong>Ex</strong></span> <span class='ocrx_word' id='word_1_61' title='bbox 847 1199 1012 1271; x_wconf 82' lang='lat' dir='ltr'><strong>quasi</strong></span> <span class='ocrx_word' id='word_1_62' title='bbox 1039 1208 1330 1259; x_wconf 85' lang='lat' dir='ltr'><strong>contractu</strong></span> <span class='ocrx_word' id='word_1_63' title='bbox 1369 1198 1498 1272; x_wconf 90' lang='lat' dir='ltr'><strong>quis</strong></span> <span class='ocrx_word' id='word_1_64' title='bbox 1539 1196 1611 1255; x_wconf 92' lang='lat' dir='ltr'><strong>ad</strong></span> <span class='ocrx_word' id='word_1_65' title='bbox 1648 1198 2059 1257; x_wconf 87' lang='lat' dir='ltr'><strong>restituendum</strong></span> <span class='ocrx_word' id='word_1_66' title='bbox 2096 1200 2376 1276; x_wconf 87' lang='lat' dir='ltr'><strong>obligatur</strong></span> <span class='ocrx_word' id='word_1_67' title='bbox 2401 1198 2470 1256; x_wconf 90' lang='lat' dir='ltr'><strong>de</strong></span> <span class='ocrx_word' id='word_1_68' title='bbox 2510 1199 2678 1273; x_wconf 89' lang='lat' dir='ltr'><strong>culpa</strong></span> 
     </span>
     <span class='ocr_line' id='line_1_8' title="bbox 499 1296 2681 1373; baseline -0.001 -18"><span class='ocrx_word' id='word_1_69' title='bbox 499 1298 612 1355; x_wconf 87' lang='lat' dir='ltr'><strong>lata</strong></span> <span class='ocrx_word' id='word_1_70' title='bbox 637 1306 694 1354; x_wconf 90' lang='lat' dir='ltr'><strong>et</strong></span> <span class='ocrx_word' id='word_1_71' title='bbox 719 1296 872 1366; x_wconf 93' lang='lat' dir='ltr'><strong>dolo,</strong></span> <span class='ocrx_word' id='word_1_72' title='bbox 902 1299 1009 1356; x_wconf 87' lang='lat' dir='ltr'><strong>etsi</strong></span> <span class='ocrx_word' id='word_1_73' title='bbox 1036 1297 1355 1356; x_wconf 85' lang='lat' dir='ltr'><strong>mercedem</strong></span> <span class='ocrx_word' id='word_1_74' title='bbox 1399 1315 1517 1354; x_wconf 90' lang='lat' dir='ltr'><strong>non</strong></span> <span class='ocrx_word' id='word_1_75' title='bbox 1554 1296 1821 1372; x_wconf 88' lang='lat' dir='ltr'><strong>recipiat;</strong></span> <span class='ocrx_word' id='word_1_76' title='bbox 1863 1296 1933 1355; x_wconf 89' lang='lat' dir='ltr'><strong>de</strong></span> <span class='ocrx_word' id='word_1_77' title='bbox 1974 1297 2144 1373; x_wconf 89' lang='lat' dir='ltr'><strong>culpa</strong></span> <span class='ocrx_word' id='word_1_78' title='bbox 2178 1298 2295 1356; x_wconf 91' lang='lat' dir='ltr'><strong>levi</strong></span> <span class='ocrx_word' id='word_1_79' title='bbox 2328 1298 2378 1354; x_wconf 90' lang='lat' dir='ltr'><strong>si</strong></span> <span class='ocrx_word' id='word_1_80' title='bbox 2405 1298 2681 1373; x_wconf 87' lang='lat' dir='ltr'><strong>receperit</strong></span> 
     </span>
     <span class='ocr_line' id='line_1_9' title="bbox 494 1378 2680 1471; baseline -0.002 -16"><span class='ocrx_word' id='word_1_81' title='bbox 494 1392 816 1455; x_wconf 86' lang='lat' dir='ltr'><strong>mercedem</strong></span> <span class='ocrx_word' id='word_1_82' title='bbox 841 1416 856 1462; x_wconf 81' lang='lat'><em>3</em></span> <span class='ocrx_word' id='word_1_83' title='bbox 897 1416 1013 1454; x_wconf 88' lang='lat' dir='ltr'><strong>non</strong></span> <span class='ocrx_word' id='word_1_84' title='bbox 1041 1406 1228 1453; x_wconf 85' lang='lat' dir='ltr'><strong>autem</strong></span> <span class='ocrx_word' id='word_1_85' title='bbox 1256 1396 1326 1453; x_wconf 93' lang='lat' dir='ltr'><strong>de</strong></span> <span class='ocrx_word' id='word_1_86' title='bbox 1352 1395 1664 1462; x_wconf 86' lang='lat' dir='ltr'><strong>levissima,</strong></span> <span class='ocrx_word' id='word_1_87' title='bbox 1692 1396 1808 1452; x_wconf 91' lang='lat' dir='ltr'><strong>nisi</strong></span> <span class='ocrx_word' id='word_1_88' title='bbox 1834 1378 1923 1452; x_wconf 25' lang='lat' dir='ltr'><strong>rei·</strong></span> <span class='ocrx_word' id='word_1_89' title='bbox 1956 1404 2153 1453; x_wconf 88' lang='lat' dir='ltr'><strong>natura</strong></span> <span class='ocrx_word' id='word_1_90' title='bbox 2178 1414 2461 1453; x_wconf 89' lang='lat' dir='ltr'><strong>summam</strong></span> <span class='ocrx_word' id='word_1_91' title='bbox 2487 1397 2680 1471; x_wconf 86' lang='lat' dir='ltr'><strong>exigat</strong></span> 
     </span>
     <span class='ocr_line' id='line_1_10' title="bbox 495 1493 2675 1571; baseline -0.002 -18"><span class='ocrx_word' id='word_1_92' title='bbox 495 1496 869 1571; x_wconf 83' lang='lat' dir='ltr'><strong>diligentiam,</strong></span> <span class='ocrx_word' id='word_1_93' title='bbox 892 1495 984 1553; x_wconf 89' lang='lat' dir='ltr'><strong>vel</strong></span> <span class='ocrx_word' id='word_1_94' title='bbox 1009 1513 1134 1553; x_wconf 90' lang='lat' dir='ltr'><strong>eam</strong></span> <span class='ocrx_word' id='word_1_95' title='bbox 1161 1512 1224 1551; x_wconf 88' lang='lat' dir='ltr'><strong>se</strong></span> <span class='ocrx_word' id='word_1_96' title='bbox 1245 1493 1623 1551; x_wconf 89' lang='lat' dir='ltr'><strong>adhibiturum</strong></span> <span class='ocrx_word' id='word_1_97' title='bbox 1648 1503 1839 1550; x_wconf 88' lang='lat' dir='ltr'><strong>sancte</strong></span> <span class='ocrx_word' id='word_1_98' title='bbox 1866 1494 2149 1569; x_wconf 83' lang='lat' dir='ltr'><strong>pollicitus</strong></span> <span class='ocrx_word' id='word_1_99' title='bbox 2178 1496 2267 1551; x_wconf 90' lang='lat' dir='ltr'><strong>sit.</strong></span> <span class='ocrx_word' id='word_1_100' title='bbox 2314 1494 2463 1551; x_wconf 88' lang='lat' dir='ltr'><strong>Sunt</strong></span> <span class='ocrx_word' id='word_1_101' title='bbox 2486 1503 2675 1551; x_wconf 88' lang='lat' dir='ltr'><strong>tamen</strong></span> 
     </span>
     <span class='ocr_line' id='line_1_11' title="bbox 493 1592 2675 1670; baseline -0.002 -17"><span class='ocrx_word' id='word_1_102' title='bbox 493 1596 751 1669; x_wconf 87' lang='lat' dir='ltr'><strong>insignes</strong></span> <span class='ocrx_word' id='word_1_103' title='bbox 780 1592 1032 1670; x_wconf 86' lang='lat' dir='ltr'><strong>theologi</strong></span> <span class='ocrx_word' id='word_1_104' title='bbox 1062 1594 1159 1665; x_wconf 92' lang='lat' dir='ltr'><strong>qui</strong></span> <span class='ocrx_word' id='word_1_105' title='bbox 1185 1592 1394 1650; x_wconf 86' lang='lat' dir='ltr'><strong>docent</strong></span> <span class='ocrx_word' id='word_1_106' title='bbox 1416 1592 1747 1651; x_wconf 88' lang='lat' dir='ltr'><strong>restituendi</strong></span> <span class='ocrx_word' id='word_1_107' title='bbox 1768 1592 2168 1669; x_wconf 82' lang='lat' dir='ltr'><strong>obligationem</strong></span> <span class='ocrx_word' id='word_1_108' title='bbox 2190 1610 2415 1669; x_wconf 88' lang='lat' dir='ltr'><strong>gravem</strong></span> <span class='ocrx_word' id='word_1_109' title='bbox 2444 1592 2675 1649; x_wconf 88' lang='lat' dir='ltr'><strong>nonnisi</strong></span> 
     </span>
     <span class='ocr_line' id='line_1_12' title="bbox 499 1692 1471 1768; baseline -0.001 -19"><span class='ocrx_word' id='word_1_110' title='bbox 499 1712 571 1750; x_wconf 85' lang='lat' dir='ltr'><strong>ex</strong></span> <span class='ocrx_word' id='word_1_111' title='bbox 599 1693 766 1768; x_wconf 87' lang='lat' dir='ltr'><strong>culpa</strong></span> <span class='ocrx_word' id='word_1_112' title='bbox 790 1695 946 1768; x_wconf 89' lang='lat' dir='ltr'><strong>gravi</strong></span> <span class='ocrx_word' id='word_1_113' title='bbox 974 1692 1295 1767; x_wconf 89' lang='lat' dir='ltr'><strong>theologica</strong></span> <span class='ocrx_word' id='word_1_114' title='bbox 1319 1693 1471 1749; x_wconf 91' lang='lat' dir='ltr'><strong>oriri.</strong></span> 
     </span>
    </p>

    <p class='ocr_par' dir='ltr' id='par_1_3' title="bbox 497 1780 2680 2062">
     <span class='ocr_line' id='line_1_13' title="bbox 579 1780 2680 1865; baseline -0.001 -18"><span class='ocrx_word' id='word_1_115' title='bbox 579 1795 677 1848; x_wconf 90' lang='lat'><strong>41.</strong></span> <span class='ocrx_word' id='word_1_116' title='bbox 721 1790 813 1847; x_wconf 89' lang='lat' dir='ltr'><strong>De</strong></span> <span class='ocrx_word' id='word_1_117' title='bbox 839 1810 974 1848; x_wconf 87' lang='lat' dir='ltr'><strong>casu</strong></span> <span class='ocrx_word' id='word_1_118' title='bbox 1003 1791 1234 1848; x_wconf 87' lang='lat' dir='ltr'><strong>fortuito</strong></span> <span class='ocrx_word' id='word_1_119' title='bbox 1259 1780 1617 1865; x_wconf 71' lang='lat' dir='ltr'><strong>&#39;plerumque</strong></span> <span class='ocrx_word' id='word_1_120' title='bbox 1657 1789 2033 1865; x_wconf 84' lang='lat' dir='ltr'><strong>depositarius</strong></span> <span class='ocrx_word' id='word_1_121' title='bbox 2060 1808 2177 1847; x_wconf 88' lang='lat' dir='ltr'><strong>non</strong></span> <span class='ocrx_word' id='word_1_122' title='bbox 2210 1798 2463 1846; x_wconf 84' lang='lat' dir='ltr'><strong>tenetur:</strong></span> <span class='ocrx_word' id='word_1_123' title='bbox 2508 1788 2559 1844; x_wconf 90' lang='lat' dir='ltr'><strong>si</strong></span> <span class='ocrx_word' id='word_1_124' title='bbox 2586 1807 2680 1844; x_wconf 87' lang='lat' dir='ltr'><strong>au·</strong></span> 
     </span>
     <span class='ocr_line' id='line_1_14' title="bbox 500 1888 2677 1963; baseline -0.002 -17"><span class='ocrx_word' id='word_1_125' title='bbox 500 1901 611 1947; x_wconf 88' lang='lat' dir='ltr'><strong>tem</strong></span> <span class='ocrx_word' id='word_1_126' title='bbox 639 1889 960 1963; x_wconf 83' lang='lat' dir='ltr'><strong>depositum</strong></span> <span class='ocrx_word' id='word_1_127' title='bbox 986 1888 1222 1947; x_wconf 89' lang='lat' dir='ltr'><strong>reddere</strong></span> <span class='ocrx_word' id='word_1_128' title='bbox 1263 1889 1544 1946; x_wconf 86' lang='lat' dir='ltr'><strong>distulerit</strong></span> <span class='ocrx_word' id='word_1_129' title='bbox 1584 1888 1751 1963; x_wconf 88' lang='lat' dir='ltr'><strong>culpa</strong></span> <span class='ocrx_word' id='word_1_130' title='bbox 1792 1906 1914 1955; x_wconf 88' lang='lat' dir='ltr'><strong>sua,</strong></span> <span class='ocrx_word' id='word_1_131' title='bbox 1960 1897 2015 1945; x_wconf 92' lang='lat' dir='ltr'><strong>et</strong></span> <span class='ocrx_word' id='word_1_132' title='bbox 2056 1888 2197 1945; x_wconf 80' lang='lat' dir='ltr'><strong>forte</strong></span> <span class='ocrx_word' id='word_1_133' title='bbox 2240 1888 2429 1959; x_wconf 90' lang='lat' dir='ltr'><strong>aliqua</strong></span> <span class='ocrx_word' id='word_1_134' title='bbox 2469 1896 2677 1963; x_wconf 87' lang='lat' dir='ltr'><strong>pereat,</strong></span> 
     </span>
     <span class='ocr_line' id='line_1_15' title="bbox 497 1986 1410 2062; baseline -0.002 -17"><span class='ocrx_word' id='word_1_135' title='bbox 497 1986 698 2045; x_wconf 75' lang='lat' dir='ltr'><strong>merito</strong></span> <span class='ocrx_word' id='word_1_136' title='bbox 727 1986 1000 2044; x_wconf 88' lang='lat' dir='ltr'><strong>damnum</strong></span> <span class='ocrx_word' id='word_1_137' title='bbox 1027 1988 1152 2062; x_wconf 89' lang='lat' dir='ltr'><strong>ipse</strong></span> <span class='ocrx_word' id='word_1_138' title='bbox 1172 1987 1410 2044; x_wconf 86' lang='lat' dir='ltr'><strong>subibit.</strong></span> 
     </span>
    </p>

    <p class='ocr_par' dir='ltr' id='par_1_4' title="bbox 499 2084 2753 3722">
     <span class='ocr_line' id='line_1_16' title="bbox 576 2084 2682 2161; baseline 0.001 -20"><span class='ocrx_word' id='word_1_139' title='bbox 576 2089 674 2142; x_wconf 82' lang='lat'><strong>42.</strong></span> <span class='ocrx_word' id='word_1_140' title='bbox 701 2084 1184 2143; x_wconf 73' lang='lat' dir='ltr'><strong>Commodatum</strong></span> <span class='ocrx_word' id='word_1_141' title='bbox 1211 2084 1414 2143; x_wconf 89' lang='lat' dir='ltr'><strong>dicitur</strong></span> <span class='ocrx_word' id='word_1_142' title='bbox 1449 2092 1765 2142; x_wconf 83' lang='lat' dir='ltr'><strong>contractus</strong></span> <span class='ocrx_word' id='word_1_143' title='bbox 1794 2104 1910 2156; x_wconf 93' lang='lat' dir='ltr'><strong>quo</strong></span> <span class='ocrx_word' id='word_1_144' title='bbox 1935 2104 2027 2143; x_wconf 90' lang='lat' dir='ltr'><strong>res</strong></span> <span class='ocrx_word' id='word_1_145' title='bbox 2055 2085 2126 2143; x_wconf 92' lang='lat' dir='ltr'><strong>ad</strong></span> <span class='ocrx_word' id='word_1_146' title='bbox 2152 2087 2337 2143; x_wconf 87' lang='lat' dir='ltr'><strong>solum</strong></span> <span class='ocrx_word' id='word_1_147' title='bbox 2364 2104 2531 2144; x_wconf 87' lang='lat' dir='ltr'><strong>usum</strong></span> <span class='ocrx_word' id='word_1_148' title='bbox 2558 2104 2682 2161; x_wconf 87' lang='lat' dir='ltr'><strong>gra·</strong></span> 
     </span>
     <span class='ocr_line' id='line_1_17' title="bbox 499 2183 2683 2261; baseline -0.001 -20"><span class='ocrx_word' id='word_1_149' title='bbox 499 2185 639 2242; x_wconf 89' lang='lat' dir='ltr'><strong>tuito</strong></span> <span class='ocrx_word' id='word_1_150' title='bbox 678 2184 1008 2242; x_wconf 85' lang='lat' dir='ltr'><strong>conceditur</strong></span> <span class='ocrx_word' id='word_1_151' title='bbox 1045 2202 1227 2255; x_wconf 89' lang='lat' dir='ltr'><strong>usque</strong></span> <span class='ocrx_word' id='word_1_152' title='bbox 1273 2183 1342 2239; x_wconf 90' lang='lat' dir='ltr'><strong>ad</strong></span> <span class='ocrx_word' id='word_1_153' title='bbox 1383 2184 1813 2241; x_wconf 87' lang='lat' dir='ltr'><strong>determinatum</strong></span> <span class='ocrx_word' id='word_1_154' title='bbox 1857 2195 2102 2261; x_wconf 75' lang='lat' dir='ltr'><strong>tempUS,</strong></span> <span class='ocrx_word' id='word_1_155' title='bbox 2132 2194 2258 2242; x_wconf 90' lang='lat' dir='ltr'><strong>ante</strong></span> <span class='ocrx_word' id='word_1_156' title='bbox 2305 2184 2456 2257; x_wconf 91' lang='lat' dir='ltr'><strong>quod</strong></span> <span class='ocrx_word' id='word_1_157' title='bbox 2502 2184 2683 2258; x_wconf 89' lang='lat' dir='ltr'><strong>repeti</strong></span> 
     </span>
     <span class='ocr_line' id='line_1_18' title="bbox 501 2280 2683 2358; baseline 0 -19"><span class='ocrx_word' id='word_1_158' title='bbox 501 2301 618 2341; x_wconf 88' lang='lat' dir='ltr'><strong>non</strong></span> <span class='ocrx_word' id='word_1_159' title='bbox 646 2280 886 2358; x_wconf 82' lang='lat' dir='ltr'><strong>potest.²</strong></span> <span class='ocrx_word' id='word_1_160' title='bbox 963 2282 1324 2340; x_wconf 80' lang='lat' dir='ltr'><strong>Precarium</strong></span> <span class='ocrx_word' id='word_1_161' title='bbox 1353 2291 1540 2339; x_wconf 90' lang='lat' dir='ltr'><strong>autem</strong></span> <span class='ocrx_word' id='word_1_162' title='bbox 1586 2280 1791 2339; x_wconf 87' lang='lat' dir='ltr'><strong>dicitur</strong></span> <span class='ocrx_word' id='word_1_163' title='bbox 1820 2283 2048 2356; x_wconf 89' lang='lat' dir='ltr'><strong>quando</strong></span> <span class='ocrx_word' id='word_1_164' title='bbox 2076 2285 2158 2341; x_wconf 90' lang='lat' dir='ltr'><strong>rei</strong></span> <span class='ocrx_word' id='word_1_165' title='bbox 2186 2302 2325 2341; x_wconf 89' lang='lat' dir='ltr'><strong>usus</strong></span> <span class='ocrx_word' id='word_1_166' title='bbox 2354 2281 2683 2341; x_wconf 87' lang='lat' dir='ltr'><strong>conceditur</strong></span> 
     </span>
     <span class='ocr_line' id='line_1_19' title="bbox 503 2380 2681 2448; baseline 0.001 -13"><span class='ocrx_word' id='word_1_167' title='bbox 503 2381 573 2437; x_wconf 90' lang='lat' dir='ltr'><strong>ad</strong></span> <span class='ocrx_word' id='word_1_168' title='bbox 601 2393 797 2438; x_wconf 87' lang='lat' dir='ltr'><strong>nutum</strong></span> <span class='ocrx_word' id='word_1_169' title='bbox 828 2381 1196 2439; x_wconf 86' lang='lat' dir='ltr'><strong>concedentis</strong></span> <span class='ocrx_word' id='word_1_170' title='bbox 1237 2381 1593 2438; x_wconf 88' lang='lat' dir='ltr'><strong>revocabilis.</strong></span> <span class='ocrx_word' id='word_1_171' title='bbox 1679 2380 2075 2439; x_wconf 71' lang='lat' dir='ltr'><strong>Commoda&#39;ns</strong></span> <span class='ocrx_word' id='word_1_172' title='bbox 2105 2390 2325 2439; x_wconf 89' lang='lat' dir='ltr'><strong>tenetur</strong></span> <span class='ocrx_word' id='word_1_173' title='bbox 2348 2383 2430 2439; x_wconf 89' lang='lat' dir='ltr'><strong>rei</strong></span> <span class='ocrx_word' id='word_1_174' title='bbox 2458 2382 2681 2448; x_wconf 88' lang='lat' dir='ltr'><strong>vitium,</strong></span> 
     </span>
     <span class='ocr_line' id='line_1_20' title="bbox 506 2479 2686 2556; baseline 0 -22"><span class='ocrx_word' id='word_1_175' title='bbox 506 2480 558 2535; x_wconf 88' lang='lat' dir='ltr'><strong>si</strong></span> <span class='ocrx_word' id='word_1_176' title='bbox 592 2479 976 2555; x_wconf 85' lang='lat' dir='ltr'><strong>periculosum</strong></span> <span class='ocrx_word' id='word_1_177' title='bbox 1017 2481 1108 2547; x_wconf 91' lang='lat' dir='ltr'><strong>sit,</strong></span> <span class='ocrx_word' id='word_1_178' title='bbox 1152 2480 1408 2555; x_wconf 87' lang='lat' dir='ltr'><strong>aperire:</strong></span> <span class='ocrx_word' id='word_1_179' title='bbox 1452 2498 1559 2536; x_wconf 90' lang='lat' dir='ltr'><strong>nec</strong></span> <span class='ocrx_word' id='word_1_180' title='bbox 1606 2489 1795 2555; x_wconf 88' lang='lat' dir='ltr'><strong>potest</strong></span> <span class='ocrx_word' id='word_1_181' title='bbox 1830 2500 1949 2538; x_wconf 89' lang='lat' dir='ltr'><strong>rem</strong></span> <span class='ocrx_word' id='word_1_182' title='bbox 1990 2492 2243 2556; x_wconf 88' lang='lat' dir='ltr'><strong>repetere</strong></span> <span class='ocrx_word' id='word_1_183' title='bbox 2283 2492 2418 2538; x_wconf 91' lang='lat' dir='ltr'><strong>ante</strong></span> <span class='ocrx_word' id='word_1_184' title='bbox 2460 2490 2686 2555; x_wconf 86' lang='lat' dir='ltr'><strong>tempus</strong></span> 
     </span>
     <span class='ocr_line' id='line_1_21' title="bbox 505 2579 2687 2654; baseline 0.001 -21"><span class='ocrx_word' id='word_1_185' title='bbox 505 2586 795 2644; x_wconf 86' lang='lat' dir='ltr'><strong>statutum,</strong></span> <span class='ocrx_word' id='word_1_186' title='bbox 825 2579 936 2635; x_wconf 88' lang='lat' dir='ltr'><strong>nisi</strong></span> <span class='ocrx_word' id='word_1_187' title='bbox 963 2580 1149 2654; x_wconf 89' lang='lat' dir='ltr'><strong>gravis</strong></span> <span class='ocrx_word' id='word_1_188' title='bbox 1177 2580 1574 2654; x_wconf 86' lang='lat' dir='ltr'><strong>supervenerit</strong></span> <span class='ocrx_word' id='word_1_189' title='bbox 1598 2597 1788 2635; x_wconf 89' lang='lat' dir='ltr'><strong>causa.</strong></span> <span class='ocrx_word' id='word_1_190' title='bbox 1857 2580 2015 2637; x_wconf 81' lang='lat' dir='ltr'><strong>Alter</strong></span> <span class='ocrx_word' id='word_1_191' title='bbox 2042 2598 2101 2637; x_wconf 91' lang='lat' dir='ltr'><strong>re</strong></span> <span class='ocrx_word' id='word_1_192' title='bbox 2127 2580 2207 2636; x_wconf 92' lang='lat' dir='ltr'><strong>uti</strong></span> <span class='ocrx_word' id='word_1_193' title='bbox 2240 2598 2355 2636; x_wconf 89' lang='lat' dir='ltr'><strong>non</strong></span> <span class='ocrx_word' id='word_1_194' title='bbox 2384 2580 2551 2636; x_wconf 88' lang='lat' dir='ltr'><strong>debet</strong></span> <span class='ocrx_word' id='word_1_195' title='bbox 2575 2579 2687 2636; x_wconf 88' lang='lat' dir='ltr'><strong>nisi</strong></span> 
     </span>
     <span class='ocr_line' id='line_1_22' title="bbox 508 2670 2689 2749; baseline -0 -16"><span class='ocrx_word' id='word_1_196' title='bbox 508 2676 578 2733; x_wconf 89' lang='lat' dir='ltr'><strong>ad</strong></span> <span class='ocrx_word' id='word_1_197' title='bbox 605 2695 769 2733; x_wconf 88' lang='lat' dir='ltr'><strong>usum</strong></span> <span class='ocrx_word' id='word_1_198' title='bbox 800 2678 908 2734; x_wconf 88' lang='lat' dir='ltr'><strong>sibi</strong></span> <span class='ocrx_word' id='word_1_199' title='bbox 935 2670 1329 2735; x_wconf 79' lang='lat' dir='ltr'><strong>concessum.³</strong></span> <span class='ocrx_word' id='word_1_200' title='bbox 1381 2680 1384 2683; x_wconf 77' lang='grc'><strong><em>’</em></strong></span> <span class='ocrx_word' id='word_1_201' title='bbox 1411 2676 1569 2735; x_wconf 90' lang='lat' dir='ltr'><strong>Hinc</strong></span> <span class='ocrx_word' id='word_1_202' title='bbox 1613 2678 1664 2733; x_wconf 90' lang='lat' dir='ltr'><strong>si</strong></span> <span class='ocrx_word' id='word_1_203' title='bbox 1692 2678 1817 2749; x_wconf 89' lang='lat' dir='ltr'><strong>quis</strong></span> <span class='ocrx_word' id='word_1_204' title='bbox 1846 2696 2056 2749; x_wconf 90' lang='lat' dir='ltr'><strong>equum</strong></span> <span class='ocrx_word' id='word_1_205' title='bbox 2085 2676 2505 2735; x_wconf 87' lang='lat' dir='ltr'><strong>commodatum</strong></span> <span class='ocrx_word' id='word_1_206' title='bbox 2534 2694 2689 2733; x_wconf 89' lang='lat' dir='ltr'><strong>acce-</strong></span> 
     </span>
     <span class='ocr_line' id='line_1_23' title="bbox 512 2776 2689 2850; baseline 0 -19"><span class='ocrx_word' id='word_1_207' title='bbox 512 2776 660 2850; x_wconf 88' lang='lat' dir='ltr'><strong>perit</strong></span> <span class='ocrx_word' id='word_1_208' title='bbox 685 2794 799 2845; x_wconf 93' lang='lat' dir='ltr'><strong>quo</strong></span> <span class='ocrx_word' id='word_1_209' title='bbox 827 2776 1079 2843; x_wconf 86' lang='lat' dir='ltr'><strong>vehatur,</strong></span> <span class='ocrx_word' id='word_1_210' title='bbox 1109 2778 1311 2848; x_wconf 86' lang='lat' dir='ltr'><strong>nequit</strong></span> <span class='ocrx_word' id='word_1_211' title='bbox 1334 2794 1463 2832; x_wconf 90' lang='lat' dir='ltr'><strong>eum</strong></span> <span class='ocrx_word' id='word_1_212' title='bbox 1493 2776 1744 2850; x_wconf 85' lang='lat' dir='ltr'><strong>plaustro</strong></span> <span class='ocrx_word' id='word_1_213' title='bbox 1774 2776 2035 2833; x_wconf 91' lang='lat' dir='ltr'><strong>ducendo</strong></span> <span class='ocrx_word' id='word_1_214' title='bbox 2062 2777 2423 2841; x_wconf 89' lang='lat' dir='ltr'><strong>submittere;</strong></span> <span class='ocrx_word' id='word_1_215' title='bbox 2454 2786 2510 2833; x_wconf 88' lang='lat' dir='ltr'><strong>et</strong></span> <span class='ocrx_word' id='word_1_216' title='bbox 2535 2785 2689 2833; x_wconf 89' lang='lat' dir='ltr'><strong>tene-</strong></span> 
     </span>
     <span class='ocr_line' id='line_1_24' title="bbox 514 2856 2692 2952; baseline 0 -23"><span class='ocrx_word' id='word_1_217' title='bbox 514 2883 604 2929; x_wconf 89' lang='lat' dir='ltr'><strong>tur</strong></span> <span class='ocrx_word' id='word_1_218' title='bbox 642 2872 713 2929; x_wconf 93' lang='lat' dir='ltr'><strong>de</strong></span> <span class='ocrx_word' id='word_1_219' title='bbox 741 2872 971 2940; x_wconf 88' lang='lat' dir='ltr'><strong>damno,</strong></span> <span class='ocrx_word' id='word_1_220' title='bbox 1013 2875 1065 2930; x_wconf 88' lang='lat' dir='ltr'><strong>si</strong></span> <span class='ocrx_word' id='word_1_221' title='bbox 1106 2872 1242 2946; x_wconf 91' lang='lat' dir='ltr'><strong>quid</strong></span> <span class='ocrx_word' id='word_1_222' title='bbox 1282 2875 1624 2948; x_wconf 87' lang='lat' dir='ltr'><strong>provenerit.</strong></span> <span class='ocrx_word' id='word_1_223' title='bbox 1708 2874 1967 2931; x_wconf 87' lang='lat' dir='ltr'><strong>Tenetur</strong></span> <span class='ocrx_word' id='word_1_224' title='bbox 2004 2892 2127 2931; x_wconf 90' lang='lat' dir='ltr'><strong>rem</strong></span> <span class='ocrx_word' id='word_1_225' title='bbox 2169 2856 2584 2952; x_wconf 81' lang='lat' dir='ltr'><strong>commodatam</strong></span> <span class='ocrx_word' id='word_1_226' title='bbox 2624 2892 2692 2930; x_wconf 92' lang='lat' dir='ltr'><strong>ea</strong></span> 
     </span>
     <span class='ocr_line' id='line_1_25' title="bbox 499 2971 2685 3048; baseline 0 -21"><span class='ocrx_word' id='word_1_227' title='bbox 499 2988 634 3027; x_wconf 88' lang='lat' dir='ltr'><strong>cura</strong></span> <span class='ocrx_word' id='word_1_228' title='bbox 659 2988 882 3027; x_wconf 88' lang='lat' dir='ltr'><strong>servare</strong></span> <span class='ocrx_word' id='word_1_229' title='bbox 911 2991 1021 3043; x_wconf 90' lang='lat' dir='ltr'><strong>qua</strong></span> <span class='ocrx_word' id='word_1_230' title='bbox 1047 2972 1313 3029; x_wconf 88' lang='lat' dir='ltr'><strong>homines</strong></span> <span class='ocrx_word' id='word_1_231' title='bbox 1339 2971 1765 3048; x_wconf 86' lang='lat' dir='ltr'><strong>diligentissimi</strong></span> <span class='ocrx_word' id='word_1_232' title='bbox 1792 2974 1993 3031; x_wconf 88' lang='lat' dir='ltr'><strong>solent.</strong></span> <span class='ocrx_word' id='word_1_233' title='bbox 2077 2972 2335 3029; x_wconf 89' lang='lat' dir='ltr'><strong>Tenetur</strong></span> <span class='ocrx_word' id='word_1_234' title='bbox 2361 2975 2531 3031; x_wconf 89' lang='lat' dir='ltr'><strong>etiam</strong></span> <span class='ocrx_word' id='word_1_235' title='bbox 2559 2990 2685 3029; x_wconf 89' lang='lat' dir='ltr'><strong>eam</strong></span> 
     </span>
     <span class='ocr_line' id='line_1_26' title="bbox 507 3062 2691 3147; baseline 0 -22"><span class='ocrx_word' id='word_1_236' title='bbox 507 3076 765 3143; x_wconf 83' lang='lat' dir='ltr'><strong>tempore</strong></span> <span class='ocrx_word' id='word_1_237' title='bbox 794 3078 999 3128; x_wconf 84' lang='lat' dir='ltr'><strong>statuto</strong></span> <span class='ocrx_word' id='word_1_238' title='bbox 1024 3069 1281 3138; x_wconf 90' lang='lat' dir='ltr'><strong>reddere,</strong></span> <span class='ocrx_word' id='word_1_239' title='bbox 1323 3080 1380 3127; x_wconf 91' lang='lat' dir='ltr'><strong>et</strong></span> <span class='ocrx_word' id='word_1_240' title='bbox 1418 3070 1687 3129; x_wconf 88' lang='lat' dir='ltr'><strong>damnum</strong></span> <span class='ocrx_word' id='word_1_241' title='bbox 1730 3090 1804 3127; x_wconf 86' lang='lat' dir='ltr'><strong>ex</strong></span> <span class='ocrx_word' id='word_1_242' title='bbox 1844 3070 2108 3147; x_wconf 85' lang='lat' dir='ltr'><strong>culpabili</strong></span> <span class='ocrx_word' id='word_1_243' title='bbox 2148 3062 2313 3128; x_wconf 54' lang='lat' dir='ltr'><strong>mora&gt;</strong></span> <span class='ocrx_word' id='word_1_244' title='bbox 2350 3072 2691 3147; x_wconf 88' lang='lat' dir='ltr'><strong>proveniens</strong></span> 
     </span>
     <span class='ocr_line' id='line_1_27' title="bbox 508 3157 2753 3251; baseline 0 -28"><span class='ocrx_word' id='word_1_245' title='bbox 508 3167 815 3224; x_wconf 89' lang='lat' dir='ltr'><strong>resarcire:</strong></span> <span class='ocrx_word' id='word_1_246' title='bbox 859 3168 960 3225; x_wconf 88' lang='lat' dir='ltr'><strong>sed</strong></span> <span class='ocrx_word' id='word_1_247' title='bbox 999 3157 1049 3226; x_wconf 82' lang='lat' dir='ltr'><strong>si</strong></span> <span class='ocrx_word' id='word_1_248' title='bbox 1089 3170 1306 3242; x_wconf 88' lang='lat' dir='ltr'><strong>absque</strong></span> <span class='ocrx_word' id='word_1_249' title='bbox 1347 3168 1514 3243; x_wconf 90' lang='lat' dir='ltr'><strong>culpa</strong></span> <span class='ocrx_word' id='word_1_250' title='bbox 1560 3169 1795 3227; x_wconf 89' lang='lat' dir='ltr'><strong>reddere</strong></span> <span class='ocrx_word' id='word_1_251' title='bbox 1835 3169 2134 3235; x_wconf 88' lang='lat' dir='ltr'><strong>distulerit,</strong></span> <span class='ocrx_word' id='word_1_252' title='bbox 2178 3169 2249 3226; x_wconf 92' lang='lat' dir='ltr'><strong>de</strong></span> <span class='ocrx_word' id='word_1_253' title='bbox 2292 3169 2500 3251; x_wconf 85' lang='lat' dir='ltr'><strong>damno</strong></span> <span class='ocrx_word' id='word_1_254' title='bbox 2540 3168 2691 3227; x_wconf 91' lang='lat' dir='ltr'><strong>haud</strong></span> <span class='ocrx_word' id='word_1_255' title='bbox 2748 3172 2753 3177; x_wconf 84' lang='grc'><strong>”</strong></span> 
     </span>
     <span class='ocr_line' id='line_1_28' title="bbox 513 3265 2693 3344; baseline 0.001 -23"><span class='ocrx_word' id='word_1_256' title='bbox 513 3267 693 3323; x_wconf 89' lang='lat' dir='ltr'><strong>teneri</strong></span> <span class='ocrx_word' id='word_1_257' title='bbox 723 3265 964 3323; x_wconf 88' lang='lat' dir='ltr'><strong>videtur.</strong></span> <span class='ocrx_word' id='word_1_258' title='bbox 1048 3268 1306 3325; x_wconf 87' lang='lat' dir='ltr'><strong>Tenetur</strong></span> <span class='ocrx_word' id='word_1_259' title='bbox 1331 3268 1402 3325; x_wconf 88' lang='lat' dir='ltr'><strong>ad</strong></span> <span class='ocrx_word' id='word_1_260' title='bbox 1430 3268 1720 3344; x_wconf 88' lang='lat' dir='ltr'><strong>impensas</strong></span> <span class='ocrx_word' id='word_1_261' title='bbox 1760 3269 2013 3326; x_wconf 88' lang='lat' dir='ltr'><strong>modicas</strong></span> <span class='ocrx_word' id='word_1_262' title='bbox 2052 3277 2111 3325; x_wconf 90' lang='lat' dir='ltr'><strong>et</strong></span> <span class='ocrx_word' id='word_1_263' title='bbox 2134 3271 2486 3327; x_wconf 88' lang='lat' dir='ltr'><strong>necessarias</strong></span> <span class='ocrx_word' id='word_1_264' title='bbox 2515 3267 2583 3325; x_wconf 90' lang='lat' dir='ltr'><strong>ad</strong></span> <span class='ocrx_word' id='word_1_265' title='bbox 2610 3269 2693 3324; x_wconf 91' lang='lat' dir='ltr'><strong>rei</strong></span> 
     </span>
     <span class='ocr_line' id='line_1_29' title="bbox 517 3363 2693 3444; baseline 0.001 -23"><span class='ocrx_word' id='word_1_266' title='bbox 517 3363 888 3422; x_wconf 85' lang='lat' dir='ltr'><strong>commodatae</strong></span> <span class='ocrx_word' id='word_1_267' title='bbox 929 3367 1455 3423; x_wconf 87' lang='lat' dir='ltr'><strong>conservationem:</strong></span> <span class='ocrx_word' id='word_1_268' title='bbox 1499 3385 1574 3424; x_wconf 86' lang='lat' dir='ltr'><strong>v:</strong></span> <span class='ocrx_word' id='word_1_269' title='bbox 1606 3386 1679 3443; x_wconf 88' lang='lat' dir='ltr'><strong>g:</strong></span> <span class='ocrx_word' id='word_1_270' title='bbox 1730 3367 1801 3425; x_wconf 91' lang='lat' dir='ltr'><strong>ad</strong></span> <span class='ocrx_word' id='word_1_271' title='bbox 1841 3366 2111 3444; x_wconf 90' lang='lat' dir='ltr'><strong>pabulum</strong></span> <span class='ocrx_word' id='word_1_272' title='bbox 2154 3368 2308 3441; x_wconf 91' lang='lat' dir='ltr'><strong>equi,</strong></span> <span class='ocrx_word' id='word_1_273' title='bbox 2349 3387 2465 3426; x_wconf 88' lang='lat' dir='ltr'><strong>non</strong></span> <span class='ocrx_word' id='word_1_274' title='bbox 2505 3376 2693 3423; x_wconf 88' lang='lat' dir='ltr'><strong>autem</strong></span> 
     </span>
     <span class='ocr_line' id='line_1_30' title="bbox 518 3462 2691 3542; baseline 0.001 -23"><span class='ocrx_word' id='word_1_275' title='bbox 518 3462 589 3520; x_wconf 85' lang='lat' dir='ltr'><strong>ad</strong></span> <span class='ocrx_word' id='word_1_276' title='bbox 614 3482 847 3540; x_wconf 89' lang='lat' dir='ltr'><strong>magnas</strong></span> <span class='ocrx_word' id='word_1_277' title='bbox 873 3484 886 3520; x_wconf 91' lang='lat'>:</span> <span class='ocrx_word' id='word_1_278' title='bbox 931 3484 967 3521; x_wconf 91' lang='lat' dir='ltr'><strong>v</strong></span> <span class='ocrx_word' id='word_1_279' title='bbox 990 3484 1004 3521; x_wconf 76' lang='grc' dir='ltr'><strong><em>ε</em></strong></span> <span class='ocrx_word' id='word_1_280' title='bbox 1035 3484 1108 3541; x_wconf 88' lang='lat' dir='ltr'><strong>g:</strong></span> <span class='ocrx_word' id='word_1_281' title='bbox 1154 3464 1222 3523; x_wconf 90' lang='lat' dir='ltr'><strong>ad</strong></span> <span class='ocrx_word' id='word_1_282' title='bbox 1249 3466 1601 3523; x_wconf 90' lang='lat' dir='ltr'><strong>curationem</strong></span> <span class='ocrx_word' id='word_1_283' title='bbox 1632 3467 1766 3538; x_wconf 88' lang='lat' dir='ltr'><strong>equi</strong></span> <span class='ocrx_word' id='word_1_284' title='bbox 1794 3485 1923 3523; x_wconf 90' lang='lat' dir='ltr'><strong>cum</strong></span> <span class='ocrx_word' id='word_1_285' title='bbox 1950 3484 2159 3542; x_wconf 90' lang='lat' dir='ltr'><strong>magno</strong></span> <span class='ocrx_word' id='word_1_286' title='bbox 2186 3467 2388 3541; x_wconf 88' lang='lat' dir='ltr'><strong>pretio.</strong></span> <span class='ocrx_word' id='word_1_287' title='bbox 2475 3474 2514 3500; x_wconf 77' lang='lat'><strong>‘⁸</strong></span> <span class='ocrx_word' id='word_1_288' title='bbox 2540 3462 2691 3522; x_wconf 88' lang='lat' dir='ltr'><strong>Cum</strong></span> 
     </span>
     <span class='ocr_line' id='line_1_31' title="bbox 519 3563 2695 3640; baseline 0 -21"><span class='ocrx_word' id='word_1_289' title='bbox 519 3564 696 3639; x_wconf 88' lang='lat' dir='ltr'><strong>gratia</strong></span> <span class='ocrx_word' id='word_1_290' title='bbox 723 3582 826 3620; x_wconf 89' lang='lat' dir='ltr'><strong>sua</strong></span> <span class='ocrx_word' id='word_1_291' title='bbox 853 3563 1134 3631; x_wconf 88' lang='lat' dir='ltr'><strong>tantum,”</strong></span> <span class='ocrx_word' id='word_1_292' title='bbox 1165 3565 1242 3621; x_wconf 89' lang='lat' dir='ltr'><strong>ait</strong></span> <span class='ocrx_word' id='word_1_293' title='bbox 1270 3564 1590 3640; x_wconf 88' lang='lat' dir='ltr'><strong>Gregorius</strong></span> <span class='ocrx_word' id='word_1_294' title='bbox 1618 3564 1751 3629; x_wconf 74' lang='lat' dir='ltr'><strong>IX..</strong></span> <span class='ocrx_word' id='word_1_295' title='bbox 1797 3572 1835 3599; x_wconf 80' lang='lat'><strong>‘⁶</strong></span> <span class='ocrx_word' id='word_1_296' title='bbox 1854 3564 1980 3637; x_wconf 90' lang='lat' dir='ltr'><strong>quis</strong></span> <span class='ocrx_word' id='word_1_297' title='bbox 2008 3563 2429 3622; x_wconf 88' lang='lat' dir='ltr'><strong>commodatum</strong></span> <span class='ocrx_word' id='word_1_298' title='bbox 2456 3564 2695 3639; x_wconf 87' lang='lat' dir='ltr'><strong>accepit,</strong></span> 
     </span>
     <span class='ocr_line' id='line_1_32' title="bbox 511 3646 2689 3722; baseline 0 -4"><span class='ocrx_word' id='word_1_299' title='bbox 511 3660 581 3718; x_wconf 93' lang='lat' dir='ltr'><strong>de</strong></span> <span class='ocrx_word' id='word_1_300' title='bbox 607 3662 900 3720; x_wconf 88' lang='lat' dir='ltr'><strong>levissima</strong></span> <span class='ocrx_word' id='word_1_301' title='bbox 945 3664 1114 3722; x_wconf 89' lang='lat' dir='ltr'><strong>etiam</strong></span> <span class='ocrx_word' id='word_1_302' title='bbox 1159 3681 1331 3720; x_wconf 89' lang='lat' dir='ltr'><strong>causa</strong></span> <span class='ocrx_word' id='word_1_303' title='bbox 1375 3660 1693 3720; x_wconf 85' lang='lat' dir='ltr'><strong>tenetur.”⁴</strong></span> <span class='ocrx_word' id='word_1_304' title='bbox 1722 3646 1741 3652; x_wconf 42' lang='lat'><em>⁶</em></span> <span class='ocrx_word' id='word_1_305' title='bbox 1773 3662 1911 3720; x_wconf 95' lang='lat' dir='ltr'><strong>Non</strong></span> <span class='ocrx_word' id='word_1_306' title='bbox 1952 3671 2133 3719; x_wconf 89' lang='lat' dir='ltr'><strong>autem</strong></span> <span class='ocrx_word' id='word_1_307' title='bbox 2176 3671 2398 3719; x_wconf 88' lang='lat' dir='ltr'><strong>tenetur</strong></span> <span class='ocrx_word' id='word_1_308' title='bbox 2438 3660 2508 3718; x_wconf 92' lang='lat' dir='ltr'><strong>de</strong></span> <span class='ocrx_word' id='word_1_309' title='bbox 2555 3679 2689 3719; x_wconf 90' lang='lat' dir='ltr'><strong>casu</strong></span> 
     </span>
    </p>

    <p class='ocr_par' dir='ltr' id='par_1_5' title="bbox 517 3758 2700 3936">
     <span class='ocr_line' id='line_1_33' title="bbox 524 3758 2700 3839; baseline -0 -23"><span class='ocrx_word' id='word_1_310' title='bbox 524 3759 772 3827; x_wconf 84' lang='lat' dir='ltr'><strong>fortuito,</strong></span> <span class='ocrx_word' id='word_1_311' title='bbox 801 3763 913 3819; x_wconf 87' lang='lat' dir='ltr'><strong>nisi</strong></span> <span class='ocrx_word' id='word_1_312' title='bbox 934 3773 1030 3819; x_wconf 89' lang='lat' dir='ltr'><strong>aut</strong></span> <span class='ocrx_word' id='word_1_313' title='bbox 1054 3772 1280 3838; x_wconf 87' lang='lat' dir='ltr'><strong>pactum</strong></span> <span class='ocrx_word' id='word_1_314' title='bbox 1302 3762 1571 3839; x_wconf 86' lang='lat' dir='ltr'><strong>speciale,</strong></span> <span class='ocrx_word' id='word_1_315' title='bbox 1600 3771 1695 3819; x_wconf 90' lang='lat' dir='ltr'><strong>aut</strong></span> <span class='ocrx_word' id='word_1_316' title='bbox 1712 3780 1871 3819; x_wconf 89' lang='lat' dir='ltr'><strong>mora</strong></span> <span class='ocrx_word' id='word_1_317' title='bbox 1896 3761 2193 3835; x_wconf 87' lang='lat' dir='ltr'><strong>culpabilis</strong></span> <span class='ocrx_word' id='word_1_318' title='bbox 2219 3760 2588 3836; x_wconf 85' lang='lat' dir='ltr'><strong>praecesserit,</strong></span> <span class='ocrx_word' id='word_1_319' title='bbox 2610 3758 2700 3815; x_wconf 92' lang='lat' dir='ltr'><strong>vel</strong></span> 
     </span>
     <span class='ocr_line' id='line_1_34' title="bbox 517 3855 2693 3936; baseline 0 -24"><span class='ocrx_word' id='word_1_320' title='bbox 517 3874 609 3913; x_wconf 90' lang='lat' dir='ltr'><strong>res</strong></span> <span class='ocrx_word' id='word_1_321' title='bbox 637 3859 865 3931; x_wconf 87' lang='lat' dir='ltr'><strong>perierit</strong></span> <span class='ocrx_word' id='word_1_322' title='bbox 883 3858 1019 3917; x_wconf 89' lang='lat' dir='ltr'><strong>dum</strong></span> <span class='ocrx_word' id='word_1_323' title='bbox 1045 3861 1168 3936; x_wconf 89' lang='lat' dir='ltr'><strong>ipse</strong></span> <span class='ocrx_word' id='word_1_324' title='bbox 1195 3880 1266 3919; x_wconf 92' lang='lat' dir='ltr'><strong>ea</strong></span> <span class='ocrx_word' id='word_1_325' title='bbox 1291 3860 1361 3919; x_wconf 86' lang='lat' dir='ltr'><strong>ad</strong></span> <span class='ocrx_word' id='word_1_326' title='bbox 1385 3880 1554 3919; x_wconf 91' lang='lat' dir='ltr'><strong>usum</strong></span> <span class='ocrx_word' id='word_1_327' title='bbox 1583 3878 1701 3919; x_wconf 87' lang='lat' dir='ltr'><strong>non</strong></span> <span class='ocrx_word' id='word_1_328' title='bbox 1726 3875 2069 3917; x_wconf 88' lang='lat' dir='ltr'><strong>concessum</strong></span> <span class='ocrx_word' id='word_1_329' title='bbox 2094 3868 2362 3917; x_wconf 89' lang='lat' dir='ltr'><strong>uteretur.</strong></span> <span class='ocrx_word' id='word_1_330' title='bbox 2447 3855 2617 3923; x_wconf 85' lang='lat' dir='ltr'><strong>Quod</strong></span> <span class='ocrx_word' id='word_1_331' title='bbox 2644 3858 2693 3913; x_wconf 89' lang='lat' dir='ltr'><strong>si</strong></span> 
     </span>
    </p>
   </div>
   <div class='ocr_carea' id='block_1_3' title="bbox 593 4045 2695 4198">
    <p class='ocr_par' dir='ltr' id='par_1_6' title="bbox 593 4045 2695 4198">
     <span class='ocr_line' id='line_1_35' title="bbox 593 4045 1891 4109; baseline 0.005 -17"><span class='ocrx_word' id='word_1_332' title='bbox 593 4046 678 4109; x_wconf 88' lang='lat' dir='ltr'><strong>(l)</strong></span> <span class='ocrx_word' id='word_1_333' title='bbox 717 4045 836 4094; x_wconf 85' lang='lat' dir='ltr'><strong>Inst.</strong></span> <span class='ocrx_word' id='word_1_334' title='bbox 861 4048 892 4095; x_wconf 92' lang='lat' dir='ltr'><strong>l.</strong></span> <span class='ocrx_word' id='word_1_335' title='bbox 915 4047 983 4095; x_wconf 85' lang='lat' dir='ltr'><strong>iii.</strong></span> <span class='ocrx_word' id='word_1_336' title='bbox 1006 4049 1078 4096; x_wconf 85' lang='lat' dir='ltr'><strong>tit.</strong></span> <span class='ocrx_word' id='word_1_337' title='bbox 1104 4064 1185 4096; x_wconf 81' lang='lat' dir='ltr'><strong>xv.</strong></span> <span class='ocrx_word' id='word_1_338' title='bbox 1209 4052 1256 4107; x_wconf 63' lang='grc' dir='ltr'><strong>ξ.</strong></span> <span class='ocrx_word' id='word_1_339' title='bbox 1283 4052 1330 4096; x_wconf 82' lang='grc'><strong>3.</strong></span> <span class='ocrx_word' id='word_1_340' title='bbox 1353 4066 1394 4097; x_wconf 88' lang='lat' dir='ltr'><strong>c.</strong></span> <span class='ocrx_word' id='word_1_341' title='bbox 1418 4050 1549 4099; x_wconf 83' lang='lat' dir='ltr'><strong>unic.</strong></span> <span class='ocrx_word' id='word_1_342' title='bbox 1572 4050 1631 4101; x_wconf 78' lang='lat' dir='ltr'><strong>de</strong></span> <span class='ocrx_word' id='word_1_343' title='bbox 1654 4048 1891 4101; x_wconf 77' lang='lat' dir='ltr'><strong>commod.</strong></span> 
     </span>
     <span class='ocr_line' id='line_1_36' title="bbox 593 4130 2695 4198; baseline 0 -21"><span class='ocrx_word' id='word_1_344' title='bbox 593 4132 678 4194; x_wconf 76' lang='lat'><strong>(2)</strong></span> <span class='ocrx_word' id='word_1_345' title='bbox 717 4138 748 4162; x_wconf 79' lang='lat'><strong>‘⁴</strong></span> <span class='ocrx_word' id='word_1_346' title='bbox 765 4130 902 4178; x_wconf 86' lang='lat' dir='ltr'><strong>More</strong></span> <span class='ocrx_word' id='word_1_347' title='bbox 923 4148 1032 4181; x_wconf 80' lang='lat' dir='ltr'><strong>carc</strong></span> <span class='ocrx_word' id='word_1_348' title='bbox 1049 4132 1094 4180; x_wconf 86' lang='lat' dir='ltr'><strong>is</strong></span> <span class='ocrx_word' id='word_1_349' title='bbox 1115 4132 1212 4181; x_wconf 87' lang='lat' dir='ltr'><strong>due</strong></span> <span class='ocrx_word' id='word_1_350' title='bbox 1233 4133 1357 4181; x_wconf 84' lang='lat' dir='ltr'><strong>from</strong></span> <span class='ocrx_word' id='word_1_351' title='bbox 1377 4133 1461 4182; x_wconf 85' lang='lat' dir='ltr'><strong>the</strong></span> <span class='ocrx_word' id='word_1_352' title='bbox 1481 4135 1635 4183; x_wconf 83' lang='lat' dir='ltr'><strong>bailee</strong></span> <span class='ocrx_word' id='word_1_353' title='bbox 1656 4135 1710 4183; x_wconf 87' lang='lat' dir='ltr'><strong>in</strong></span> <span class='ocrx_word' id='word_1_354' title='bbox 1732 4135 1829 4189; x_wconf 84' lang='lat' dir='ltr'><strong>this</strong></span> <span class='ocrx_word' id='word_1_355' title='bbox 1850 4136 2033 4198; x_wconf 86' lang='lat' dir='ltr'><strong>species</strong></span> <span class='ocrx_word' id='word_1_356' title='bbox 2056 4135 2113 4183; x_wconf 84' lang='lat' dir='ltr'><strong>of</strong></span> <span class='ocrx_word' id='word_1_357' title='bbox 2126 4134 2357 4183; x_wconf 80' lang='lat' dir='ltr'><strong>bailment</strong></span> <span class='ocrx_word' id='word_1_358' title='bbox 2377 4166 2390 4180; x_wconf 87' lang='lat'><strong>.</strong></span> <span class='ocrx_word' id='word_1_359' title='bbox 2414 4166 2427 4180; x_wconf 89' lang='lat'><strong>.</strong></span> <span class='ocrx_word' id='word_1_360' title='bbox 2457 4164 2470 4179; x_wconf 92' lang='lat'><strong>.</strong></span> <span class='ocrx_word' id='word_1_361' title='bbox 2492 4132 2695 4180; x_wconf 82' lang='lat' dir='ltr'><strong>because</strong></span> 
     </span>
    </p>
   </div>
   <div class='ocr_carea' id='block_1_4' title="bbox 519 4214 2695 4349">
    <p class='ocr_par' dir='ltr' id='par_1_7' title="bbox 519 4214 2695 4349">
     <span class='ocr_line' id='line_1_37' title="bbox 525 4214 2695 4346; baseline 0.001 -84"><span class='ocrx_word' id='word_1_362' title='bbox 525 4214 590 4262; x_wconf 88' lang='lat' dir='ltr'><strong>he</strong></span> <span class='ocrx_word' id='word_1_363' title='bbox 609 4214 653 4262; x_wconf 79' lang='lat' dir='ltr'><strong>is</strong></span> <span class='ocrx_word' id='word_1_364' title='bbox 673 4215 755 4263; x_wconf 83' lang='lat' dir='ltr'><strong>the</strong></span> <span class='ocrx_word' id='word_1_365' title='bbox 777 4215 1053 4346; x_wconf 71' lang='lat' dir='ltr'><strong>only5party</strong></span> <span class='ocrx_word' id='word_1_366' title='bbox 1069 4216 1321 4277; x_wconf 76' lang='lat' dir='ltr'><strong>benefited,</strong></span> <span class='ocrx_word' id='word_1_367' title='bbox 1344 4218 1441 4267; x_wconf 87' lang='lat' dir='ltr'><strong>and</strong></span> <span class='ocrx_word' id='word_1_368' title='bbox 1455 4218 1520 4267; x_wconf 85' lang='lat' dir='ltr'><strong>he</strong></span> <span class='ocrx_word' id='word_1_369' title='bbox 1540 4220 1585 4268; x_wconf 88' lang='lat' dir='ltr'><strong>is</strong></span> <span class='ocrx_word' id='word_1_370' title='bbox 1606 4220 1745 4268; x_wconf 84' lang='lat' dir='ltr'><strong>liable</strong></span> <span class='ocrx_word' id='word_1_371' title='bbox 1766 4220 1811 4269; x_wconf 84' lang='lat' dir='ltr'><strong>if</strong></span> <span class='ocrx_word' id='word_1_372' title='bbox 1823 4220 1907 4268; x_wconf 87' lang='lat' dir='ltr'><strong>the</strong></span> <span class='ocrx_word' id='word_1_373' title='bbox 1935 4225 2157 4283; x_wconf 87' lang='lat' dir='ltr'><strong>property</strong></span> <span class='ocrx_word' id='word_1_374' title='bbox 2172 4220 2233 4267; x_wconf 92' lang='lat' dir='ltr'><strong>be</strong></span> <span class='ocrx_word' id='word_1_375' title='bbox 2254 4215 2455 4267; x_wconf 83' lang='lat' dir='ltr'><strong>stolen.’&#39;</strong></span> <span class='ocrx_word' id='word_1_376' title='bbox 2523 4216 2695 4266; x_wconf 49' lang='lat' dir='ltr'><strong>Blacka</strong></span> 
     </span>
     <span class='ocr_line' id='line_1_38' title="bbox 519 4298 1140 4349; baseline 0 -2"><span class='ocrx_word' id='word_1_377' title='bbox 519 4304 644 4349; x_wconf 75' lang='lat' dir='ltr'><strong>ston-</strong></span> <span class='ocrx_word' id='word_1_378' title='bbox 662 4299 694 4347; x_wconf 89' lang='lat' dir='ltr'><strong>l.</strong></span> <span class='ocrx_word' id='word_1_379' title='bbox 716 4298 751 4347; x_wconf 85' lang='lat' dir='ltr'><strong>ii</strong></span> <span class='ocrx_word' id='word_1_380' title='bbox 772 4315 822 4347; x_wconf 87' lang='lat' dir='ltr'><strong>n.</strong></span> <span class='ocrx_word' id='word_1_381' title='bbox 844 4301 878 4346; x_wconf 90' lang='lat'>4</span> <span class='ocrx_word' id='word_1_382' title='bbox 919 4302 960 4346; x_wconf 91' lang='lat' dir='ltr'><strong>l.</strong></span> <span class='ocrx_word' id='word_1_383' title='bbox 995 4299 1140 4348; x_wconf 78' lang='lat' dir='ltr'><strong>Note.</strong></span> 
     </span>
    </p>
   </div>
   <div class='ocr_carea' id='block_1_5' title="bbox 595 4384 2597 4453">
    <p class='ocr_par' dir='ltr' id='par_1_8' title="bbox 595 4384 2597 4453">
     <span class='ocr_line' id='line_1_39' title="bbox 595 4384 2597 4453; baseline 0 -20"><span class='ocrx_word' id='word_1_384' title='bbox 595 4385 682 4450; x_wconf 83' lang='lat'><strong>(3)</strong></span> <span class='ocrx_word' id='word_1_385' title='bbox 721 4384 838 4433; x_wconf 83' lang='lat' dir='ltr'><strong>Inst.</strong></span> <span class='ocrx_word' id='word_1_386' title='bbox 863 4384 940 4433; x_wconf 86' lang='lat' dir='ltr'><strong>De</strong></span> <span class='ocrx_word' id='word_1_387' title='bbox 963 4384 1105 4444; x_wconf 83' lang='lat' dir='ltr'><strong>oblig.</strong></span> <span class='ocrx_word' id='word_1_388' title='bbox 1128 4398 1234 4446; x_wconf 77' lang='lat' dir='ltr'><strong>quae</strong></span> <span class='ocrx_word' id='word_1_389' title='bbox 1255 4400 1318 4433; x_wconf 87' lang='lat' dir='ltr'><strong>ex</strong></span> <span class='ocrx_word' id='word_1_390' title='bbox 1339 4385 1526 4435; x_wconf 87' lang='lat' dir='ltr'><strong>delicto.</strong></span> <span class='ocrx_word' id='word_1_391' title='bbox 1864 4388 1949 4453; x_wconf 87' lang='lat'><strong>(4)</strong></span> <span class='ocrx_word' id='word_1_392' title='bbox 1986 4384 2109 4451; x_wconf 83' lang='lat' dir='ltr'><strong>Cap.</strong></span> <span class='ocrx_word' id='word_1_393' title='bbox 2132 4386 2262 4436; x_wconf 84' lang='lat' dir='ltr'><strong>unic.</strong></span> <span class='ocrx_word' id='word_1_394' title='bbox 2286 4385 2343 4437; x_wconf 80' lang='lat' dir='ltr'><strong>de</strong></span> <span class='ocrx_word' id='word_1_395' title='bbox 2364 4384 2597 4437; x_wconf 81' lang='lat' dir='ltr'><strong>commod.</strong></span> 
     </span>
    </p>
   </div>
  </div>
 </body>
</html>
