3117 5217
587 587 710 644 248
1408 581 1524 641 DE
1566 581 1947 642 SIMONIA.

593 751 744 812 tione
773 765 1263 824 quorumcumque
1305 747 1593 818 ordinum,
1637 751 1808 808 etiam
1850 758 2055 825 sponte
2096 748 2365 817 oblatum,
2396 746 2665 824 episcopi,
2701 751 2749 800 et

589 850 685 908 alii
711 849 977 908 ordinum
1015 848 1333 915 collatoreS,
1377 857 1474 906 aut
1511 868 1711 908 eorum
1740 849 1986 908 ministri
2028 848 2234 921 quovis
2260 857 2536 924 praetextu
2566 844 2749 920 accipi·

591 945 783 1007 ant.”¹

669 1052 766 1106 68.
810 1046 902 1104 De
943 1045 1196 1104 moribus
1235 1045 1360 1103 aliis
1401 1046 1609 1106 alicubi
1634 1048 1959 1124 vigentibus
1988 1064 2231 1120 quornm
2272 1054 2465 1103 tamen
2504 1044 2599 1101 vix
2624 1039 2754 1116 apud

589 1165 694 1205 nos
723 1147 905 1205 ullum
945 1157 1031 1202 est
1069 1145 1394 1222 vestigium,
1437 1147 1579 1206 dicit
1618 1146 1682 1204 S.
1714 1147 2015 1206 Thomas:
2062 1154 2100 1182 ‘⁴
2126 1144 2577 1203 Praedicantibus
2604 1141 2753 1197 etiam

591 1246 924 1323 temporalia
949 1243 1227 1304 debentur
1253 1244 1323 1302 ad
1350 1247 1822 1306 sustentationem
1849 1245 2312 1323 praedicantium;
2342 1263 2461 1301 non
2490 1251 2671 1300 autem
2694 1237 2753 1294 ad

587 1345 897 1404 emendum
926 1343 1345 1420 praedicationis
1373 1347 1642 1403 verbum:
1686 1346 1836 1410 unde
1862 1364 2038 1421 super
2064 1344 2205 1402 illud
2240 1347 2265 1399 l
2300 1341 2371 1398 ad
2400 1340 2755 1400 Timotheum

600 1463 654 1502 v.
742 1455 757 1480 ⁴
779 1446 896 1512 Qui
921 1446 1062 1502 bene
1091 1453 1341 1520 praesunt
1368 1445 1706 1522 presbyteri,
1748 1444 1877 1502 etc.’
1921 1445 2057 1502 dicit
2086 1444 2317 1510 Glossa,
2362 1452 2377 1478 ‘
2404 1435 2757 1500 Necessitatis

598 1554 688 1602 est
713 1547 968 1621 accipere
995 1543 1144 1601 unde
1173 1543 1397 1610 vivitur,
1427 1543 1715 1602 charitatis
1755 1554 1843 1601 est
1868 1545 2152 1620 praebere:
2198 1562 2313 1602 non
2357 1557 2547 1600 tamen
2578 1536 2754 1595 venale

592 1654 680 1701 est
703 1644 1084 1720 evangelium,
1116 1653 1178 1700 ut
1218 1661 1321 1717 pro
1348 1642 1436 1700 his
1478 1643 1831 1719 praedicetur.
1916 1645 1983 1700 Si
2020 1644 2172 1700 enim
2214 1642 2295 1699 sic
2324 1641 2593 1706 vendunt,
2622 1653 2759 1710 mag-

592 1762 725 1801 nam
771 1763 892 1802 rem
937 1741 1036 1799 vili
1085 1739 1332 1799 vendunt
1376 1744 1577 1818 pretio.
1663 1742 1941 1801 Sim-iliter
1990 1744 2161 1800 etiam
2206 1742 2398 1814 aliqua
2442 1734 2757 1815 temporalia

592 1843 793 1902 dantur
819 1842 1010 1900 Deum
1038 1839 1400 1899 laudantibus
1428 1843 1487 1899 in
1514 1842 1890 1900 celebratione
1912 1841 2284 1900 ecclesiastici
2306 1841 2503 1906 officii,
2526 1839 2643 1895 sive
2669 1849 2758 1910 pro

593 1942 760 2006 vivis,
788 1943 910 1998 sive
938 1957 1042 2015 pro
1079 1941 1339 2004 mortuiS,
1368 1959 1484 1999 non
1525 1940 1689 2013 quasi
1729 1941 1993 2017 pretium,
2034 1941 2137 1998 sed
2163 1941 2325 2013 quasi
2353 1933 2757 1996 sustentationis

593 2032 1040 2114 stipendium.”²
1121 2037 1332 2096 Merito
1363 2050 1548 2097 autem
1580 2039 1843 2098 damnata
1880 2049 1970 2098 est
2008 2060 2043 2096 a
2066 2039 2311 2098 concilio
2340 2030 2755 2097 constantiensi

591 2138 907 2214 propositio
936 2135 1230 2194 Wickleffi
1255 2158 1269 2194 ε
1316 2147 1355 2173 “
1375 2139 1595 2196 Omnes
1624 2149 1757 2197 sunt
1782 2141 2102 2208 simoniaci,
2126 2141 2224 2212 qui
2252 2158 2314 2196 se
2344 2139 2592 2214 obligant
2614 2147 2756 2191 orare

594 2257 698 2314 pro
725 2238 871 2306 aliis,
900 2239 986 2296 eis
1014 2239 1073 2296 in
1101 2239 1506 2315 temporalibus
1535 2233 2099 2297 subvenientibuS.”³

671 2341 768 2394 69.
811 2338 1012 2395 Vetuit
1052 2337 1420 2395 Innocentius
1461 2338 1570 2395 ΙΙΙ.
1602 2340 1826 2397 clericis
1867 2357 1937 2396 ne
1974 2337 2279 2411 quidquam
2323 2337 2555 2395 omnino
2583 2332 2755 2406 exige·

593 2445 719 2492 rent
743 2455 914 2493 causa
941 2436 1257 2512 sepeliendi
1285 2446 1559 2503 mortuOS,
1590 2448 1646 2494 et
1685 2458 1915 2515 pravam
1948 2437 2420 2496 consuetudinem
2444 2430 2754 2492 abolendam

589 2535 797 2602 statuit,
827 2555 938 2608 qua
964 2536 1168 2593 alicubi
1211 2546 1249 2571 ‘⁶
1274 2536 1681 2595 decedentibus
1726 2557 1839 2596 non
1884 2539 2040 2613 prius
2085 2517 2434 2613 permittatur
2472 2533 2642 2591 effodi
2678 2545 2753 2584 se-

593 2634 876 2711 pulturam
903 2655 1074 2708 quam
1104 2655 1208 2712 pro
1250 2645 1412 2704 terra,
1457 2638 1518 2694 in
1559 2638 1691 2708 quia
1732 2636 2051 2714 sepeliendi
2080 2645 2229 2703 sunt,
2274 2645 2487 2692 certum
2529 2631 2751 2708 pretium

596 2736 852 2794 ecelesiae
881 2732 1327 2811 persolvatur.''⁴
1409 2735 1669 2813 Simonia
1708 2735 2304 2794 declaratur.admissa
2344 2735 2394 2790 si
2433 2732 2566 2806 quid
2607 2730 2752 2787 detur

592 2852 697 2909 pro
721 2834 954 2891 mortuis
983 2827 1386 2908 sepeliendis.⁵
1465 2835 1729 2892 Attamen
1758 2855 1827 2893 ea
1852 2845 1939 2892 est
1966 2847 2285 2910 temporum
2315 2843 2603 2890 nostorum
2632 2844 2751 2886 con-

593 2931 751 2998 ditio,
780 2931 933 3003 quod
958 2932 1120 2988 locus
1162 2932 1460 3007 sepulturae
1504 2935 1565 2990 in
1604 2935 1944 2993 coemeteriis
1986 2934 2341 2991 consueverit
2366 2933 2501 2998 emi,
2531 2940 2582 2987 et
2606 2944 2751 2985 occa-

592 3030 753 3086 sione
779 3030 1132 3106 singulorum
1155 3031 1616 3107 sepeliendorum
1638 3035 1877 3108 pecunia
1896 3033 2229 3109 plerumque
2250 3031 2506 3089 ecclesiae
2526 3027 2745 3091 aedituis,

592 3129 684 3186 vel
710 3131 919 3205 pastori
947 3131 1316 3206 persolvatur.
1403 3132 1603 3190 Mores
1631 3133 1739 3190 hos
1767 3152 1898 3190 cum
1926 3133 2099 3189 veteri
2128 3131 2430 3207 disciplina
2448 3139 2505 3187 et
2528 3126 2747 3187 decretis

592 3246 936 3302 componere
965 3230 1130 3288 facile
1160 3249 1275 3288 non
1303 3239 1426 3286 est:
1471 3230 1571 3287 sed
1613 3231 1873 3306 plerique
1907 3250 2007 3290 eos
2036 3230 2329 3289 vindicant
2364 3213 2750 3287 consuetudine

593 3339 650 3384 et
675 3346 861 3386 rerum
891 3330 1241 3410 necessitate,
1273 3346 1448 3400 quum
1489 3331 1735 3404 pecunia
1777 3332 2085 3407 accipiatur
2122 3331 2195 3388 ob
2220 3341 2379 3388 terrae
2407 3329 2668 3393 valorem,
2705 3334 2753 3380 et

593 3427 662 3484 ad
690 3428 954 3486 oneribus
981 3427 1460 3496 satisfaciendum,
1491 3447 1616 3500 quae
1644 3447 1719 3486 ex
1758 3449 1825 3511 ea
1854 3431 1992 3500 olim
2034 3441 2357 3504 comparata
2382 3429 2631 3484 ecclesiae
2656 3426 2750 3480 im-

592 3527 773 3605 posita
800 3537 949 3586 sunt.
993 3530 1205 3596 Quanti
1233 3528 1454 3585 valeant
1477 3529 1567 3585 11ae
1594 3529 1840 3587 rationes
1862 3529 2095 3586 aliorum
2120 3529 2493 3601 relinquimus
2512 3524 2751 3604 judici03

589 3638 782 3687 votum
811 3638 1064 3687 nostrum
1091 3629 1337 3704 ingenue
1366 3628 1695 3703 profitentes
1736 3644 1884 3695 esse,
1921 3639 1984 3686 ut
2022 3626 2249 3685 tandem
2277 3624 2580 3698 aliquando
2608 3631 2749 3682 vetus

591 3726 698 3784 hac
726 3728 782 3784 in
814 3747 873 3785 re
901 3727 1204 3804 disciplina
1228 3727 1569 3792 restituatur.
1651 3728 2003 3804 Pauperibus
2046 3729 2242 3801 utique
2284 3744 2597 3799 numquam
2633 3725 2751 3781 licet

591 3825 870 3900 denegare
899 3828 1262 3902 sepulturam,
1286 3828 1358 3884 ob
1385 3829 1683 3902 pecuniam
1714 3846 1829 3884 non
1852 3827 2112 3884 solutam.

670 3927 770 3980 70.
816 3932 854 3958 “
875 3924 990 3982 Pro
1017 3927 1277 4002 ingressu
1321 3927 1649 3984 monasterii
1676 3946 1793 3992 non
1820 3926 1955 3984 licet
1980 3925 2195 3997 aliquid
2222 3925 2474 4001 exigere,
2504 3924 2595 3980 vel
2624 3921 2752 3978 acci-

591 4039 727 4098 pere
768 4023 932 4094 quasi
972 4026 1234 4100 pretium„
1319 4024 1482 4082 Licet
1523 4035 1711 4083 tamen
1746 4027 1796 4082 si
1834 4026 2241 4083 monasterium
2284 4025 2359 4082 sit
2398 4032 2588 4090 tenue,
2615 4017 2752 4093 quod

593 4139 708 4188 non
751 4119 996 4180 sufficiat
1037 4122 1107 4180 ad
1147 4134 1228 4182 tot
1267 4142 1540 4200 personas
1585 4123 1933 4193 nutriendaS,
1973 4125 2145 4200 gratis
2187 4121 2417 4196 quidem
2457 4123 2757 4198 ingressum

663 4281 685 4344 (
697 4282 747 4345 l)
789 4278 942 4326 Cone.
965 4277 1099 4332 Trid.
1124 4279 1252 4329 SeSS.
1275 4281 1378 4332 xxi.
1395 4299 1498 4346 cap.
1522 4282 1554 4331 i'.

664 4367 743 4430 (2)
779 4368 828 4412 2.
850 4367 897 4412 2.
920 4380 1002 4428 qu.
1025 4379 1066 4413 c.
1091 4370 1174 4413 art.
1197 4365 1264 4414 iii.
1332 4366 1420 4416 Ad
1437 4367 1729 4419 secundum.
2113 4369 2197 4436 (3)
2236 4367 2365 4417 Sese.
2387 4367 2485 4417 viii.

665 4453 749 4517 (4)
789 4451 850 4500 C.
874 4451 974 4501 xiii.
998 4451 1056 4502 de
1079 4450 1367 4519 sepulturis,
1389 4460 1438 4501 et
1459 4470 1501 4502 c.
1523 4454 1609 4502 xli.
1632 4453 1691 4504 de
1712 4454 1944 4506 &monia-

663 4539 747 4602 (5)
788 4535 912 4600 Gap.
931 4537 997 4586 ix.
1020 4535 1078 4588 de
1099 4536 1330 4596 simonia,
1353 4553 1414 4586 ex
1437 4553 1572 4588 cone.
1594 4537 1739 4587 Late..
