3117 5217
510 551 629 605 328
1182 546 1297 605 DE
1340 546 2032 606 COOPERATIONE.

508 710 581 767 ad
630 709 961 769 ebrietatem
1012 728 1345 787 provocare.
1428 710 1684 769 Pecmnt
1722 712 1894 769 etiam
1945 709 2110 768 facile
2153 711 2372 767 ratione
2415 708 2697 775 scandali,

508 826 685 881 quum
738 809 1089 876 ebrietatem,
1142 810 1317 877 rixas,
1376 810 1600 882 aliaque
1651 811 1846 887 gravia
1897 810 2049 868 mala
2085 808 2332 875 foveant,
2374 810 2694 886 praesertim

516 907 717 965 diebus
768 907 1111 975 dominicis3
1184 918 1243 965 ct
1290 910 1511 966 sectarii
1563 909 1700 966 fidei
1765 909 2058 967 catholieo
2125 908 2324 967 odium
2375 906 2508 965 inde
2557 925 2696 965 con-

514 1008 745 1083 cipiant.
830 1007 899 1065 In
936 1009 1217 1066 conviviis
1257 1008 1491 1084 privatis
1516 1010 1892 1085 propinantes
1929 1010 2128 1066 vinum
2169 1025 2298 1064 sese
2339 1006 2694 1064 inebriaturis

510 1102 659 1163 haud
688 1106 855 1165 facile
880 1118 1259 1173 excusantur3
1300 1108 1482 1167 multo
1522 1109 1714 1166 minus
1755 1108 1854 1181 qui
1891 1125 1994 1165 eos
2037 1107 2111 1164 ad
2147 1106 2384 1165 haustus
2421 1106 2694 1183 largiores

512 1202 875 1280 provocant-¹

595 1306 730 1360 145.
772 1304 865 1361 Ea
892 1322 1019 1375 quae
1047 1306 1313 1382 proxime
1340 1303 1411 1361 ad
1440 1315 1738 1380 peccatum
1777 1314 2140 1371 concurrunt,
2175 1304 2408 1363 nonnisi
2432 1304 2692 1381 gravissi-

510 1420 663 1459 mam
690 1404 765 1461 ob
789 1420 1019 1461 causam
1046 1414 1183 1461 sunt
1218 1402 1497 1470 facienda,
1538 1415 1756 1462 metum
1803 1404 2024 1461 scilicet
2061 1405 2200 1462 tanti
2237 1404 2374 1461 mali
2415 1402 2570 1476 quod
2605 1421 2696 1459 sc·

512 1500 763 1559 cundum
790 1502 947 1579 leges
974 1503 1263 1561 charitatis
1302 1520 1477 1561 nemo
1514 1513 1770 1561 teneatur
1809 1504 1998 1561 subire
2025 1501 2096 1559 ad
2121 1501 2448 1561 evitandum
2478 1503 2694 1560 malum

514 1600 779 1658 alterius:
822 1621 893 1658 v:
924 1619 1000 1675 g:
1044 1604 1095 1660 si
1122 1603 1259 1660 alias
1298 1600 1644 1659 occidendus
1678 1612 1848 1659 esset.
1933 1601 2317 1677 compulsare
2357 1618 2698 1676 campanam

514 1699 587 1758 ad
612 1701 948 1759 concionem
976 1702 1299 1759 haereticam
1338 1702 1486 1759 inter
1510 1701 1778 1778 exempla
1815 1700 2064 1777 ponitur,
2093 1700 2248 1773 quod
2273 1700 2506 1771 quidem
2533 1718 2698 1758 num-

516 1818 687 1871 quam
736 1800 910 1859 licere
954 1802 1369 1867 existimamus,
1414 1819 1594 1873 quum
1639 1802 1714 1858 sit
1755 1801 2104 1859 invitationis
2152 1802 2344 1857 instar.
2431 1799 2602 1867 Quod
2645 1799 2696 1854 si

516 1898 833 1956 catholicus
859 1918 1053 1956 curam
1080 1900 1283 1957 habeat
1304 1900 1497 1965 curiae,
1522 1900 1614 1956 vel
1639 1900 1784 1957 aulae
1809 1900 2072 1975 publicae,
2095 1900 2154 1956 in
2181 1918 2312 1971 qua,
2332 1900 2502 1976 juxta
2526 1899 2698 1974 huJus

510 1997 763 2071 regionis
814 1998 1309 2062 consuetudinem,
1356 2000 1714 2072 praeconibus
1761 2000 2042 2076 cujusque
2092 2008 2281 2064 secun,
2335 1999 2500 2055 venia
2539 1997 2704 2054 datur

514 2093 879 2170 praedicandi,
921 2114 1037 2153 non
1076 2095 1241 2154 debet
1280 2097 1405 2171 ipse
1444 2097 1803 2172 compulsare
1843 2116 2209 2173 campanam3
2251 2096 2352 2155 sed
2393 2106 2698 2155 excusauit

518 2196 571 2252 si
600 2194 771 2252 alicui
798 2213 869 2252 ex
898 2182 1153 2254 sectariis
1180 2194 1235 2253 id
1276 2197 1580 2271 permittat,
1609 2214 1784 2268 quum
1827 2215 2004 2272 penes
2047 2198 2236 2272 ipsum
2265 2214 2380 2253 non
2405 2196 2482 2252 sit
2517 2195 2574 2253 id
2601 2197 2705 2253 im-

518 2294 733 2370 pedire.

602 2396 736 2449 146.
782 2392 895 2450 Ubi
938 2394 1247 2451 tolerantur
1290 2396 1641 2461 meretrices,
1689 2395 1770 2451 uti
1815 2395 2102 2471 plerisque
2141 2397 2204 2453 in
2249 2394 2588 2459 civitatibuS‚
2629 2391 2698 2449 ad

517 2492 733 2568 majora
759 2492 905 2549 mala
930 2492 1177 2560 vitanda,
1206 2494 1360 2559 licet,
1382 2494 1549 2571 juxta
1575 2512 1938 2552 communem
1968 2496 2330 2559 sententiam,
2359 2493 2594 2551 domum
2621 2493 2693 2548 iis

514 2590 722 2659 locare,
770 2600 810 2627 ‘⁴
836 2593 1087 2650 maxime
1114 2594 1163 2650 si
1192 2593 1285 2650 alii
1327 2591 1701 2650 conductores
1744 2593 1948 2660 desint,
1991 2594 2105 2651 nisi
2145 2604 2333 2650 tamen
2375 2592 2702 2649 meretrices

517 2691 763 2766 graviter
788 2700 1061 2749 nocerent
1084 2692 1291 2749 vicinis
1330 2692 1610 2758 honestis,
1640 2693 1732 2749 vel
1769 2692 1844 2749 ob
1881 2692 2052 2749 situm
2081 2710 2276 2750 ansam
2307 2693 2582 2768 majorem
2611 2689 2703 2747 da-

514 2800 641 2846 rent
665 2790 981 2865 peccatis.”
1035 2790 1121 2848 Ita
1150 2788 1594 2848 Busembaum.²
1675 2790 1966 2848 Caetemm
1994 2791 2471 2849 considerandum
2497 2796 2704 2863 quanto

519 2906 652 2945 cum
680 2907 914 2946 suorum
944 2887 1271 2945 discrimine
1298 2887 1359 2945 id
1384 2888 1501 2946 fiat.

602 2988 736 3045 147.
783 2995 821 3023 “
844 2986 1211 3045 Excusantur
1246 3007 1281 3045 a
1306 2988 1547 3056 mortali,
1592 2989 1712 3046 imo
1739 2989 1906 3045 etiam
1951 3009 1983 3046 a
2008 2990 2236 3057 veniali,
2265 2991 2316 3047 si
2339 3008 2512 3047 causa
2537 2987 2702 3054 adsit,

518 3085 759 3144 artifices
788 3087 887 3159 qui
914 3087 1146 3153 faciunt,
1175 3097 1269 3145 aut
1294 3088 1547 3144 vendunt
1584 3105 1676 3144 res
1715 3086 2121 3155 indifferentes,
2154 3084 2358 3162 quibus
2401 3089 2530 3161 quis
2557 3088 2702 3144 bene

519 3194 709 3260 potest
734 3186 834 3251 uti,
864 3185 999 3241 licet
1025 3185 1253 3259 plurimi
1282 3186 1596 3251 abutantur,
1625 3205 1694 3241 v:
1727 3206 1802 3263 g:
1849 3187 2022 3255 aleas,
2054 3188 2234 3256 fucos,
2263 3188 2502 3263 gladios·
2588 3186 2698 3243 Ra-

490 3282 599 3377 ·tio
638 3291 743 3347 est,
772 3283 906 3354 quia
932 3291 1147 3339 remote
1190 3292 1403 3340 tantum
1444 3282 1774 3342 ordinantur
1814 3285 1884 3343 ad
1913 3297 2230 3362 peccatum,
2273 3297 2331 3344 et
2371 3286 2704 3363 simpliciter

516 3380 783 3457 impediri
824 3399 939 3439 non
976 3372 1314 3457 possunt.”³
1396 3382 1495 3440 Sic
1534 3385 1798 3441 excusari
1837 3396 2079 3461 possunt
2115 3386 2426 3446 vendentes
2469 3386 2698 3450 cultros,

519 3490 799 3540 tormenta
823 3481 1045 3548 bellica,
1074 3490 1131 3538 et
1168 3482 1277 3539 tela
1318 3492 1535 3541 caetera.
1621 3482 1740 3541 Sed
1780 3486 1831 3542 si
1871 3494 2091 3543 constet
2129 3506 2196 3543 ea
2234 3487 2408 3559 quaeri
2447 3494 2511 3543 ut
2547 3502 2700 3543 mors

519 3580 685 3640 alicui
712 3601 850 3640 mox
880 3582 1168 3651 inferatur,
1198 3600 1405 3641 censeo
1433 3583 1706 3641 artificem
1737 3584 1914 3642 teneri
1937 3602 2013 3641 ex
2032 3583 2301 3644 charitate
2329 3604 2397 3643 ea
2423 3603 2538 3642 non
2564 3601 2699 3640 ven-

518 3679 672 3749 dere,
716 3683 1030 3757 praesertim
1072 3683 1121 3739 si
1164 3680 1307 3740 alias
1348 3683 1541 3739 haberi
1583 3692 1905 3755 nequeant:
1951 3683 2008 3740 in
2041 3684 2354 3743 civitatibus
2383 3693 2572 3741 autem
2609 3682 2705 3739 ubi

529 3779 697 3839 facile
726 3790 1144 3858 comparantur,
1170 3802 1281 3841 non
1322 3781 1586 3841 auderem
1623 3781 1889 3839 damnare
1917 3801 1985 3839 ea
2023 3782 2386 3850 vendentem,
2428 3802 2558 3841 nam
2578 3799 2705 3839 cum

528 3879 617 3934 sui
647 3878 989 3938 detrimento
1024 3879 1227 3938 frustra
1254 3891 1549 3939 conaretur
1576 3880 1853 3957 impedire
1879 3900 2078 3940 eorum
2105 3883 2365 3940 abusum.

590 4037 678 4103 (1)
718 4036 812 4084 “If
826 4053 915 4086 our
937 4046 1077 4099 guest
1100 4041 1266 4088 makes
1286 4039 1485 4088 himself
1498 4040 1659 4089 drunk
1679 4040 1801 4089 with
1822 4040 1906 4089 the
1927 4042 2068 4090 usual
2091 4042 2361 4105 provisions
2383 4042 2548 4091 which
2569 4046 2699 4090 must

526 4122 584 4169 be
608 4120 905 4184 indistinctly
929 4123 1206 4174 ministered
1235 4132 1283 4173 at
1312 4125 1470 4183 fausta,
1494 4125 1600 4173 that
1632 4132 1811 4175 cannot
1831 4126 1891 4174 be
1925 4126 2114 4189 helped,
2137 4129 2224 4176 but
2244 4129 2308 4191 by
2331 4127 2547 4188 refusing
2567 4134 2618 4175 to
2639 4141 2707 4174 re-

526 4206 659 4256 ceive
684 4207 806 4256 such
826 4222 1026 4271 persons
1049 4210 1192 4270 again
1227 4216 1276 4258 to
1316 4226 1405 4259 our
1438 4212 1589 4269 table3
1624 4212 1713 4260 but
1745 4212 1808 4260 he
1841 4212 1946 4260 that
1977 4212 2261 4276 knowingly
2285 4213 2380 4262 and
2403 4212 2705 4274 observingly

525 4290 681 4355 espies
703 4290 786 4339 the
809 4291 1022 4353 meeting
1042 4298 1157 4341 turn
1179 4301 1230 4342 to
1255 4294 1407 4343 God's
1428 4295 1673 4355 dishonor,
1695 4296 1792 4345 and
1813 4296 1928 4345 does
1952 4302 2039 4345 not
2059 4303 2149 4361 put
2171 4314 2200 4345 a
2221 4298 2346 4346 limit
2361 4304 2410 4345 to
2432 4296 2538 4345 that
2557 4313 2640 4345 sea
2659 4294 2715 4343 of

528 4376 685 4436 drink,
711 4375 809 4425 and
829 4378 965 4439 place
988 4392 1018 4425 a
1039 4376 1178 4425 shore
1200 4378 1297 4427 and
1320 4395 1351 4427 a
1372 4379 1536 4428 strand
1558 4388 1610 4429 to
1626 4380 1708 4429 the
1731 4381 2035 4439 inundatiom
2057 4382 2160 4430 will
2181 4382 2285 4430 find
2306 4382 2411 4431 that
2431 4381 2544 4430 God
2564 4381 2608 4430 is
2627 4380 2706 4429 de-

524 4461 689 4525 parted
710 4462 834 4510 from
854 4461 958 4510 that
978 4460 1236 4523 meeting.”
1304 4462 1400 4512 Jer.
1423 4464 1620 4527 Taylor,
1643 4467 1794 4517 Duct.
1817 4465 1953 4517 Dub.
1975 4466 2006 4513 l.
2028 4466 2091 4515 iv.
2115 4483 2158 4515 c.
2176 4466 2211 4517 i.
2236 4468 2329 4515 vol.
2349 4467 2398 4516 ii.
2425 4467 2542 4514 467.

603 4545 688 4611 (2)
727 4545 877 4609 Apud
899 4544 951 4593 S.
974 4544 1300 4610 Alphonsum‚
1323 4546 1355 4596 1.
1377 4546 1426 4598 ii.
1453 4562 1504 4596 n.
1530 4551 1612 4597 70.
2139 4550 2226 4616 (3)
2265 4550 2464 4609 Ibidem,
2485 4564 2538 4599 n.
2561 4551 2641 4598 71.
