<?xml version="1.0" encoding="UTF-8"?>
<!DOCTYPE html PUBLIC "-//W3C//DTD XHTML 1.0 Transitional//EN"
    "http://www.w3.org/TR/xhtml1/DTD/xhtml1-transitional.dtd">
<html xmlns="http://www.w3.org/1999/xhtml" xml:lang="en" lang="en">
 <head>
  <title>
</title>
<meta http-equiv="Content-Type" content="text/html;charset=utf-8" />
  <meta name='ocr-system' content='tesseract 3.04.00' />
  <meta name='ocr-capabilities' content='ocr_page ocr_carea ocr_par ocr_line ocrx_word'/>
</head>
<body>
  <div class='ocr_page' id='page_1' title='image "./theologiaemoral00unkngoog_0150.png"; bbox 0 0 3117 5217; ppageno 0'>
   <div class='ocr_carea' id='block_1_1' title="bbox 502 557 2173 620">
    <p class='ocr_par' dir='ltr' id='par_1_1' title="bbox 502 557 2173 620">
     <span class='ocr_line' id='line_1_1' title="bbox 502 557 2173 620; baseline 0 -2"><span class='ocrx_word' id='word_1_1' title='bbox 502 564 615 618; x_wconf 85' lang='grc'>136</span> <span class='ocrx_word' id='word_1_2' title='bbox 1008 559 1067 618; x_wconf 86' lang='lat' dir='ltr'>D</span> <span class='ocrx_word' id='word_1_3' title='bbox 1080 559 1133 620; x_wconf 89' lang='lat' dir='ltr'>E</span> <span class='ocrx_word' id='word_1_4' title='bbox 1176 557 1759 619; x_wconf 85' lang='lat' dir='ltr'><strong>CONTRACTUS</strong></span> <span class='ocrx_word' id='word_1_5' title='bbox 1801 561 2173 620; x_wconf 88' lang='lat' dir='ltr'>NATURA.</span> 
     </span>
    </p>
   </div>
   <div class='ocr_carea' id='block_1_2' title="bbox 496 723 2696 3170">
    <p class='ocr_par' dir='ltr' id='par_1_2' title="bbox 496 723 2696 3170">
     <span class='ocr_line' id='line_1_2' title="bbox 506 723 2696 802; baseline 0.001 -22"><span class='ocrx_word' id='word_1_6' title='bbox 506 723 697 799; x_wconf 88' lang='lat' dir='ltr'>ligent</span> <span class='ocrx_word' id='word_1_7' title='bbox 724 732 1005 782; x_wconf 86' lang='lat' dir='ltr'>contractu</span> <span class='ocrx_word' id='word_1_8' title='bbox 1029 743 1045 791; x_wconf 72' lang='grc' dir='ltr'><strong>ς</strong></span> <span class='ocrx_word' id='word_1_9' title='bbox 1086 724 1190 782; x_wconf 88' lang='lat' dir='ltr'>sed</span> <span class='ocrx_word' id='word_1_10' title='bbox 1215 725 1457 802; x_wconf 79' lang='lat' dir='ltr'>puberes</span> <span class='ocrx_word' id='word_1_11' title='bbox 1484 735 1748 801; x_wconf 89' lang='lat' dir='ltr'>possunt,</span> <span class='ocrx_word' id='word_1_12' title='bbox 1772 724 2084 784; x_wconf 88' lang='lat' dir='ltr'>dummodo</span> <span class='ocrx_word' id='word_1_13' title='bbox 2105 725 2164 783; x_wconf 91' lang='lat' dir='ltr'>in</span> <span class='ocrx_word' id='word_1_14' title='bbox 2190 726 2368 802; x_wconf 88' lang='lat' dir='ltr'>patris</span> <span class='ocrx_word' id='word_1_15' title='bbox 2393 724 2696 784; x_wconf 88' lang='lat' dir='ltr'>detrimen-</span> 
     </span>
     <span class='ocr_line' id='line_1_3' title="bbox 504 822 2692 900; baseline 0.001 -22"><span class='ocrx_word' id='word_1_16' title='bbox 504 834 622 879; x_wconf 88' lang='lat' dir='ltr'>tum</span> <span class='ocrx_word' id='word_1_17' title='bbox 677 841 791 880; x_wconf 89' lang='lat' dir='ltr'>non</span> <span class='ocrx_word' id='word_1_18' title='bbox 822 831 1033 900; x_wconf 84' lang='lat' dir='ltr'>vergat.</span> <span class='ocrx_word' id='word_1_19' title='bbox 1118 823 1341 890; x_wconf 80' lang='lat' dir='ltr'><strong>Quibus</strong></span> <span class='ocrx_word' id='word_1_20' title='bbox 1374 833 1659 882; x_wconf 82' lang='lat' dir='ltr'><strong>curatores</strong></span> <span class='ocrx_word' id='word_1_21' title='bbox 1699 823 1814 882; x_wconf 84' lang='lat' dir='ltr'>dati</span> <span class='ocrx_word' id='word_1_22' title='bbox 1839 832 1971 881; x_wconf 90' lang='lat' dir='ltr'>sunt</span> <span class='ocrx_word' id='word_1_23' title='bbox 2010 824 2214 882; x_wconf 86' lang='lat' dir='ltr'>horum</span> <span class='ocrx_word' id='word_1_24' title='bbox 2263 822 2518 900; x_wconf 88' lang='lat' dir='ltr'>indigent</span> <span class='ocrx_word' id='word_1_25' title='bbox 2561 841 2692 881; x_wconf 90' lang='lat' dir='ltr'>con·</span> 
     </span>
     <span class='ocr_line' id='line_1_4' title="bbox 502 922 2689 1004; baseline 0 -26"><span class='ocrx_word' id='word_1_26' title='bbox 502 939 683 978; x_wconf 88' lang='lat' dir='ltr'>sensu</span> <span class='ocrx_word' id='word_1_27' title='bbox 710 931 771 978; x_wconf 89' lang='lat' dir='ltr'>ut</span> <span class='ocrx_word' id='word_1_28' title='bbox 809 922 1160 1004; x_wconf 83' lang='lat' dir='ltr'>contrahant.</span> <span class='ocrx_word' id='word_1_29' title='bbox 1244 923 1465 999; x_wconf 81' lang='lat' dir='ltr'>Viginti</span> <span class='ocrx_word' id='word_1_30' title='bbox 1494 924 1748 995; x_wconf 89' lang='lat' dir='ltr'>quinque</span> <span class='ocrx_word' id='word_1_31' title='bbox 1791 942 2068 982; x_wconf 87' lang='lat' dir='ltr'>annorum</span> <span class='ocrx_word' id='word_1_32' title='bbox 2111 933 2243 980; x_wconf 81' lang='lat' dir='ltr'>aetas</span> <span class='ocrx_word' id='word_1_33' title='bbox 2280 923 2689 996; x_wconf 84' lang='lat' dir='ltr'>requirebatur,</span> 
     </span>
     <span class='ocr_line' id='line_1_5' title="bbox 502 1019 2688 1099; baseline 0 -22"><span class='ocrx_word' id='word_1_34' title='bbox 502 1028 567 1077; x_wconf 92' lang='lat' dir='ltr'>ut</span> <span class='ocrx_word' id='word_1_35' title='bbox 592 1021 725 1092; x_wconf 91' lang='lat' dir='ltr'>quis</span> <span class='ocrx_word' id='word_1_36' title='bbox 754 1022 936 1097; x_wconf 88' lang='lat' dir='ltr'>major</span> <span class='ocrx_word' id='word_1_37' title='bbox 962 1021 1294 1082; x_wconf 77' lang='lat' dir='ltr'>haberetur:</span> <span class='ocrx_word' id='word_1_38' title='bbox 1336 1020 1441 1080; x_wconf 89' lang='lat' dir='ltr'>sed</span> <span class='ocrx_word' id='word_1_39' title='bbox 1467 1019 1740 1095; x_wconf 90' lang='lat' dir='ltr'>quamdiu</span> <span class='ocrx_word' id='word_1_40' title='bbox 1766 1043 1800 1080; x_wconf 91' lang='lat' dir='ltr'>a</span> <span class='ocrx_word' id='word_1_41' title='bbox 1824 1031 1984 1099; x_wconf 89' lang='lat' dir='ltr'>patre</span> <span class='ocrx_word' id='word_1_42' title='bbox 2009 1023 2400 1099; x_wconf 88' lang='lat' dir='ltr'>emancipatus</span> <span class='ocrx_word' id='word_1_43' title='bbox 2427 1040 2541 1080; x_wconf 90' lang='lat' dir='ltr'>non</span> <span class='ocrx_word' id='word_1_44' title='bbox 2569 1021 2688 1078; x_wconf 87' lang='lat' dir='ltr'>fue-</span> 
     </span>
     <span class='ocr_line' id='line_1_6' title="bbox 504 1118 2690 1198; baseline 0 -22"><span class='ocrx_word' id='word_1_45' title='bbox 504 1127 588 1176; x_wconf 87' lang='lat' dir='ltr'>rat</span> <span class='ocrx_word' id='word_1_46' title='bbox 636 1131 760 1176; x_wconf 87' lang='lat' dir='ltr'>actu</span> <span class='ocrx_word' id='word_1_47' title='bbox 804 1118 1054 1191; x_wconf 90' lang='lat' dir='ltr'>quodam</span> <span class='ocrx_word' id='word_1_48' title='bbox 1094 1121 1339 1178; x_wconf 82' lang='lat' dir='ltr'>solemni</span> <span class='ocrx_word' id='word_1_49' title='bbox 1378 1121 1553 1188; x_wconf 88' lang='lat' dir='ltr'>filius,</span> <span class='ocrx_word' id='word_1_50' title='bbox 1599 1121 1768 1178; x_wconf 88' lang='lat' dir='ltr'>etiam</span> <span class='ocrx_word' id='word_1_51' title='bbox 1809 1121 2173 1180; x_wconf 89' lang='lat' dir='ltr'>matrimonio</span> <span class='ocrx_word' id='word_1_52' title='bbox 2213 1121 2441 1198; x_wconf 84' lang='lat' dir='ltr'>ligatus,</span> <span class='ocrx_word' id='word_1_53' title='bbox 2471 1130 2530 1177; x_wconf 89' lang='lat' dir='ltr'>et</span> <span class='ocrx_word' id='word_1_54' title='bbox 2565 1120 2690 1195; x_wconf 87' lang='lat' dir='ltr'>ejus</span> 
     </span>
     <span class='ocr_line' id='line_1_7' title="bbox 498 1217 2688 1297; baseline 0 -24"><span class='ocrx_word' id='word_1_55' title='bbox 498 1217 603 1274; x_wconf 90' lang='lat' dir='ltr'>filii</span> <span class='ocrx_word' id='word_1_56' title='bbox 630 1218 689 1274; x_wconf 91' lang='lat' dir='ltr'>in</span> <span class='ocrx_word' id='word_1_57' title='bbox 717 1219 898 1294; x_wconf 90' lang='lat' dir='ltr'>patria</span> <span class='ocrx_word' id='word_1_58' title='bbox 937 1220 1318 1277; x_wconf 81' lang='lat' dir='ltr'>censebantur</span> <span class='ocrx_word' id='word_1_59' title='bbox 1358 1227 1655 1296; x_wconf 83' lang='lat' dir='ltr'>potestate.</span> <span class='ocrx_word' id='word_1_60' title='bbox 1738 1219 1913 1297; x_wconf 88' lang='lat' dir='ltr'>Apud</span> <span class='ocrx_word' id='word_1_61' title='bbox 1951 1238 2056 1277; x_wconf 93' lang='lat' dir='ltr'>nos</span> <span class='ocrx_word' id='word_1_62' title='bbox 2097 1221 2444 1293; x_wconf 86' lang='lat' dir='ltr'>quicumque</span> <span class='ocrx_word' id='word_1_63' title='bbox 2483 1219 2688 1296; x_wconf 79' lang='lat' dir='ltr'>vigesi-</span> 
     </span>
     <span class='ocr_line' id='line_1_8' title="bbox 499 1318 2683 1394; baseline -0 -20"><span class='ocrx_word' id='word_1_64' title='bbox 499 1334 658 1374; x_wconf 89' lang='lat' dir='ltr'>mum</span> <span class='ocrx_word' id='word_1_65' title='bbox 691 1319 940 1392; x_wconf 89' lang='lat' dir='ltr'>primum</span> <span class='ocrx_word' id='word_1_66' title='bbox 968 1337 1179 1376; x_wconf 90' lang='lat' dir='ltr'>annum</span> <span class='ocrx_word' id='word_1_67' title='bbox 1206 1318 1477 1394; x_wconf 81' lang='lat' dir='ltr'>explevit,</span> <span class='ocrx_word' id='word_1_68' title='bbox 1508 1318 1690 1393; x_wconf 87' lang='lat' dir='ltr'>major</span> <span class='ocrx_word' id='word_1_69' title='bbox 1715 1319 1970 1387; x_wconf 89' lang='lat' dir='ltr'>habetur,</span> <span class='ocrx_word' id='word_1_70' title='bbox 2005 1329 2063 1377; x_wconf 89' lang='lat' dir='ltr'>et</span> <span class='ocrx_word' id='word_1_71' title='bbox 2087 1318 2455 1377; x_wconf 87' lang='lat' dir='ltr'>contrahendi</span> <span class='ocrx_word' id='word_1_72' title='bbox 2479 1335 2683 1394; x_wconf 81' lang='lat' dir='ltr'><strong>capax.</strong></span> 
     </span>
     <span class='ocr_line' id='line_1_9' title="bbox 499 1411 2686 1495; baseline -0 -24"><span class='ocrx_word' id='word_1_73' title='bbox 499 1414 727 1474; x_wconf 87' lang='lat' dir='ltr'>Alicubi</span> <span class='ocrx_word' id='word_1_74' title='bbox 754 1417 1003 1476; x_wconf 84' lang='lat' dir='ltr'>soeminae</span> <span class='ocrx_word' id='word_1_75' title='bbox 1032 1415 1347 1476; x_wconf 83' lang='lat' dir='ltr'>octodecim</span> <span class='ocrx_word' id='word_1_76' title='bbox 1376 1437 1556 1476; x_wconf 89' lang='lat' dir='ltr'>annos</span> <span class='ocrx_word' id='word_1_77' title='bbox 1585 1429 1728 1476; x_wconf 81' lang='lat' dir='ltr'>natoe</span> <span class='ocrx_word' id='word_1_78' title='bbox 1756 1419 2000 1495; x_wconf 90' lang='lat' dir='ltr'>majores</span> <span class='ocrx_word' id='word_1_79' title='bbox 2025 1411 2348 1476; x_wconf 88' lang='lat' dir='ltr'>habentur.¹</span> <span class='ocrx_word' id='word_1_80' title='bbox 2409 1417 2686 1476; x_wconf 84' lang='lat' dir='ltr'>Mulieres</span> 
     </span>
     <span class='ocr_line' id='line_1_10' title="bbox 502 1515 2685 1592; baseline 0 -21"><span class='ocrx_word' id='word_1_81' title='bbox 502 1515 819 1591; x_wconf 62' lang='lat' dir='ltr'>conjugatae</span> <span class='ocrx_word' id='word_1_82' title='bbox 847 1516 1180 1574; x_wconf 82' lang='lat' dir='ltr'>contrahere</span> <span class='ocrx_word' id='word_1_83' title='bbox 1206 1527 1518 1589; x_wconf 89' lang='lat' dir='ltr'>nequeunt,</span> <span class='ocrx_word' id='word_1_84' title='bbox 1547 1525 1682 1573; x_wconf 88' lang='lat' dir='ltr'>sunt</span> <span class='ocrx_word' id='word_1_85' title='bbox 1707 1517 1859 1574; x_wconf 89' lang='lat' dir='ltr'>enim</span> <span class='ocrx_word' id='word_1_86' title='bbox 1893 1517 2000 1574; x_wconf 89' lang='lat' dir='ltr'>sub</span> <span class='ocrx_word' id='word_1_87' title='bbox 2027 1518 2132 1576; x_wconf 90' lang='lat' dir='ltr'>viri</span> <span class='ocrx_word' id='word_1_88' title='bbox 2161 1523 2456 1592; x_wconf 84' lang='lat' dir='ltr'>potestate.</span> <span class='ocrx_word' id='word_1_89' title='bbox 2531 1515 2685 1572; x_wconf 90' lang='lat' dir='ltr'>Con-</span> 
     </span>
     <span class='ocr_line' id='line_1_11' title="bbox 501 1615 2684 1691; baseline 0 -21"><span class='ocrx_word' id='word_1_90' title='bbox 501 1615 668 1690; x_wconf 87' lang='lat' dir='ltr'>tingit</span> <span class='ocrx_word' id='word_1_91' title='bbox 695 1624 881 1674; x_wconf 84' lang='lat' dir='ltr'>tamen</span> <span class='ocrx_word' id='word_1_92' title='bbox 909 1615 1217 1688; x_wconf 85' lang='lat' dir='ltr'>aliquando</span> <span class='ocrx_word' id='word_1_93' title='bbox 1242 1617 1328 1674; x_wconf 91' lang='lat' dir='ltr'>eis</span> <span class='ocrx_word' id='word_1_94' title='bbox 1355 1618 1503 1674; x_wconf 91' lang='lat' dir='ltr'>bona</span> <span class='ocrx_word' id='word_1_95' title='bbox 1540 1617 1818 1674; x_wconf 86' lang='lat' dir='ltr'>committi</span> <span class='ocrx_word' id='word_1_96' title='bbox 1859 1634 1925 1672; x_wconf 88' lang='lat' dir='ltr'>ea</span> <span class='ocrx_word' id='word_1_97' title='bbox 1971 1616 2298 1674; x_wconf 89' lang='lat' dir='ltr'>conditione</span> <span class='ocrx_word' id='word_1_98' title='bbox 2324 1625 2388 1675; x_wconf 90' lang='lat' dir='ltr'>ut</span> <span class='ocrx_word' id='word_1_99' title='bbox 2424 1616 2564 1691; x_wconf 87' lang='lat' dir='ltr'>ipsae</span> <span class='ocrx_word' id='word_1_100' title='bbox 2589 1631 2684 1670; x_wconf 89' lang='lat' dir='ltr'>eo-</span> 
     </span>
     <span class='ocr_line' id='line_1_12' title="bbox 496 1714 2682 1791; baseline -0 -20"><span class='ocrx_word' id='word_1_101' title='bbox 496 1731 624 1772; x_wconf 90' lang='lat' dir='ltr'>rum</span> <span class='ocrx_word' id='word_1_102' title='bbox 652 1715 879 1771; x_wconf 89' lang='lat' dir='ltr'>arbitrio</span> <span class='ocrx_word' id='word_1_103' title='bbox 905 1714 1193 1773; x_wconf 83' lang='lat' dir='ltr'>fruantur:</span> <span class='ocrx_word' id='word_1_104' title='bbox 1238 1734 1353 1788; x_wconf 86' lang='lat' dir='ltr'>quo</span> <span class='ocrx_word' id='word_1_105' title='bbox 1380 1735 1514 1772; x_wconf 90' lang='lat' dir='ltr'>casu</span> <span class='ocrx_word' id='word_1_106' title='bbox 1542 1723 1786 1791; x_wconf 83' lang='lat' dir='ltr'>possunt</span> <span class='ocrx_word' id='word_1_107' title='bbox 1819 1714 1891 1772; x_wconf 88' lang='lat' dir='ltr'>de</span> <span class='ocrx_word' id='word_1_108' title='bbox 1931 1715 2001 1772; x_wconf 89' lang='lat' dir='ltr'>iis</span> <span class='ocrx_word' id='word_1_109' title='bbox 2043 1715 2366 1791; x_wconf 86' lang='lat' dir='ltr'>disponere.</span> <span class='ocrx_word' id='word_1_110' title='bbox 2394 1723 2682 1786; x_wconf 86' lang='lat' dir='ltr'>tamquam</span> 
     </span>
     <span class='ocr_line' id='line_1_13' title="bbox 506 1808 2686 1891; baseline 0 -22"><span class='ocrx_word' id='word_1_111' title='bbox 506 1811 641 1870; x_wconf 82' lang='lat' dir='ltr'>solae</span> <span class='ocrx_word' id='word_1_112' title='bbox 669 1821 899 1880; x_wconf 82' lang='lat' dir='ltr'>essent3</span> <span class='ocrx_word' id='word_1_113' title='bbox 940 1814 1088 1871; x_wconf 91' lang='lat' dir='ltr'>sicut</span> <span class='ocrx_word' id='word_1_114' title='bbox 1108 1825 1163 1871; x_wconf 91' lang='lat' dir='ltr'>et</span> <span class='ocrx_word' id='word_1_115' title='bbox 1190 1814 1327 1872; x_wconf 86' lang='lat' dir='ltr'>alias</span> <span class='ocrx_word' id='word_1_116' title='bbox 1347 1813 1517 1872; x_wconf 90' lang='lat' dir='ltr'>certis</span> <span class='ocrx_word' id='word_1_117' title='bbox 1538 1814 1773 1870; x_wconf 86' lang='lat' dir='ltr'>servatis</span> <span class='ocrx_word' id='word_1_118' title='bbox 1794 1814 1938 1891; x_wconf 86' lang='lat' dir='ltr'>legis</span> <span class='ocrx_word' id='word_1_119' title='bbox 1961 1808 2434 1872; x_wconf 67' lang='lat' dir='ltr'>conditionibus.5⁸</span> <span class='ocrx_word' id='word_1_120' title='bbox 2475 1812 2686 1872; x_wconf 86' lang='lat' dir='ltr'>Marito</span> 
     </span>
     <span class='ocr_line' id='line_1_14' title="bbox 500 1912 2680 1989; baseline 0 -21"><span class='ocrx_word' id='word_1_121' title='bbox 500 1912 672 1968; x_wconf 89' lang='lat' dir='ltr'>etiam</span> <span class='ocrx_word' id='word_1_122' title='bbox 700 1921 987 1970; x_wconf 88' lang='lat' dir='ltr'>contractu</span> <span class='ocrx_word' id='word_1_123' title='bbox 1018 1913 1165 1971; x_wconf 91' lang='lat' dir='ltr'>bona</span> <span class='ocrx_word' id='word_1_124' title='bbox 1202 1931 1307 1970; x_wconf 85' lang='lat' dir='ltr'>sua</span> <span class='ocrx_word' id='word_1_125' title='bbox 1344 1913 1561 1972; x_wconf 85' lang='lat' dir='ltr'>tradere</span> <span class='ocrx_word' id='word_1_126' title='bbox 1604 1922 1863 1988; x_wconf 86' lang='lat' dir='ltr'>possunt,</span> <span class='ocrx_word' id='word_1_127' title='bbox 1906 1915 2280 1971; x_wconf 87' lang='lat' dir='ltr'>instrumento</span> <span class='ocrx_word' id='word_1_128' title='bbox 2305 1913 2519 1989; x_wconf 86' lang='lat' dir='ltr'>scripto</span> <span class='ocrx_word' id='word_1_129' title='bbox 2547 1929 2680 1969; x_wconf 89' lang='lat' dir='ltr'>con-</span> 
     </span>
     <span class='ocr_line' id='line_1_15' title="bbox 498 2007 2681 2089; baseline 0.001 -24"><span class='ocrx_word' id='word_1_130' title='bbox 498 2027 732 2067; x_wconf 85' lang='lat' dir='ltr'>sensum</span> <span class='ocrx_word' id='word_1_131' title='bbox 784 2010 1025 2069; x_wconf 89' lang='lat' dir='ltr'>liberum</span> <span class='ocrx_word' id='word_1_132' title='bbox 1072 2021 1359 2079; x_wconf 87' lang='lat' dir='ltr'>testantes,</span> <span class='ocrx_word' id='word_1_133' title='bbox 1406 2013 1646 2070; x_wconf 88' lang='lat' dir='ltr'>seorsim</span> <span class='ocrx_word' id='word_1_134' title='bbox 1693 2007 2100 2089; x_wconf 84' lang='lat' dir='ltr'>interrogatae‚³</span> <span class='ocrx_word' id='word_1_135' title='bbox 2125 2012 2280 2086; x_wconf 91' lang='lat' dir='ltr'>quod</span> <span class='ocrx_word' id='word_1_136' title='bbox 2323 2022 2514 2070; x_wconf 89' lang='lat' dir='ltr'>tamen</span> <span class='ocrx_word' id='word_1_137' title='bbox 2553 2012 2681 2088; x_wconf 87' lang='lat' dir='ltr'>jure</span> 
     </span>
     <span class='ocr_line' id='line_1_16' title="bbox 500 2110 2686 2177; baseline 0.001 -13"><span class='ocrx_word' id='word_1_138' title='bbox 500 2125 747 2166; x_wconf 83' lang='lat' dir='ltr'>caesareo</span> <span class='ocrx_word' id='word_1_139' title='bbox 776 2128 893 2168; x_wconf 91' lang='lat' dir='ltr'>non</span> <span class='ocrx_word' id='word_1_140' title='bbox 921 2110 1129 2168; x_wconf 83' lang='lat' dir='ltr'>valent.</span> <span class='ocrx_word' id='word_1_141' title='bbox 1214 2110 1377 2177; x_wconf 86' lang='lat' dir='ltr'>Quos</span> <span class='ocrx_word' id='word_1_142' title='bbox 1418 2114 1618 2170; x_wconf 90' lang='lat' dir='ltr'>ineunt</span> <span class='ocrx_word' id='word_1_143' title='bbox 1641 2119 1960 2170; x_wconf 84' lang='lat' dir='ltr'>contractus</span> <span class='ocrx_word' id='word_1_144' title='bbox 1999 2112 2059 2168; x_wconf 90' lang='lat' dir='ltr'>in</span> <span class='ocrx_word' id='word_1_145' title='bbox 2101 2111 2274 2170; x_wconf 89' lang='lat' dir='ltr'>domo</span> <span class='ocrx_word' id='word_1_146' title='bbox 2299 2112 2406 2169; x_wconf 82' lang='lat' dir='ltr'>viri</span> <span class='ocrx_word' id='word_1_147' title='bbox 2433 2128 2686 2169; x_wconf 85' lang='lat' dir='ltr'>commo·</span> 
     </span>
     <span class='ocr_line' id='line_1_17' title="bbox 498 2208 2680 2287; baseline 0 -23"><span class='ocrx_word' id='word_1_148' title='bbox 498 2218 685 2264; x_wconf 90' lang='lat' dir='ltr'>rantes</span> <span class='ocrx_word' id='word_1_149' title='bbox 712 2217 1017 2266; x_wconf 87' lang='lat' dir='ltr'>censentur</span> <span class='ocrx_word' id='word_1_150' title='bbox 1042 2209 1165 2266; x_wconf 88' lang='lat' dir='ltr'>fieri</span> <span class='ocrx_word' id='word_1_151' title='bbox 1192 2228 1267 2268; x_wconf 84' lang='lat' dir='ltr'>ex</span> <span class='ocrx_word' id='word_1_152' title='bbox 1294 2212 1423 2287; x_wconf 89' lang='lat' dir='ltr'>ejus</span> <span class='ocrx_word' id='word_1_153' title='bbox 1464 2229 1774 2276; x_wconf 88' lang='lat' dir='ltr'>consensu,</span> <span class='ocrx_word' id='word_1_154' title='bbox 1815 2229 2062 2282; x_wconf 88' lang='lat' dir='ltr'>eumque</span> <span class='ocrx_word' id='word_1_155' title='bbox 2103 2210 2389 2286; x_wconf 80' lang='lat' dir='ltr'>obligant:</span> <span class='ocrx_word' id='word_1_156' title='bbox 2435 2208 2590 2281; x_wconf 89' lang='lat' dir='ltr'>quod</span> <span class='ocrx_word' id='word_1_157' title='bbox 2627 2210 2680 2266; x_wconf 89' lang='lat' dir='ltr'>si</span> 
     </span>
     <span class='ocr_line' id='line_1_18' title="bbox 499 2306 2686 2385; baseline 0 -21"><span class='ocrx_word' id='word_1_158' title='bbox 499 2307 801 2365; x_wconf 88' lang='lat' dir='ltr'>dissentire</span> <span class='ocrx_word' id='word_1_159' title='bbox 848 2326 908 2364; x_wconf 90' lang='lat' dir='ltr'>se</span> <span class='ocrx_word' id='word_1_160' title='bbox 956 2309 1381 2385; x_wconf 87' lang='lat' dir='ltr'>significaverit,</span> <span class='ocrx_word' id='word_1_161' title='bbox 1426 2310 1612 2368; x_wconf 89' lang='lat' dir='ltr'>adhuc</span> <span class='ocrx_word' id='word_1_162' title='bbox 1639 2308 1860 2366; x_wconf 85' lang='lat' dir='ltr'>videtur</span> <span class='ocrx_word' id='word_1_163' title='bbox 1903 2310 2098 2376; x_wconf 88' lang='lat' dir='ltr'>teneri,</span> <span class='ocrx_word' id='word_1_164' title='bbox 2141 2309 2324 2382; x_wconf 90' lang='lat' dir='ltr'>quoad</span> <span class='ocrx_word' id='word_1_165' title='bbox 2353 2329 2424 2367; x_wconf 86' lang='lat' dir='ltr'>ea</span> <span class='ocrx_word' id='word_1_166' title='bbox 2450 2326 2574 2380; x_wconf 81' lang='lat' dir='ltr'>quae</span> <span class='ocrx_word' id='word_1_167' title='bbox 2615 2306 2686 2364; x_wconf 92' lang='lat' dir='ltr'>ad</span> 
     </span>
     <span class='ocr_line' id='line_1_19' title="bbox 500 2405 2682 2485; baseline 0.001 -24"><span class='ocrx_word' id='word_1_168' title='bbox 500 2425 662 2463; x_wconf 89' lang='lat' dir='ltr'>suam</span> <span class='ocrx_word' id='word_1_169' title='bbox 691 2405 1078 2465; x_wconf 88' lang='lat' dir='ltr'>conditionem</span> <span class='ocrx_word' id='word_1_170' title='bbox 1104 2419 1162 2465; x_wconf 88' lang='lat' dir='ltr'>et</span> <span class='ocrx_word' id='word_1_171' title='bbox 1186 2407 1482 2468; x_wconf 85' lang='lat' dir='ltr'>decentem</span> <span class='ocrx_word' id='word_1_172' title='bbox 1516 2409 1985 2466; x_wconf 83' lang='lat' dir='ltr'>sustentationem</span> <span class='ocrx_word' id='word_1_173' title='bbox 2028 2409 2154 2485; x_wconf 89' lang='lat' dir='ltr'>ipsa</span> <span class='ocrx_word' id='word_1_174' title='bbox 2191 2409 2347 2465; x_wconf 90' lang='lat' dir='ltr'>emit.</span> <span class='ocrx_word' id='word_1_175' title='bbox 2430 2408 2545 2464; x_wconf 87' lang='lat' dir='ltr'>Pro</span> <span class='ocrx_word' id='word_1_176' title='bbox 2585 2425 2682 2466; x_wconf 90' lang='lat' dir='ltr'>ne·</span> 
     </span>
     <span class='ocr_line' id='line_1_20' title="bbox 504 2504 2682 2583; baseline 0 -22"><span class='ocrx_word' id='word_1_177' title='bbox 504 2505 767 2562; x_wconf 71' lang='lat' dir='ltr'>cessar-iis</span> <span class='ocrx_word' id='word_1_178' title='bbox 796 2504 865 2562; x_wconf 94' lang='lat' dir='ltr'>ad</span> <span class='ocrx_word' id='word_1_179' title='bbox 892 2506 1105 2564; x_wconf 88' lang='lat' dir='ltr'>victum</span> <span class='ocrx_word' id='word_1_180' title='bbox 1133 2517 1191 2565; x_wconf 90' lang='lat' dir='ltr'>et</span> <span class='ocrx_word' id='word_1_181' title='bbox 1224 2508 1294 2566; x_wconf 90' lang='lat' dir='ltr'>ad</span> <span class='ocrx_word' id='word_1_182' title='bbox 1332 2509 1631 2568; x_wconf 89' lang='lat' dir='ltr'>decentem</span> <span class='ocrx_word' id='word_1_183' title='bbox 1671 2507 2136 2565; x_wconf 88' lang='lat' dir='ltr'>sustentationem</span> <span class='ocrx_word' id='word_1_184' title='bbox 2181 2525 2411 2583; x_wconf 88' lang='lat' dir='ltr'>semper</span> <span class='ocrx_word' id='word_1_185' title='bbox 2450 2506 2682 2563; x_wconf 87' lang='lat' dir='ltr'>maritus</span> 
     </span>
     <span class='ocr_line' id='line_1_21' title="bbox 503 2604 2680 2682; baseline 0 -20"><span class='ocrx_word' id='word_1_186' title='bbox 503 2604 801 2664; x_wconf 85' lang='lat' dir='ltr'>devinctus</span> <span class='ocrx_word' id='word_1_187' title='bbox 830 2613 1068 2672; x_wconf 88' lang='lat' dir='ltr'>tenetur,</span> <span class='ocrx_word' id='word_1_188' title='bbox 1095 2606 1229 2665; x_wconf 88' lang='lat' dir='ltr'>licet</span> <span class='ocrx_word' id='word_1_189' title='bbox 1254 2607 1675 2674; x_wconf 88' lang='lat' dir='ltr'>contradixerit,</span> <span class='ocrx_word' id='word_1_190' title='bbox 1703 2615 1760 2664; x_wconf 90' lang='lat' dir='ltr'>et</span> <span class='ocrx_word' id='word_1_191' title='bbox 1784 2606 2011 2682; x_wconf 90' lang='lat' dir='ltr'>publice</span> <span class='ocrx_word' id='word_1_192' title='bbox 2051 2607 2336 2664; x_wconf 90' lang='lat' dir='ltr'>monuerit</span> <span class='ocrx_word' id='word_1_193' title='bbox 2359 2623 2580 2673; x_wconf 88' lang='lat' dir='ltr'>omnes,</span> <span class='ocrx_word' id='word_1_194' title='bbox 2609 2623 2680 2662; x_wconf 88' lang='lat' dir='ltr'>ne</span> 
     </span>
     <span class='ocr_line' id='line_1_22' title="bbox 502 2696 2682 2780; baseline -0.001 -18"><span class='ocrx_word' id='word_1_195' title='bbox 502 2704 717 2776; x_wconf 90' lang='lat' dir='ltr'>aliquid</span> <span class='ocrx_word' id='word_1_196' title='bbox 744 2723 851 2762; x_wconf 91' lang='lat' dir='ltr'>suo</span> <span class='ocrx_word' id='word_1_197' title='bbox 878 2705 1110 2762; x_wconf 88' lang='lat' dir='ltr'>nomine</span> <span class='ocrx_word' id='word_1_198' title='bbox 1136 2708 1305 2764; x_wconf 82' lang='lat' dir='ltr'>uxori</span> <span class='ocrx_word' id='word_1_199' title='bbox 1330 2696 1501 2765; x_wconf 89' lang='lat' dir='ltr'>dent:</span> <span class='ocrx_word' id='word_1_200' title='bbox 1531 2703 1845 2764; x_wconf 86' lang='lat' dir='ltr'>dummodo</span> <span class='ocrx_word' id='word_1_201' title='bbox 1871 2715 2060 2763; x_wconf 89' lang='lat' dir='ltr'>tamen</span> <span class='ocrx_word' id='word_1_202' title='bbox 2089 2705 2216 2780; x_wconf 89' lang='lat' dir='ltr'>ipsa</span> <span class='ocrx_word' id='word_1_203' title='bbox 2240 2723 2272 2761; x_wconf 90' lang='lat' dir='ltr'>e</span> <span class='ocrx_word' id='word_1_204' title='bbox 2292 2703 2466 2763; x_wconf 90' lang='lat' dir='ltr'>domo</span> <span class='ocrx_word' id='word_1_205' title='bbox 2493 2704 2682 2761; x_wconf 87' lang='lat' dir='ltr'>mariti</span> 
     </span>
     <span class='ocr_line' id='line_1_23' title="bbox 502 2802 2686 2879; baseline 0 -21"><span class='ocrx_word' id='word_1_206' title='bbox 502 2814 708 2877; x_wconf 90' lang='lat' dir='ltr'>sponte</span> <span class='ocrx_word' id='word_1_207' title='bbox 755 2824 871 2862; x_wconf 90' lang='lat' dir='ltr'>non</span> <span class='ocrx_word' id='word_1_208' title='bbox 917 2803 1261 2871; x_wconf 87' lang='lat' dir='ltr'>discesserit,</span> <span class='ocrx_word' id='word_1_209' title='bbox 1308 2823 1409 2862; x_wconf 88' lang='lat' dir='ltr'>seu</span> <span class='ocrx_word' id='word_1_210' title='bbox 1456 2823 1590 2862; x_wconf 79' lang='lat' dir='ltr'>cum</span> <span class='ocrx_word' id='word_1_211' title='bbox 1637 2804 1890 2861; x_wconf 88' lang='lat' dir='ltr'>adultero</span> <span class='ocrx_word' id='word_1_212' title='bbox 1936 2821 2038 2860; x_wconf 90' lang='lat' dir='ltr'>seu</span> <span class='ocrx_word' id='word_1_213' title='bbox 2085 2803 2222 2860; x_wconf 88' lang='lat' dir='ltr'>alias</span> <span class='ocrx_word' id='word_1_214' title='bbox 2267 2803 2480 2874; x_wconf 90' lang='lat' dir='ltr'>absque</span> <span class='ocrx_word' id='word_1_215' title='bbox 2525 2802 2686 2879; x_wconf 86' lang='lat' dir='ltr'>gravi</span> 
     </span>
     <span class='ocr_line' id='line_1_24' title="bbox 504 2898 2682 2977; baseline 0 -19"><span class='ocrx_word' id='word_1_216' title='bbox 504 2898 729 2958; x_wconf 85' lang='lat' dir='ltr'>causa.⁴</span> <span class='ocrx_word' id='word_1_217' title='bbox 807 2902 875 2960; x_wconf 89' lang='lat' dir='ltr'>In</span> <span class='ocrx_word' id='word_1_218' title='bbox 904 2900 1331 2977; x_wconf 85' lang='lat' dir='ltr'>Pennsylvania</span> <span class='ocrx_word' id='word_1_219' title='bbox 1358 2903 1600 2960; x_wconf 81' lang='lat' dir='ltr'>faeminae</span> <span class='ocrx_word' id='word_1_220' title='bbox 1630 2921 1754 2975; x_wconf 84' lang='lat' dir='ltr'>quoe</span> <span class='ocrx_word' id='word_1_221' title='bbox 1782 2921 1858 2960; x_wconf 83' lang='lat' dir='ltr'>ex</span> <span class='ocrx_word' id='word_1_222' title='bbox 1887 2902 2218 2960; x_wconf 78' lang='lat' dir='ltr'>maritorum</span> <span class='ocrx_word' id='word_1_223' title='bbox 2246 2920 2532 2960; x_wconf 88' lang='lat' dir='ltr'>consensu</span> <span class='ocrx_word' id='word_1_224' title='bbox 2559 2900 2682 2958; x_wconf 90' lang='lat' dir='ltr'>offi-</span> 
     </span>
     <span class='ocr_line' id='line_1_25' title="bbox 506 2999 2685 3068; baseline 0.001 -12"><span class='ocrx_word' id='word_1_225' title='bbox 506 3001 663 3056; x_wconf 90' lang='lat' dir='ltr'>cinas</span> <span class='ocrx_word' id='word_1_226' title='bbox 704 2999 933 3068; x_wconf 79' lang='lat' dir='ltr'>habent,</span> <span class='ocrx_word' id='word_1_227' title='bbox 976 3001 1193 3059; x_wconf 88' lang='lat' dir='ltr'>maritis</span> <span class='ocrx_word' id='word_1_228' title='bbox 1241 3001 1301 3058; x_wconf 92' lang='lat' dir='ltr'>in</span> <span class='ocrx_word' id='word_1_229' title='bbox 1347 3003 1493 3062; x_wconf 89' lang='lat' dir='ltr'>mari</span> <span class='ocrx_word' id='word_1_230' title='bbox 1536 3001 1911 3068; x_wconf 83' lang='lat' dir='ltr'>versantibus,</span> <span class='ocrx_word' id='word_1_231' title='bbox 1939 3001 2181 3059; x_wconf 81' lang='lat' dir='ltr'>faeminae</span> <span class='ocrx_word' id='word_1_232' title='bbox 2227 3000 2362 3058; x_wconf 83' lang='lat' dir='ltr'>solae</span> <span class='ocrx_word' id='word_1_233' title='bbox 2407 3001 2685 3058; x_wconf 89' lang='lat' dir='ltr'>habentur</span> 
     </span>
     <span class='ocr_line' id='line_1_26' title="bbox 508 3092 1437 3170; baseline 0.003 -15"><span class='ocrx_word' id='word_1_234' title='bbox 508 3098 693 3170; x_wconf 91' lang='lat' dir='ltr'>quoad</span> <span class='ocrx_word' id='word_1_235' title='bbox 720 3108 1102 3157; x_wconf 85' lang='lat' dir='ltr'>contractuum</span> <span class='ocrx_word' id='word_1_236' title='bbox 1131 3092 1437 3158; x_wconf 83' lang='lat' dir='ltr'>valorem.⁶</span> 
     </span>
    </p>
   </div>
   <div class='ocr_carea' id='block_1_3' title="bbox 497 3267 2683 4196">
    <p class='ocr_par' dir='ltr' id='par_1_3' title="bbox 500 3267 2680 3606">
     <span class='ocr_line' id='line_1_27' title="bbox 576 3267 2680 3352; baseline 0.002 -22"><span class='ocrx_word' id='word_1_237' title='bbox 576 3285 659 3349; x_wconf 92' lang='lat'>(1)</span> <span class='ocrx_word' id='word_1_238' title='bbox 699 3292 729 3315; x_wconf 76' lang='lat'>‘⁴</span> <span class='ocrx_word' id='word_1_239' title='bbox 745 3279 856 3332; x_wconf 84' lang='lat' dir='ltr'>The</span> <span class='ocrx_word' id='word_1_240' title='bbox 895 3300 985 3345; x_wconf 82' lang='lat' dir='ltr'>age</span> <span class='ocrx_word' id='word_1_241' title='bbox 1021 3285 1078 3333; x_wconf 72' lang='lat' dir='ltr'>of</span> <span class='ocrx_word' id='word_1_242' title='bbox 1096 3271 1411 3348; x_wconf 46' lang='lat' dir='ltr'>‘twenty-one</span> <span class='ocrx_word' id='word_1_243' title='bbox 1448 3285 1493 3334; x_wconf 89' lang='lat' dir='ltr'>is</span> <span class='ocrx_word' id='word_1_244' title='bbox 1536 3287 1765 3350; x_wconf 84' lang='lat' dir='ltr'>probably</span> <span class='ocrx_word' id='word_1_245' title='bbox 1799 3286 1886 3335; x_wconf 86' lang='lat' dir='ltr'>the</span> <span class='ocrx_word' id='word_1_246' title='bbox 1921 3267 2177 3352; x_wconf 80' lang='lat' dir='ltr'>periodos</span> <span class='ocrx_word' id='word_1_247' title='bbox 2212 3286 2425 3335; x_wconf 77' lang='lat' dir='ltr'>absolute</span> <span class='ocrx_word' id='word_1_248' title='bbox 2461 3286 2680 3352; x_wconf 82' lang='lat' dir='ltr'>majority</span> 
     </span>
     <span class='ocr_line' id='line_1_28' title="bbox 508 3368 2679 3432; baseline 0.002 -16"><span class='ocrx_word' id='word_1_249' title='bbox 508 3368 804 3430; x_wconf 85' lang='lat' dir='ltr'>throughout</span> <span class='ocrx_word' id='word_1_250' title='bbox 824 3369 907 3418; x_wconf 91' lang='lat' dir='ltr'>the</span> <span class='ocrx_word' id='word_1_251' title='bbox 929 3369 1111 3418; x_wconf 87' lang='lat' dir='ltr'>United</span> <span class='ocrx_word' id='word_1_252' title='bbox 1134 3369 1309 3429; x_wconf 78' lang='lat' dir='ltr'>states,</span> <span class='ocrx_word' id='word_1_253' title='bbox 1332 3371 1519 3432; x_wconf 88' lang='lat' dir='ltr'>though</span> <span class='ocrx_word' id='word_1_254' title='bbox 1542 3371 1717 3421; x_wconf 87' lang='lat' dir='ltr'>female</span> <span class='ocrx_word' id='word_1_255' title='bbox 1749 3372 1946 3431; x_wconf 75' lang='lat' dir='ltr'>infante,</span> <span class='ocrx_word' id='word_1_256' title='bbox 1969 3372 2021 3421; x_wconf 90' lang='lat' dir='ltr'>in</span> <span class='ocrx_word' id='word_1_257' title='bbox 2045 3387 2177 3421; x_wconf 89' lang='lat' dir='ltr'>some</span> <span class='ocrx_word' id='word_1_258' title='bbox 2199 3372 2257 3420; x_wconf 86' lang='lat' dir='ltr'>of</span> <span class='ocrx_word' id='word_1_259' title='bbox 2270 3371 2418 3431; x_wconf 90' lang='lat' dir='ltr'>them,</span> <span class='ocrx_word' id='word_1_260' title='bbox 2451 3371 2576 3420; x_wconf 85' lang='lat' dir='ltr'>have</span> <span class='ocrx_word' id='word_1_261' title='bbox 2597 3387 2679 3420; x_wconf 89' lang='lat' dir='ltr'>en-</span> 
     </span>
     <span class='ocr_line' id='line_1_29' title="bbox 500 3452 2680 3520; baseline 0.001 -18"><span class='ocrx_word' id='word_1_262' title='bbox 500 3452 665 3514; x_wconf 82' lang='lat' dir='ltr'>larged</span> <span class='ocrx_word' id='word_1_263' title='bbox 699 3453 915 3516; x_wconf 82' lang='lat' dir='ltr'>capacity</span> <span class='ocrx_word' id='word_1_264' title='bbox 938 3461 989 3502; x_wconf 92' lang='lat' dir='ltr'>to</span> <span class='ocrx_word' id='word_1_265' title='bbox 1012 3461 1089 3503; x_wconf 86' lang='lat' dir='ltr'>act</span> <span class='ocrx_word' id='word_1_266' title='bbox 1111 3461 1161 3504; x_wconf 84' lang='lat' dir='ltr'>at</span> <span class='ocrx_word' id='word_1_267' title='bbox 1182 3455 1265 3503; x_wconf 86' lang='lat' dir='ltr'>the</span> <span class='ocrx_word' id='word_1_268' title='bbox 1289 3471 1378 3516; x_wconf 82' lang='lat' dir='ltr'>age</span> <span class='ocrx_word' id='word_1_269' title='bbox 1400 3455 1457 3504; x_wconf 88' lang='lat' dir='ltr'>of</span> <span class='ocrx_word' id='word_1_270' title='bbox 1482 3455 1739 3516; x_wconf 63' lang='lat' dir='ltr'>eighteen?</span> <span class='ocrx_word' id='word_1_271' title='bbox 1823 3456 1999 3507; x_wconf 75' lang='lat' dir='ltr'>Kent’s</span> <span class='ocrx_word' id='word_1_272' title='bbox 2027 3457 2224 3508; x_wconf 85' lang='lat' dir='ltr'>C&#39;omm.</span> <span class='ocrx_word' id='word_1_273' title='bbox 2245 3456 2340 3505; x_wconf 86' lang='lat' dir='ltr'>vol.</span> <span class='ocrx_word' id='word_1_274' title='bbox 2363 3456 2414 3505; x_wconf 89' lang='lat' dir='ltr'>ii.</span> <span class='ocrx_word' id='word_1_275' title='bbox 2436 3471 2485 3520; x_wconf 91' lang='lat' dir='ltr'>p.</span> <span class='ocrx_word' id='word_1_276' title='bbox 2507 3456 2571 3504; x_wconf 83' lang='lat' dir='ltr'>iv.</span> <span class='ocrx_word' id='word_1_277' title='bbox 2593 3457 2680 3504; x_wconf 87' lang='lat' dir='ltr'>lec.</span> 
     </span>
     <span class='ocr_line' id='line_1_30' title="bbox 502 3539 767 3606; baseline -0.011 -18"><span class='ocrx_word' id='word_1_278' title='bbox 502 3539 640 3588; x_wconf 82' lang='lat' dir='ltr'>xxxi.</span> <span class='ocrx_word' id='word_1_279' title='bbox 668 3541 690 3602; x_wconf 93' lang='lat'>(</span> <span class='ocrx_word' id='word_1_280' title='bbox 700 3541 767 3606; x_wconf 91' lang='lat' dir='ltr'>l.)</span> 
     </span>
    </p>

    <p class='ocr_par' dir='ltr' id='par_1_4' title="bbox 497 3625 2683 4196">
     <span class='ocr_line' id='line_1_31' title="bbox 574 3625 2680 3691; baseline 0 -18"><span class='ocrx_word' id='word_1_281' title='bbox 574 3626 659 3691; x_wconf 83' lang='lat'>(2)</span> <span class='ocrx_word' id='word_1_282' title='bbox 698 3634 727 3657; x_wconf 89' lang='lat'><strong><em>“</em></strong></span> <span class='ocrx_word' id='word_1_283' title='bbox 746 3627 794 3673; x_wconf 91' lang='lat' dir='ltr'>A</span> <span class='ocrx_word' id='word_1_284' title='bbox 812 3626 923 3675; x_wconf 87' lang='lat' dir='ltr'>wife</span> <span class='ocrx_word' id='word_1_285' title='bbox 938 3625 990 3674; x_wconf 90' lang='lat' dir='ltr'>in</span> <span class='ocrx_word' id='word_1_286' title='bbox 1008 3625 1253 3688; x_wconf 84' lang='lat' dir='ltr'>England,</span> <span class='ocrx_word' id='word_1_287' title='bbox 1278 3626 1374 3675; x_wconf 82' lang='lat' dir='ltr'>and</span> <span class='ocrx_word' id='word_1_288' title='bbox 1397 3627 1451 3676; x_wconf 90' lang='lat' dir='ltr'>in</span> <span class='ocrx_word' id='word_1_289' title='bbox 1472 3627 1610 3674; x_wconf 87' lang='lat' dir='ltr'>those</span> <span class='ocrx_word' id='word_1_290' title='bbox 1633 3626 1793 3674; x_wconf 85' lang='lat' dir='ltr'>States</span> <span class='ocrx_word' id='word_1_291' title='bbox 1807 3627 1860 3676; x_wconf 91' lang='lat' dir='ltr'>in</span> <span class='ocrx_word' id='word_1_292' title='bbox 1883 3627 1980 3676; x_wconf 86' lang='lat' dir='ltr'>this</span> <span class='ocrx_word' id='word_1_293' title='bbox 2002 3635 2206 3691; x_wconf 79' lang='lat' dir='ltr'>country</span> <span class='ocrx_word' id='word_1_294' title='bbox 2221 3627 2382 3676; x_wconf 88' lang='lat' dir='ltr'>where</span> <span class='ocrx_word' id='word_1_295' title='bbox 2402 3626 2526 3676; x_wconf 85' lang='lat' dir='ltr'>fines</span> <span class='ocrx_word' id='word_1_296' title='bbox 2541 3625 2680 3685; x_wconf 87' lang='lat' dir='ltr'>exist,</span> 
     </span>
     <span class='ocr_line' id='line_1_32' title="bbox 504 3710 2683 3776; baseline 0 -17"><span class='ocrx_word' id='word_1_297' title='bbox 504 3727 616 3774; x_wconf 85' lang='lat' dir='ltr'>may</span> <span class='ocrx_word' id='word_1_298' title='bbox 638 3727 751 3775; x_wconf 86' lang='lat' dir='ltr'>pass</span> <span class='ocrx_word' id='word_1_299' title='bbox 772 3710 858 3760; x_wconf 90' lang='lat' dir='ltr'>her</span> <span class='ocrx_word' id='word_1_300' title='bbox 879 3711 1091 3761; x_wconf 83' lang='lat' dir='ltr'>frechold</span> <span class='ocrx_word' id='word_1_301' title='bbox 1112 3719 1260 3761; x_wconf 86' lang='lat' dir='ltr'>estate</span> <span class='ocrx_word' id='word_1_302' title='bbox 1282 3713 1347 3775; x_wconf 89' lang='lat' dir='ltr'>by</span> <span class='ocrx_word' id='word_1_303' title='bbox 1370 3728 1401 3760; x_wconf 88' lang='lat' dir='ltr'>a</span> <span class='ocrx_word' id='word_1_304' title='bbox 1420 3712 1535 3771; x_wconf 86' lang='lat' dir='ltr'>fine,</span> <span class='ocrx_word' id='word_1_305' title='bbox 1557 3711 1655 3761; x_wconf 89' lang='lat' dir='ltr'>and</span> <span class='ocrx_word' id='word_1_306' title='bbox 1675 3713 1772 3760; x_wconf 90' lang='lat' dir='ltr'>this</span> <span class='ocrx_word' id='word_1_307' title='bbox 1800 3712 1897 3760; x_wconf 88' lang='lat' dir='ltr'>and</span> <span class='ocrx_word' id='word_1_308' title='bbox 1915 3729 1944 3761; x_wconf 90' lang='lat' dir='ltr'>a</span> <span class='ocrx_word' id='word_1_309' title='bbox 1965 3728 2190 3762; x_wconf 85' lang='lat' dir='ltr'>common</span> <span class='ocrx_word' id='word_1_310' title='bbox 2207 3728 2430 3776; x_wconf 85' lang='lat' dir='ltr'>recovery</span> <span class='ocrx_word' id='word_1_311' title='bbox 2451 3727 2578 3760; x_wconf 87' lang='lat' dir='ltr'>were</span> <span class='ocrx_word' id='word_1_312' title='bbox 2600 3711 2683 3760; x_wconf 89' lang='lat' dir='ltr'>the</span> 
     </span>
     <span class='ocr_line' id='line_1_33' title="bbox 501 3794 2678 3860; baseline 0.001 -18"><span class='ocrx_word' id='word_1_313' title='bbox 501 3795 616 3856; x_wconf 86' lang='lat' dir='ltr'>only</span> <span class='ocrx_word' id='word_1_314' title='bbox 638 3811 774 3858; x_wconf 83' lang='lat' dir='ltr'>ways</span> <span class='ocrx_word' id='word_1_315' title='bbox 795 3796 848 3844; x_wconf 89' lang='lat' dir='ltr'>in</span> <span class='ocrx_word' id='word_1_316' title='bbox 869 3796 1033 3846; x_wconf 86' lang='lat' dir='ltr'>which</span> <span class='ocrx_word' id='word_1_317' title='bbox 1055 3796 1141 3845; x_wconf 88' lang='lat' dir='ltr'>she</span> <span class='ocrx_word' id='word_1_318' title='bbox 1164 3796 1320 3856; x_wconf 92' lang='lat' dir='ltr'>could,</span> <span class='ocrx_word' id='word_1_319' title='bbox 1343 3803 1393 3845; x_wconf 89' lang='lat' dir='ltr'>at</span> <span class='ocrx_word' id='word_1_320' title='bbox 1409 3813 1635 3846; x_wconf 90' lang='lat' dir='ltr'>common</span> <span class='ocrx_word' id='word_1_321' title='bbox 1658 3797 1767 3855; x_wconf 79' lang='lat' dir='ltr'>laW,</span> <span class='ocrx_word' id='word_1_322' title='bbox 1790 3813 1975 3860; x_wconf 83' lang='lat' dir='ltr'>convey</span> <span class='ocrx_word' id='word_1_323' title='bbox 1997 3797 2083 3846; x_wconf 90' lang='lat' dir='ltr'>her</span> <span class='ocrx_word' id='word_1_324' title='bbox 2103 3797 2201 3846; x_wconf 81' lang='lat' dir='ltr'>real</span> <span class='ocrx_word' id='word_1_325' title='bbox 2223 3794 2416 3846; x_wconf 61' lang='lat' dir='ltr'>estatess’</span> <span class='ocrx_word' id='word_1_326' title='bbox 2473 3795 2678 3854; x_wconf 79' lang='lat' dir='ltr'>Ibidem,</span> 
     </span>
     <span class='ocr_line' id='line_1_34' title="bbox 500 3879 2679 3947; baseline 0.001 -21"><span class='ocrx_word' id='word_1_327' title='bbox 500 3879 587 3926; x_wconf 85' lang='lat' dir='ltr'>lec.</span> <span class='ocrx_word' id='word_1_328' title='bbox 611 3879 779 3927; x_wconf 83' lang='lat' dir='ltr'>xxviii.</span> <span class='ocrx_word' id='word_1_329' title='bbox 802 3879 868 3927; x_wconf 87' lang='lat' dir='ltr'>iii.</span> <span class='ocrx_word' id='word_1_330' title='bbox 897 3881 996 3947; x_wconf 92' lang='lat'>(1.)</span> <span class='ocrx_word' id='word_1_331' title='bbox 1048 3890 1076 3913; x_wconf 89' lang='lat'><strong>“</strong></span> <span class='ocrx_word' id='word_1_332' title='bbox 1096 3879 1197 3930; x_wconf 74' lang='lat' dir='ltr'>&#39;We</span> <span class='ocrx_word' id='word_1_333' title='bbox 1220 3898 1333 3945; x_wconf 86' lang='lat' dir='ltr'>may</span> <span class='ocrx_word' id='word_1_334' title='bbox 1357 3882 1592 3932; x_wconf 87' lang='lat' dir='ltr'>conclude</span> <span class='ocrx_word' id='word_1_335' title='bbox 1614 3882 1697 3930; x_wconf 91' lang='lat' dir='ltr'>the</span> <span class='ocrx_word' id='word_1_336' title='bbox 1719 3883 1910 3944; x_wconf 83' lang='lat' dir='ltr'>general</span> <span class='ocrx_word' id='word_1_337' title='bbox 1932 3883 2035 3931; x_wconf 91' lang='lat' dir='ltr'>rule</span> <span class='ocrx_word' id='word_1_338' title='bbox 2056 3887 2107 3930; x_wconf 83' lang='lat' dir='ltr'>to</span> <span class='ocrx_word' id='word_1_339' title='bbox 2129 3883 2188 3930; x_wconf 87' lang='lat' dir='ltr'>be</span> <span class='ocrx_word' id='word_1_340' title='bbox 2211 3882 2315 3932; x_wconf 88' lang='lat' dir='ltr'>that</span> <span class='ocrx_word' id='word_1_341' title='bbox 2337 3881 2419 3930; x_wconf 87' lang='lat' dir='ltr'>the</span> <span class='ocrx_word' id='word_1_342' title='bbox 2435 3881 2545 3931; x_wconf 86' lang='lat' dir='ltr'>wife</span> <span class='ocrx_word' id='word_1_343' title='bbox 2567 3897 2679 3943; x_wconf 90' lang='lat' dir='ltr'>may</span> 
     </span>
     <span class='ocr_line' id='line_1_35' title="bbox 500 3962 2678 4031; baseline 0.001 -21"><span class='ocrx_word' id='word_1_344' title='bbox 500 3978 686 4025; x_wconf 82' lang='lat' dir='ltr'>convey</span> <span class='ocrx_word' id='word_1_345' title='bbox 701 3964 764 4026; x_wconf 91' lang='lat' dir='ltr'>by</span> <span class='ocrx_word' id='word_1_346' title='bbox 782 3962 900 4011; x_wconf 89' lang='lat' dir='ltr'>deed</span> <span class='ocrx_word' id='word_1_347' title='bbox 916 3981 930 4022; x_wconf 77' lang='grc' dir='ltr'><strong>ς</strong></span> <span class='ocrx_word' id='word_1_348' title='bbox 953 3964 1057 4012; x_wconf 89' lang='lat' dir='ltr'>that</span> <span class='ocrx_word' id='word_1_349' title='bbox 1070 3965 1157 4014; x_wconf 88' lang='lat' dir='ltr'>she</span> <span class='ocrx_word' id='word_1_350' title='bbox 1173 3973 1305 4015; x_wconf 90' lang='lat' dir='ltr'>must</span> <span class='ocrx_word' id='word_1_351' title='bbox 1317 3969 1378 4015; x_wconf 92' lang='lat' dir='ltr'>be</span> <span class='ocrx_word' id='word_1_352' title='bbox 1390 3967 1625 4031; x_wconf 85' lang='lat' dir='ltr'>privately</span> <span class='ocrx_word' id='word_1_353' title='bbox 1641 3966 1897 4016; x_wconf 84' lang='lat' dir='ltr'>examined</span> <span class='ocrx_word' id='word_1_354' title='bbox 1913 3983 1926 4025; x_wconf 89' lang='lat'><strong>;</strong></span> <span class='ocrx_word' id='word_1_355' title='bbox 1942 3966 2046 4014; x_wconf 84' lang='lat' dir='ltr'>that</span> <span class='ocrx_word' id='word_1_356' title='bbox 2062 3966 2144 4016; x_wconf 90' lang='lat' dir='ltr'>the</span> <span class='ocrx_word' id='word_1_357' title='bbox 2157 3967 2382 4017; x_wconf 87' lang='lat' dir='ltr'>husband</span> <span class='ocrx_word' id='word_1_358' title='bbox 2397 3973 2526 4015; x_wconf 89' lang='lat' dir='ltr'>must</span> <span class='ocrx_word' id='word_1_359' title='bbox 2543 3966 2678 4014; x_wconf 89' lang='lat' dir='ltr'>show</span> 
     </span>
     <span class='ocr_line' id='line_1_36' title="bbox 500 4047 2681 4118; baseline 0.001 -22"><span class='ocrx_word' id='word_1_360' title='bbox 500 4047 578 4096; x_wconf 89' lang='lat' dir='ltr'>his</span> <span class='ocrx_word' id='word_1_361' title='bbox 599 4062 918 4097; x_wconf 83' lang='lat' dir='ltr'>concurrence</span> <span class='ocrx_word' id='word_1_362' title='bbox 940 4056 991 4096; x_wconf 93' lang='lat' dir='ltr'>to</span> <span class='ocrx_word' id='word_1_363' title='bbox 1012 4050 1095 4097; x_wconf 90' lang='lat' dir='ltr'>the</span> <span class='ocrx_word' id='word_1_364' title='bbox 1118 4049 1270 4098; x_wconf 85' lang='lat' dir='ltr'>wife’s</span> <span class='ocrx_word' id='word_1_365' title='bbox 1304 4067 1611 4116; x_wconf 84' lang='lat' dir='ltr'>conveyance</span> <span class='ocrx_word' id='word_1_366' title='bbox 1632 4054 1697 4116; x_wconf 89' lang='lat' dir='ltr'>by</span> <span class='ocrx_word' id='word_1_367' title='bbox 1723 4052 1980 4113; x_wconf 80' lang='lat' dir='ltr'>becoming</span> <span class='ocrx_word' id='word_1_368' title='bbox 2001 4069 2030 4101; x_wconf 89' lang='lat' dir='ltr'>a</span> <span class='ocrx_word' id='word_1_369' title='bbox 2049 4058 2189 4118; x_wconf 87' lang='lat' dir='ltr'>party</span> <span class='ocrx_word' id='word_1_370' title='bbox 2213 4059 2263 4100; x_wconf 87' lang='lat' dir='ltr'>to</span> <span class='ocrx_word' id='word_1_371' title='bbox 2285 4052 2367 4101; x_wconf 88' lang='lat' dir='ltr'>the</span> <span class='ocrx_word' id='word_1_372' title='bbox 2389 4050 2540 4109; x_wconf 83' lang='lat' dir='ltr'>deed3</span> <span class='ocrx_word' id='word_1_373' title='bbox 2584 4049 2681 4100; x_wconf 81' lang='lat' dir='ltr'>and</span> 
     </span>
     <span class='ocr_line' id='line_1_37' title="bbox 497 4133 2680 4196; baseline -0 -11"><span class='ocrx_word' id='word_1_374' title='bbox 497 4135 605 4185; x_wconf 86' lang='lat' dir='ltr'>that</span> <span class='ocrx_word' id='word_1_375' title='bbox 626 4133 709 4183; x_wconf 85' lang='lat' dir='ltr'>the</span> <span class='ocrx_word' id='word_1_376' title='bbox 743 4151 877 4183; x_wconf 88' lang='lat' dir='ltr'>cases</span> <span class='ocrx_word' id='word_1_377' title='bbox 897 4135 951 4184; x_wconf 90' lang='lat' dir='ltr'>in</span> <span class='ocrx_word' id='word_1_378' title='bbox 973 4135 1135 4185; x_wconf 83' lang='lat' dir='ltr'>which</span> <span class='ocrx_word' id='word_1_379' title='bbox 1170 4135 1257 4184; x_wconf 89' lang='lat' dir='ltr'>her</span> <span class='ocrx_word' id='word_1_380' title='bbox 1289 4136 1409 4185; x_wconf 89' lang='lat' dir='ltr'>deed</span> <span class='ocrx_word' id='word_1_381' title='bbox 1435 4137 1644 4187; x_wconf 86' lang='lat' dir='ltr'>without</span> <span class='ocrx_word' id='word_1_382' title='bbox 1674 4138 1796 4188; x_wconf 89' lang='lat' dir='ltr'>such</span> <span class='ocrx_word' id='word_1_383' title='bbox 1836 4154 2158 4188; x_wconf 85' lang='lat' dir='ltr'>concurrence</span> <span class='ocrx_word' id='word_1_384' title='bbox 2180 4137 2222 4186; x_wconf 89' lang='lat' dir='ltr'>is</span> <span class='ocrx_word' id='word_1_385' title='bbox 2245 4137 2387 4196; x_wconf 67' lang='lat' dir='ltr'>rand,</span> <span class='ocrx_word' id='word_1_386' title='bbox 2423 4152 2502 4186; x_wconf 86' lang='lat' dir='ltr'>are</span> <span class='ocrx_word' id='word_1_387' title='bbox 2536 4143 2587 4184; x_wconf 88' lang='lat' dir='ltr'>to</span> <span class='ocrx_word' id='word_1_388' title='bbox 2619 4137 2680 4184; x_wconf 91' lang='lat' dir='ltr'>be</span> 
     </span>
    </p>
   </div>
   <div class='ocr_carea' id='block_1_4' title="bbox 419 4220 2107 4293">
    <p class='ocr_par' dir='ltr' id='par_1_5' title="bbox 419 4220 2107 4293">
     <span class='ocr_line' id='line_1_38' title="bbox 419 4220 2107 4293; baseline 0.001 -22"><span class='ocrx_word' id='word_1_389' title='bbox 419 4287 426 4293; x_wconf 36' lang='lat'><strong>·</strong></span> <span class='ocrx_word' id='word_1_390' title='bbox 497 4220 774 4272; x_wconf 86' lang='lat' dir='ltr'>considered</span> <span class='ocrx_word' id='word_1_391' title='bbox 796 4236 850 4269; x_wconf 86' lang='lat' dir='ltr'>as</span> <span class='ocrx_word' id='word_1_392' title='bbox 870 4222 1149 4285; x_wconf 85' lang='lat' dir='ltr'>exceptions</span> <span class='ocrx_word' id='word_1_393' title='bbox 1172 4230 1221 4270; x_wconf 91' lang='lat' dir='ltr'>to</span> <span class='ocrx_word' id='word_1_394' title='bbox 1244 4223 1326 4271; x_wconf 91' lang='lat' dir='ltr'>the</span> <span class='ocrx_word' id='word_1_395' title='bbox 1350 4225 1542 4284; x_wconf 80' lang='lat' dir='ltr'>general</span> <span class='ocrx_word' id='word_1_396' title='bbox 1563 4223 1714 4274; x_wconf 90' lang='lat' dir='ltr'>rule.’&#39;</span> <span class='ocrx_word' id='word_1_397' title='bbox 1785 4225 1969 4275; x_wconf 81' lang='lat' dir='ltr'>Ibidem</span> <span class='ocrx_word' id='word_1_398' title='bbox 1998 4227 2107 4273; x_wconf 87' lang='lat'>154.</span> 
     </span>
    </p>
   </div>
   <div class='ocr_carea' id='block_1_5' title="bbox 567 4304 2004 4541">
    <p class='ocr_par' dir='ltr' id='par_1_6' title="bbox 567 4304 2004 4541">
     <span class='ocr_line' id='line_1_39' title="bbox 571 4304 1170 4373; baseline 0 -19"><span class='ocrx_word' id='word_1_399' title='bbox 571 4308 655 4373; x_wconf 82' lang='lat'>(3)</span> <span class='ocrx_word' id='word_1_400' title='bbox 695 4304 894 4364; x_wconf 80' lang='lat' dir='ltr'>Ibidem,</span> <span class='ocrx_word' id='word_1_401' title='bbox 922 4308 1031 4366; x_wconf 89' lang='lat'>166,</span> <span class='ocrx_word' id='word_1_402' title='bbox 1060 4309 1170 4354; x_wconf 84' lang='lat'>167.</span> 
     </span>
     <span class='ocr_line' id='line_1_40' title="bbox 567 4388 1226 4458; baseline 0 -20"><span class='ocrx_word' id='word_1_403' title='bbox 567 4392 652 4458; x_wconf 89' lang='lat'>(4)</span> <span class='ocrx_word' id='word_1_404' title='bbox 691 4388 889 4448; x_wconf 77' lang='lat' dir='ltr'>Ibidem,</span> <span class='ocrx_word' id='word_1_405' title='bbox 906 4389 955 4438; x_wconf 85' lang='lat' dir='ltr'>ii.</span> <span class='ocrx_word' id='word_1_406' title='bbox 985 4391 1083 4456; x_wconf 79' lang='lat'>(2.)</span> <span class='ocrx_word' id='word_1_407' title='bbox 1117 4391 1226 4438; x_wconf 87' lang='lat'>148.</span> 
     </span>
     <span class='ocr_line' id='line_1_41' title="bbox 571 4473 2004 4541; baseline 0.002 -19"><span class='ocrx_word' id='word_1_408' title='bbox 571 4478 654 4541; x_wconf 85' lang='lat'>(5)</span> <span class='ocrx_word' id='word_1_409' title='bbox 700 4473 821 4524; x_wconf 82' lang='lat' dir='ltr'>Vide</span> <span class='ocrx_word' id='word_1_410' title='bbox 844 4473 1084 4526; x_wconf 88' lang='lat' dir='ltr'>Purdonis</span> <span class='ocrx_word' id='word_1_411' title='bbox 1110 4474 1365 4536; x_wconf 82' lang='lat' dir='ltr'>digestum,</span> <span class='ocrx_word' id='word_1_412' title='bbox 1387 4479 1483 4526; x_wconf 81' lang='lat' dir='ltr'>art.</span> <span class='ocrx_word' id='word_1_413' title='bbox 1508 4477 1660 4526; x_wconf 82' lang='lat' dir='ltr'>Feme</span> <span class='ocrx_word' id='word_1_414' title='bbox 1681 4475 1777 4528; x_wconf 74' lang='lat' dir='ltr'>sole</span> <span class='ocrx_word' id='word_1_415' title='bbox 1791 4476 2004 4528; x_wconf 72' lang='lat' dir='ltr'>‘trader-s.</span> 
     </span>
    </p>
   </div>
  </div>
 </body>
</html>
