3117 5217
1218 574 1334 635 DE
1379 574 1827 635 CENSURIS.
2490 579 2609 635 363

431 740 567 815 pulo
593 740 652 798 in
679 742 922 801 ecclesia
945 733 1204 801 sufficit.³
1229 750 1234 755 “
1287 742 1352 801 Si
1379 742 1450 799 de
1477 744 1881 802 communitate
1904 741 2167 817 quadam,
2190 742 2605 815 delinquentes,

433 856 674 911 quorum
701 852 872 901 causa
897 860 1136 900 censura
1161 842 1484 909 intentatur,
1513 852 1649 901 sunt
1672 843 1963 920 sigillatim
1989 841 2280 900 monendi.
2368 842 2511 900 Haec
2538 842 2611 901 ad

434 942 1084 1000 excommunicationem
1115 942 1417 1017 pertinent,
1459 959 1586 1012 quae
1622 943 1793 999 etiam
1831 944 1893 1001 in
1922 942 2305 1017 suspensione
2344 953 2403 998 et
2442 944 2611 999 inter-

433 1034 584 1095 dicto
608 1058 836 1099 servare
863 1051 1107 1117 oportet,
1137 1043 1357 1110 quoties
1385 1057 1637 1099 censurae
1665 1042 1783 1098 vim
1810 1041 2095 1099 obtinent:
2142 1042 2394 1101 feruntur
2420 1042 2608 1101 tamen

432 1135 736 1208 aliquando
757 1158 946 1215 poenae
975 1142 1168 1205 instar,
1197 1139 1266 1196 ad
1295 1158 1454 1199 reum
1481 1140 1556 1197 ob
1582 1138 1853 1197 delictum
1873 1139 2185 1198 admissum
2206 1140 2567 1217 plectendum
2594 1160 2614 1209 ς

433 1250 548 1304 quo
576 1254 710 1295 casu
738 1240 978 1299 monitio
1003 1257 1120 1295 non
1145 1240 1469 1310 requiritur.

513 1338 610 1391 39.
674 1335 937 1395 Censura
977 1338 1144 1395 debet
1168 1336 1296 1395 ferri
1337 1341 1571 1413 scripto,
1598 1347 1656 1395 et
1694 1356 1867 1396 causa
1890 1338 2160 1413 exprimi,
2189 1349 2247 1395 et
2280 1339 2611 1414 exemplum

437 1432 728 1507 scripturae
762 1454 860 1493 reo
905 1436 1045 1503 dari,
1077 1438 1129 1495 si
1171 1449 1329 1513 petat
1363 1439 1504 1496 intra
1533 1454 1792 1495 mensem
1830 1438 1899 1494 ab
1940 1456 2009 1494 ea
2051 1438 2195 1495 lata:
2281 1436 2613 1509 “Quisquis

437 1529 607 1605 igitur
625 1535 1152 1608 excommunicat‚”
1176 1537 1360 1609 inquit
1379 1514 1749 1595 Innocentius
1770 1536 1879 1594 IV.
1907 1544 1947 1571 “
1964 1536 2613 1595 excommunicationem
2692 1576 2695 1579 ·

436 1628 494 1685 in
522 1632 750 1707 scriptis
777 1635 1043 1709 proferat,
1073 1644 1130 1692 et
1155 1655 1385 1693 causam
1425 1636 2032 1694 excommunicationis
2068 1652 2339 1711 expresse
2368 1628 2615 1692 conseri·

436 1727 548 1793 bat,
597 1743 830 1807 propter
867 1753 1037 1805 quam
1079 1736 1595 1793 excommunicatio
1648 1734 1983 1810 proferatur.
2068 1733 2424 1809 Exemplum
2476 1733 2611 1792 vero

434 1821 762 1901 hujusmodi
790 1810 1080 1907 scripturae
1110 1844 1362 1891 teneatur
1386 1835 1881 1891 excommunicato
1910 1831 2125 1890 tradere
2152 1834 2295 1892 intra
2324 1850 2602 1899 mensem,

434 1925 484 1981 si
511 1924 678 1984 fuerit
702 1931 1026 2001 requisitus,
1060 1972 1075 1987 .
1109 1972 1124 1987 .
1157 1972 1172 1988 .
1259 1932 1341 1989 Et
1369 1932 1488 1989 haec
1515 1932 1717 1989 eadem
1744 1934 1804 1989 in
1830 1934 2227 2007 suspensionis
2246 1941 2305 1989 et
2329 1932 2613 1989 interdicti

435 2027 727 2083 sententiis
767 2028 1031 2086 volumus
1075 2025 1462 2088 observari.’'²
1543 2029 1855 2099 Caeterum,
1912 2050 2088 2103 quum
2140 2033 2199 2089 in
2251 2030 2357 2087 hac
2384 2031 2615 2107 regione

432 2120 922 2206 lites-intententur
935 2128 1240 2199 aliquando
1267 2130 1538 2203 episcopo
1566 2148 1835 2187 censuras
1858 2130 2079 2196 ferenti,
2102 2148 2301 2187 cavere
2332 2129 2529 2197 debet,
2540 2114 2613 2188 ne

438 2221 574 2293 quid
601 2225 814 2299 scripto
857 2226 1053 2294 tradat,
1097 2227 1249 2298 quod
1285 2228 1468 2301 possit
1495 2229 1705 2286 actioni
1746 2228 1901 2285 civili
1945 2230 2195 2304 praebere
2226 2230 2611 2299 occasionem,

441 2321 532 2377 vel
574 2323 726 2391 quod
773 2324 910 2383 alias
958 2326 1016 2383 in
1063 2318 1382 2401 Religionis
1419 2326 1819 2388 detrimentum
1856 2326 2051 2395 cedat;
2100 2327 2203 2385 sed
2246 2346 2362 2384 non
2398 2327 2619 2387 videtur

442 2418 562 2477 dari
602 2422 751 2478 actio
788 2423 995 2491 civilis,
1024 2425 1076 2482 si
1103 2443 1202 2481 reo
1243 2426 1459 2499 petenti
1487 2444 1659 2485 causa
1685 2427 1743 2485 in
1778 2425 1998 2503 judicio
2024 2428 2255 2502 probata
2280 2440 2619 2503 exponatur,

437 2536 604 2577 secus
631 2522 682 2579 si
709 2523 1016 2598 episcopus
1043 2525 1426 2581 eommunicet
1441 2524 1723 2600 judicium
1751 2526 1898 2592 aliis,
1928 2514 2172 2597 quorum
2210 2545 2328 2583 non
2362 2528 2613 2585 interest.

969 2804 1021 2883 §.
1065 2804 1204 2862 VII.
1288 2804 1440 2871 Qum
1470 2822 1751 2861 VALEANT
1778 2819 2090 2861 cENsURAE.

523 3020 622 3075 40.
653 3016 914 3075 Censura
935 3036 1050 3077 non
1077 3019 1247 3087 valet,
1276 3020 1326 3077 si
1354 3018 1669 3096 proferatur
1694 3018 1763 3075 ab
1790 3036 1881 3084 eo,
1910 3018 2009 3089 qui
2036 3024 2189 3075 caret
2204 3016 2623 3092 jurisdictione.

443 3114 600 3173 Hinc
620 3118 948 3193 episcopus,
971 3118 1070 3189 qui
1087 3117 1310 3193 judicio
1339 3116 1635 3175 Pontificis
1654 3117 2247 3175 excommunicatione
2268 3115 2358 3173 vel
2383 3134 2623 3190 suspen-

441 3215 602 3273 sione
629 3214 836 3298 ligatus
865 3227 970 3285 est,
998 3216 1088 3275 vel
1116 3220 1216 3289 qui
1243 3217 1531 3275 haereseos
1573 3216 1971 3275 schismatisve
1993 3234 2126 3273 reus
2166 3214 2619 3284 declaratus-est,

441 3316 640 3387 nequit
675 3335 974 3374 censuram
1005 3312 1217 3373 serrez³
1249 3316 1352 3375 sed
1389 3317 1575 3375 donec
1614 3316 1978 3389 denuntiatus
2018 3315 2205 3381 fuerit,
2244 3333 2362 3373 non
2402 3314 2625 3374 videtur

434 3387 830 3491 j‘urisdictione
881 3416 1180 3490 spoliatus,
1235 3415 1506 3487 quamdiu
1568 3424 1769 3490 peccet
1816 3433 1885 3471 ea
1934 3413 2273 3471 exercenda.
2357 3413 2623 3471 Vicat-ius

441 3514 700 3588 episcopi
725 3532 966 3571 censura
990 3512 1150 3590 ligati
1175 3515 1374 3585 nequit
1397 3532 1699 3571 censuram
1728 3506 2055 3579 ferre,'nam
2082 3530 2199 3569 non
2226 3512 2343 3587 agit
2362 3511 2470 3568 nisi
2498 3512 2624 3588 ejus
2640 3490 2658 3507 ⁶

445 3610 700 3669 nomine.
1874 3606 1882 3609 ⁴
2034 3615 2042 3622 “’
2265 3685 2269 3689 1
2514 3668 2521 3677 ,
2592 3678 2603 3689 ⁴

460 3742 469 3750 -
521 3712 622 3766 41.
667 3705 804 3767 Non
831 3708 1022 3767 valent
1045 3726 1299 3769 censurae
1326 3710 1386 3767 in
1413 3708 1727 3785 Regulares
1754 3708 1901 3776 latae,
1932 3708 2035 3779 qui·
2058 3707 2293 3783 speciali
2321 3689 2625 3784 privilegio

437 3808 820 3885 jurisdictioni
847 3808 1106 3887 episcopi
1133 3810 1401 3868 subtracti
1429 3818 1602 3875 sunt;
1645 3826 1791 3879 quos
1828 3806 2041 3866 idcirco
2084 3824 2255 3884 poena
2293 3806 2628 3884 hujusmodi

442 3909 748 3985 percellere
795 3908 1008 3979 nequit,
1037 3911 1208 3967 etiam
1261 3917 1550 3979 tamquam
1605 3906 1917 3985 Delegatus
1962 3900 2385 3982 Apostolicus.⁴
2466 3905 2625 3965 Hinc

445 4007 842 4065 Mendicantes
877 4014 934 4081 et
959 4006 1203 4085 ‚Jesuitae
1245 4015 1535 4078 nequeunt
1568 4006 2071 4073 excommunicari,
2108 4005 2199 4062 vel
2240 4002 2515 4081 suspendi
2556 4008 2625 4065 ab

441 4108 736 4183 episcop0,
789 4107 862 4164 ob
907 4107 1156 4182 speciale
1205 4105 1569 4182 pr1vilegium
1618 4105 1689 4162 iis
1737 4123 2112 4163 concessum:
2159 4115 2401 4180 possunt
2442 4114 2631 4162 tamen

439 4205 756 4283 Regulares
797 4205 895 4279 qui
937 4224 1132 4263 curam
1173 4213 1441 4261 exercent
1481 4205 1799 4262 animarum
1828 4224 1860 4261 a
1887 4222 2123 4262 munere
2152 4204 2427 4271 amoveri,
2458 4204 2628 4261 etiam

518 4427 603 4492 (1)
644 4426 697 4474 s,
721 4426 871 4490 Alph.
896 4426 927 4474 1.
950 4425 1031 4474 vii.
1054 4419 1105 4474 112
1127 4428 1208 4475 57.
1594 4427 1679 4492 (2)
1721 4399 1838 4475 021.
1864 4424 1925 4475 de
1945 4428 2072 4475 sent.
2094 4440 2277 4475 excom.
2300 4425 2355 4473 in
2378 4426 2427 4471 e.

435 4584 472 4601 φ
521 4513 606 4578 (3)
648 4510 708 4559 C.
733 4510 1102 4575 Exceptionem,
1124 4510 1182 4562 de
1206 4517 1390 4589 except.
1594 4512 1683 4577 (4)
1720 4510 1775 4559 S.
1797 4510 1948 4575 Alph.
1970 4512 2003 4559 1.
2024 4510 2107 4559 vii.
2128 4526 2181 4559 n.
2204 4511 2287 4559 26.
