3117 5217
1076 582 1189 641 DE
1233 584 1465 643 FIDEI
1506 582 1951 643 SYMBOLIS.
2083 650 2088 653 ,
2485 588 2604 643 269

414 756 513 805 est
524 746 695 826 longe
721 750 1022 825 posterius,
1042 768 1220 821 quum
1243 751 1313 807 ab
1340 751 1738 823 antiquissimo
1759 760 2016 826 tempore
2035 751 2248 823 ubique
2268 760 2600 828 usurpatum

412 847 747 915 inveniatur,
774 847 1049 905 nonnulla
1074 857 1263 907 tamen
1292 849 1350 906 in
1380 851 1616 908 vocibus
1645 850 1927 907 varietate.
2011 849 2158 907 Illud
2191 850 2262 907 ad
2289 850 2599 926 Apostolos

414 952 670 1003 auctores
697 945 1056 1005 referendum
1084 966 1211 1005 esse
1240 946 1477 1005 suadent
1514 958 1674 1005 vetus
1715 948 1812 1005 ille
1840 966 1966 1005 mos
2003 958 2060 1005 et
2095 947 2332 1005 traditio.
2416 949 2600 1021 Equi-

412 1042 541 1101 dem
558 1044 823 1103 Ruffinus
846 1053 1077 1103 testatus
1098 1054 1185 1103 est
1206 1047 1453 1122 majores
1476 1048 1553 1104 ita
1575 1046 1872 1105 tradidisse
1893 1066 1908 1113 3
1938 1055 1995 1103 et
2010 1047 2348 1105 Ambrosius
2367 1046 2438 1103 ad
2457 1047 2601 1105 illud

413 1141 560 1217 apud
586 1144 907 1203 Ecclesiam
952 1144 1271 1203 Romanam
1300 1146 1581 1221 integrum
1622 1154 1902 1203 servatum
1944 1146 2308 1221 provocavit:
2395 1154 2435 1181 ‘⁶
2457 1145 2601 1205 Cre-

414 1239 575 1298 datur
612 1242 878 1317 symbolo
918 1243 1346 1317 Apostolorum,
1388 1243 1541 1315 quod
1593 1243 1857 1301 Ecclesia
1895 1244 2156 1301 Romana
2206 1244 2598 1303 intemeratum

412 1356 645 1415 semper
668 1340 931 1408 custodit,
960 1348 1017 1399 et
1043 1336 1323 1399 servat.’'²
1405 1341 1547 1407 Quae
1575 1350 1760 1399 autem
1803 1341 1940 1400 dicit
1978 1342 2364 1399 Tertullianus
2405 1343 2475 1400 de
2515 1362 2600 1400 re·

414 1436 547 1511 gula
570 1438 707 1495 fidei
726 1439 795 1495 ab
821 1439 1225 1515 Apostolorum
1256 1438 1549 1497 traditione
1579 1438 1976 1507 descendente,
2023 1450 2060 1476 ‘⁶
2079 1438 2342 1497 credendi
2381 1442 2603 1499 scilicet

414 1535 474 1591 in
501 1554 678 1593 unum
705 1535 896 1594 Deum
922 1538 1389 1612 omnipotentem,
1416 1538 1615 1597 mundi
1644 1537 2039 1607 Conditorem,
2069 1548 2126 1595 et
2149 1539 2210 1596 in
2237 1539 2447 1597 Filium
2475 1542 2599 1618 ejus

413 1633 617 1690 Jesum
647 1633 940 1693 Christum
961 1630 1057 1704 3⁹⁹²
1081 1644 1139 1692 et
1164 1656 1288 1708 quae
1317 1638 1439 1712 pari
1466 1638 1684 1694 ratione
1723 1637 1912 1694 laudat
1951 1637 2222 1704 IrenaeuS,
2268 1646 2306 1672 “
2327 1638 2498 1695 fidem
2541 1641 2600 1697 iu

412 1749 586 1787 unum
611 1732 799 1792 Deum
823 1734 1052 1794 Patrem
1070 1730 1589 1811 omnipotentem”³
1616 1735 1876 1793 videntur
1893 1754 2008 1794 non
2029 1746 2244 1794 tantum
2265 1735 2598 1805 doctrinam,

414 1828 515 1886 sed
544 1840 602 1887 et
627 1832 927 1891 verborum
952 1834 1193 1891 formam
1221 1834 1527 1909 respicere.
1612 1833 1783 1899 Quod
1809 1843 1994 1893 autem
2031 1835 2304 1894 nonnulla
2341 1835 2414 1892 sit
2451 1835 2604 1910 apud

417 1927 712 1987 Ecclesias
740 1930 1011 2003 qu'asdam
1040 1950 1244 1990 vocum
1274 1932 1534 1998 varietas,
1563 1933 1771 1990 mirum
1799 1950 1913 1991 non
1955 1944 2062 2002 est,
2093 1940 2268 2006 qu'um
2296 1934 2506 2008 scripto
2535 1935 2603 1991 ab

416 2026 707 2101 Apostolis
729 2048 843 2087 non
862 2028 1031 2088 fuerit
1048 2032 1469 2099 demandatum,
1488 2029 1589 2087 sed
1613 2033 1899 2113 memoriae
1921 2030 2173 2090 fidelium
2196 2032 2566 2089 commissum
2585 2052 2601 2099 ;

416 2134 473 2181 et
490 2124 799 2203 haeresibus
826 2131 1062 2197 exortis,
1092 2129 1349 2201 quaedam
1373 2147 1565 2195 voceS,
1594 2148 1690 2185 eas
1717 2130 2013 2206 reJiciendi
2041 2149 2229 2197 causa,
2259 2130 2462 2187 alicubi
2490 2131 2605 2187 sint

414 2222 666 2297 adjectae.
752 2227 870 2285 Sed
896 2228 1197 2286 concordia
1222 2230 1478 2287 omnium
1522 2227 1772 2301 symboli
1811 2229 2224 2304 exemplarium
2264 2229 2323 2284 in
2351 2228 2602 2285 articulis

414 2324 743 2397 praecipuis,
770 2337 828 2382 et
854 2345 1049 2384 eorum
1078 2328 1245 2393 serie,
1276 2329 1422 2385 sicut
1446 2328 1614 2383 etiam
1642 2326 1702 2391 in
1721 2328 1955 2385 vocibus
1978 2328 2335 2403 plerumque,
2359 2326 2608 2383 ostendit

416 2420 697 2496 originem
723 2440 1109 2492 communem,
1138 2444 1308 2496 quam
1338 2424 1706 2502 apostolicam
1733 2444 1860 2482 esse
1887 2444 2004 2485 non
2029 2425 2370 2483 dubitemne.
2452 2424 2604 2483 Illud

418 2517 488 2574 ad
516 2519 920 2593 Apostolorum
960 2531 1177 2581 aetatem
1206 2524 1414 2581 referre
1442 2541 1556 2579 non
1598 2522 1784 2579 renuit
1824 2523 2123 2589 CalvinuS,
2151 2523 2284 2580 licet
2309 2523 2602 2599 Apostolis

417 2616 719 2691 abjudicat.
803 2628 843 2655 “
867 2620 1079 2692 Neque
1107 2620 1238 2678 vero
1270 2621 1411 2679 mihi
1438 2620 1678 2677 dubium
1707 2629 1810 2686 est,
1841 2622 1977 2692 quin
2007 2641 2038 2677 a
2065 2620 2248 2696 prima
2274 2623 2463 2678 statim
2490 2622 2603 2679 Ec-

416 2715 603 2773 clesiae
632 2717 873 2793 origine,
902 2719 1159 2792 adeoque
1186 2722 1255 2778 ab
1284 2722 1415 2797 ipso
1442 2718 1849 2795 Apostolorum
1889 2720 2120 2785 saeculo,
2151 2718 2327 2775 instar
2362 2720 2602 2795 publicae

414 2824 475 2869 et
499 2816 755 2873 omnium
782 2816 1013 2875 calculis
1040 2829 1280 2893 receptae
1308 2817 1708 2883 confessionis,
1733 2811 2133 2875 obtinuerit.”⁴

500 2915 593 2967 15.
637 2913 979 2988 Symbolum
1018 2926 1177 2975 vetus
1219 2917 1419 2976 Romae
1458 2924 1792 2990 usurpatum
1833 2914 1922 2972 his
1959 2916 2140 2973 verbis
2182 2916 2502 2973 constitisse
2529 2934 2603 2973 ex

416 3008 650 3067 Ruffino
676 3010 1038 3087 colligimus:
1127 3022 1166 3049 ‘⁴
1191 3014 1383 3073 Credo
1409 3017 1467 3073 in
1496 3016 1686 3072 Deum
1715 3015 1940 3072 Patrem
1969 3016 2440 3090 omnipotentem,
2463 3023 2520 3071 et
2544 3016 2605 3072 in

414 3106 619 3165 Jesum
648 3108 965 3180 Christum,
995 3113 1205 3171 Filium
1246 3115 1371 3190 ejus
1414 3112 1810 3191 Unigenitum,
1856 3112 2168 3171 Dominum
2199 3122 2474 3181 nostrum,
2504 3115 2602 3186 qui

418 3220 726 3283 conceptus
751 3218 841 3267 est
866 3209 937 3268 de
964 3212 1177 3287 Spiritu
1207 3213 1441 3281 Sancto,
1470 3225 1638 3271 natus
1676 3231 1750 3270 ex
1793 3212 1980 3269 Maria
2013 3213 2271 3288 Virgine,
2300 3212 2604 3269 crucifixus

416 3305 523 3362 sub
550 3306 759 3366 Pontio
787 3309 995 3377 Pilato,
1024 3321 1279 3371 mortuus
1306 3322 1363 3371 et
1388 3313 1675 3388 sepultus:
1719 3314 1880 3369 tertia
1919 3312 2012 3369 die
2049 3312 2362 3369 resurrexit
2395 3331 2428 3367 a
2457 3330 2604 3369 mor-

416 3405 549 3472 tuis,
578 3406 833 3466 ascendit
857 3409 925 3466 ad
954 3409 1151 3477 coelos,
1180 3410 1343 3469 sedet
1381 3412 1451 3469 ad
1476 3411 1733 3468 dextram
1773 3410 1885 3467 Dei
1928 3411 2134 3476 Patr-ie,
2163 3408 2295 3466 inde
2333 3420 2598 3467 venturus

416 3512 503 3559 est
532 3503 787 3578 judicare
828 3509 995 3566 vivos
1035 3518 1093 3565 et
1124 3518 1397 3567 mortuos.
1484 3509 1565 3565 Et
1603 3510 1661 3564 in
1703 3507 1981 3581 Spiritum
2009 3508 2306 3572 Sanctum,
2339 3507 2606 3563 Sanctam

417 3600 763 3672 Ecclesiam,
791 3606 1188 3663 remissionem
1216 3615 1596 3681 peccatorum,
1619 3605 1806 3661 carnis
1832 3602 2368 3663 resurrectionem.”

504 3703 595 3757 16.
638 3701 1011 3777 Aquilejense
1049 3702 1341 3778 exemplar
1380 3718 1553 3761 voces
1597 3702 1997 3758 “invisibilem
2034 3713 2092 3757 et
2127 3700 2604 3777 impassibilem,'’

418 3798 607 3871 primo
634 3799 869 3856 articulo
895 3800 1265 3877 adjungebat3
1298 3809 1338 3837 ‘⁴
1354 3799 1647 3857 descendit
1667 3799 1738 3855 ad
1758 3798 2040 3866 inferna‚”
2070 3809 2201 3876 post
2225 3818 2293 3856 ea
2313 3818 2440 3871 quae
2461 3816 2609 3857 mor-

420 3903 533 3953 tem
560 3905 619 3952 et
644 3897 987 3972 sepulturam
1017 3900 1360 3974 respiciunt3
1389 3909 1446 3955 et
1473 3906 1511 3933 ‘⁴
1530 3897 2223 3974 Catholicam''.designat
2259 3898 2606 3964 Ecclesiam,

420 4002 585 4065 prout
608 3996 667 4053 in
696 3997 977 4070 symbolis
1016 3998 1380 4055 orientalibus
1420 4005 1744 4055 constanter
1769 3994 2114 4071 designatur,
2143 4008 2270 4069 quae
2311 4009 2368 4055 et
2399 3995 2610 4054 habent

424 4091 716 4151 articulum
744 4093 815 4151 de
834 4095 947 4151 vita
973 4088 1231 4153 aeterna.⁵

491 4234 575 4299 (l)
617 4232 675 4281 L.
699 4233 730 4285 i.
755 4234 850 4298 Ep.
874 4238 921 4283 7.
956 4234 1027 4286 ad
1043 4234 1301 4285 Sir-icium.

490 4320 576 4384 (2)
614 4318 676 4367 L.
698 4318 757 4369 de
778 4318 1000 4371 velandis
1021 4316 1310 4386 virginibus
1332 4334 1436 4382 cap.
1458 4318 1491 4367 i.
1525 4318 1654 4368 Vide
1675 4321 1779 4369 etl.
1801 4316 1860 4370 de
1871 4323 2155 4389 praescript.
2179 4340 2222 4374 c.
2246 4324 2352 4373 xiii.

489 4405 572 4467 (3)
612 4402 671 4450 L.
693 4402 726 4452 i.
748 4402 859 4453 adv.
882 4402 1000 4453 lroer.
1022 4421 1064 4452 c.
1088 4403 1139 4452 ii.
1611 4405 1695 4470 (4)
1737 4404 1910 4455 nestit.
1927 4406 1958 4454 l.
1981 4406 2029 4456 ii.
2049 4423 2090 4455 c.
2115 4407 2212 4456 xvi.

501 4490 580 4551 (5)
616 4486 743 4537 Vide
766 4488 819 4537 s,
844 4488 1017 4551 Cyriui
1036 4489 1230 4539 Hieros.
1255 4487 1561 4538 catecheses.
2119 4497 2123 4501 ·

1457 4571 1574 4625 24*
