3117 5217
603 557 722 617 322
1381 549 1495 610 DE
1539 549 2007 610 SCANDALO.

603 719 788 778 donec
813 719 952 778 alter
977 717 1266 778 advertere
1287 719 1472 795 possit
1501 736 1565 776 se
1592 717 1712 795 fugi
1738 718 1809 774 ab
1832 717 1949 776 illa.
1980 757 1995 774 .
2022 757 2037 773 .
2064 757 2079 773 .
2110 714 2427 788 Nequirem
2452 717 2615 776 etiam
2640 735 2753 775 mu-

603 819 799 879 lierem
829 838 863 876 a
885 818 1106 878 mortali
1133 835 1427 886 excusare,
1467 819 1520 876 si
1557 817 1657 878 illa
1693 826 1911 894 peteret
1946 811 2434 888 aliquem'loeum,
2461 834 2627 889 quem
2650 835 2758 874 non

607 916 802 987 adiret,
831 919 942 976 nisi
965 919 1136 976 sciret
1161 917 1240 975 ibi
1265 918 1548 976 amasium
1586 915 1805 984 adesse,
1833 926 1896 974 ut
1919 924 2071 973 recte
2096 915 2336 972 advertit
2359 911 2656 992 Sporer.”¹

691 1021 824 1075 129.
867 1016 1116 1074 Ornatus
1155 1017 1428 1075 honestus
1469 1035 1589 1074 suae
1628 1015 1939 1074 conditioni
1964 1000 2336 1083 conveniens,
2378 1017 2499 1073 sive
2524 1013 2789 1073 mulieris'

603 1125 668 1172 ut
685 1117 884 1176 marito
911 1116 1148 1192 placeat,
1175 1117 1300 1174 sive
1325 1115 1526 1192 puellae
1553 1126 1617 1174 ut
1654 1133 1935 1192 sponsum
1974 1115 2245 1182 inveniat,
2276 1133 2391 1173 non
2420 1124 2506 1172 est
2540 1116 2755 1191 culpan-

605 1213 732 1273 dus.
816 1215 989 1282 Quod
1013 1218 1066 1274 si
1094 1218 1314 1276 noverit
1341 1215 1530 1288 aliqua
1555 1216 1731 1274 ruinae
1772 1214 2131 1272 occasionem
2176 1213 2309 1272 inde
2338 1214 2506 1273 alicu'i
2530 1215 2677 1281 oriri,
2702 1213 2762 1271 ad

607 1313 776 1372 breve
821 1325 1048 1392 tempus
1093 1315 1260 1374 debet
1309 1333 1444 1372 eum
1489 1313 1768 1372 dimittere
1822 1313 1893 1371 ad
1946 1323 2243 1389 peccatum
2296 1314 2425 1391 ejus
2470 1312 2756 1372 vitandum.

609 1412 895 1473 Caeterum
919 1417 1094 1474 nimis
1119 1433 1292 1492 grave
1318 1414 1463 1474 foret
1483 1413 1581 1472 diu
1608 1433 1711 1472 sua
1734 1414 1989 1473 libertate
2014 1412 2075 1471 in
2100 1431 2163 1470 re
2190 1412 2435 1472 honesta
2458 1414 2676 1490 privari,
2702 1411 2763 1469 ob

609 1513 836 1572 alterius
862 1515 1157 1582 malitiam,
1179 1533 1281 1574 seu
1309 1514 1686 1592 fragilitatem.

694 1618 826 1672 130.
887 1613 1182 1674 Excessus
1229 1613 1458 1688 quidam
1505 1621 1756 1680 ornatus,
1818 1611 2033 1684 absque
2078 1631 2248 1688 prava
2293 1611 2622 1680 intentione,
2660 1611 2763 1688 ple·

609 1731 854 1788 rumque
883 1715 1120 1773 venialis
1147 1724 1250 1772 est.
1337 1713 1510 1780 Quod
1547 1715 1599 1772 si
1638 1710 1931 1770 modestiae
1956 1711 2115 1788 leges
2142 1711 2381 1769 omnino
2408 1712 2759 1788 negligantur,

609 1813 874 1872 uberibus
928 1813 1284 1886 brachiisque
1329 1813 1585 1880 detectis,
1632 1830 1747 1869 non
1794 1810 1959 1869 facile
2010 1811 2436 1869 excusabuntur
2484 1831 2515 1868 a
2559 1820 2767 1888 peceato

607 1913 783 1988 gravi,
812 1913 922 1970 nisi
949 1911 1138 1970 forsan
1167 1931 1293 1970 mos
1312 1913 1432 1989 jam
1475 1911 1791 1978 invaluerit,
1834 1909 1979 1968 adeo
2020 1920 2082 1968 ut
2121 1910 2389 1968 homines
2430 1911 2581 1970 haud
2616 1910 2763 1967 vehe-

609 2018 828 2067 menter
852 2009 1164 2068 afficiantur
1191 2012 1264 2067 ob
1295 2009 1791 2068 consuetudinem.
1836 2009 1979 2076 Quae
2004 2027 2220 2067 morem
2250 2009 2551 2078 inducunt,
2575 2009 2765 2088 peccati

607 2225 828 2268 morem
855 2209 1141 2288 vigentem
1171 2221 1505 2283 sequuntur,
1549 2211 1609 2267 in
1648 2227 1857 2286 magno
1896 2208 2169 2285 peccandi
2204 2209 2540 2284 discrimine
2566 2227 2764 2266 versan-

607 2317 716 2375 tur,
747 2316 805 2366 et
827 2310 986 2368 omni
1011 2309 1198 2368 studio
1225 2309 1558 2368 inducendae
1586 2317 1721 2366 sunt
1744 2319 1807 2366 ut
1832 2327 1965 2366 eum
1992 2308 2333 2367 emendent:
2381 2318 2422 2345 ‘⁶
2446 2310 2607 2368 Bene
2630 2309 2762 2366 enim

611 2404 794 2464 Croix
843 2407 1099 2477 advertit,
1143 2407 1296 2481 quod
1341 2408 1627 2486 eju-smodi
1670 2408 1899 2466 feminae
1950 2407 2328 2467 denudatione
2381 2411 2627 2485 pectoris
2670 2425 2766 2466 non

609 2524 736 2564 raro
761 2517 1023 2581 quaerunt
1047 2509 1348 2568 inhoneste
1389 2509 1582 2585 appeti
1609 2528 1641 2565 a
1667 2508 1823 2575 viris,
1850 2516 1914 2566 ut
1950 2507 2079 2566 illos
2120 2509 2231 2567 sibi
2272 2509 2529 2568 irretiant
2565 2520 2619 2567 et
2640 2509 2763 2566 hanc

609 2607 684 2664 ob
725 2626 954 2666 causam
989 2618 1140 2667 recte
1181 2617 1338 2685 putat
1381 2609 1536 2667 Eliz.
1585 2608 1779 2684 plures
1826 2607 2067 2666 femi-nas
2112 2607 2547 2667 damnationem·
2585 2602 2768 2686 pati.”²

611 2707 756 2774 Quae
781 2708 936 2777 suco,
965 2706 1292 2785 pigmentis,
1321 2709 1526 2766 alienis
1550 2708 1822 2774 crinibus,
1866 2707 2129 2766 dentibus
2172 2717 2287 2766 arte
2327 2708 2515 2776 sactis,
2545 2717 2762 2772 utuntur,

611 2805 764 2863 haud
811 2809 1056 2884 graviter
1098 2817 1372 2884 peccant;
1432 2808 1534 2866 sed
1580 2825 1685 2864 nec
1730 2807 1949 2875 leviter,
2006 2806 2233 2879 quando
2276 2806 2537 2866 desectus
2583 2817 2765 2865 tantum

611 2904 834 2963 studeat
858 2905 1060 2963 celare.
1144 2907 1384 2964 Vanitas
1409 2905 1670 2978 quaedam
1712 2915 1769 2964 et
1805 2905 1992 2965 laudis
2032 2905 2243 2982 cupido
2284 2909 2519 2966 nonnisi
2562 2905 2766 2964 venialis

611 3011 702 3060 est
727 3003 929 3080 culpa:
973 3004 1322 3065 desiderium
1369 3007 1624 3084 conjugii
1664 3004 1905 3082 legitimi
1948 3007 2017 3063 ab
2056 3005 2216 3064 omni
2256 3005 2425 3081 culpa
2450 3014 2763 3068 excusatum

613 3101 718 3160 sed
745 3104 1021 3176 quidquid
1048 3105 1114 3162 fit
1137 3115 1200 3165 ut
1225 3107 1431 3177 aliquis
1461 3105 1739 3163 alliciatur
1764 3103 1836 3162 ad
1862 3115 2155 3180 peecatum
2182 3123 2372 3180 grave,
2402 3107 2636 3164 mortale
2660 3111 2748 3160 est.

693 3205 827 3258 131.
871 3202 1014 3268 Quae
1041 3204 1233 3260 viriles
1261 3203 1777 3274 aliquando.vestes
1803 3204 2065 3272 induunt,
2090 3222 2223 3261 cum
2248 3204 2422 3261 larvis
2443 3205 2763 3266 incedentes,

607 3298 704 3356 v'el
723 3299 820 3370 qui
843 3299 1210 3358 muliebribus
1238 3309 1480 3358 econtra
1495 3303 1747 3359 vestibus
1762 3302 2089 3370 induuntur,
2116 3303 2451 3362 scandalum
2475 3305 2635 3364 facile
2649 3319 2765 3380 prae-

609 3398 762 3467 bent,
780 3408 838 3457 et
859 3397 1112 3458 libidinis
1141 3400 1418 3458 fomitem.
1503 3399 1793 3459 Caeterum
1814 3404 2096 3480 contingit
2114 3421 2550 3475 nonnumquam
2577 3402 2764 3481 puellas

603 3500 888 3576 juniores,
915 3500 1034 3559 ludi
1064 3519 1253 3569 causa,
1283 3501 1500 3575 absque
1528 3520 1701 3578 prava
1726 3502 2060 3570 intentione,
2088 3511 2279 3560 vestes
2302 3503 2497 3561 viriles
2528 3503 2764 3563 induere:

616 3599 770 3674 quod
796 3602 950 3678 gravi
979 3611 1141 3659 vacat
1165 3612 1420 3680 peccato,
1446 3602 1667 3673 quoties
1693 3599 1947 3661 libidinis
1961 3601 2282 3678 periculum
2310 3604 2488 3673 abest;
2518 3601 2665 3678 quod
2688 3599 2767 3656 vix

613 3700 740 3758 fieri
779 3713 986 3778 potest,
1014 3701 1268 3778 pluribus
1311 3701 1482 3760 simul
1525 3700 1876 3760 ludentibus.
1962 3701 2028 3758 Si
2068 3711 2259 3760 autem
2288 3705 2599 3762 necessitas
2628 3705 2767 3776 cogat

613 3809 836 3857 mutare
859 3811 1044 3859 vestes
1072 3800 1142 3857 ad
1167 3819 1232 3858 se
1257 3801 1391 3878 fuga
1419 3799 1862 3877 surripiendum,
1904 3801 2059 3860 nulla
2099 3811 2186 3860 est
2228 3801 2427 3878 eulpa3
2462 3822 2596 3875 quae
2632 3800 2763 3858 enim

611 3898 796 3954 extitit
821 3901 1024 3958 veteris
1050 3900 1196 3976 legis
1224 3901 1552 3977 prohibitio,
1580 3902 1633 3958 si
1660 3899 1731 3958 ad
1754 3900 1995 3961 litteram
2024 3901 2386 3978 intelligatur,
2416 3902 2491 3962 ad
2517 3905 2767 3980 praecepta

613 3995 880 4070 abrogata
905 3999 1197 4056 referenda
1223 4010 1328 4058 est.

697 4097 830 4152 132.
877 4102 915 4130 ‘⁶
937 4097 1205 4156 Graviter
1250 4108 1486 4175 peccant
1511 4101 1835 4178 pingentes,
1864 4102 1985 4160 sive
2014 4111 2371 4179 exponentes
2401 4103 2623 4179 publice
2648 4099 2764 4156 ima·

613 4195 774 4272 gines
801 4193 1120 4265 obscoenaS,
1151 4198 1372 4257 scilieet
1398 4199 1633 4259 detectis
1660 4200 1963 4277 pudendis,
1992 4203 2113 4260 sive
2141 4202 2297 4260 tenui
2340 4203 2471 4260 velo
2508 4193 2764 4275 οοοΡθῐῐίθ

608 4336 625 4352 .
657 4337 671 4352 .
704 4335 718 4352 .
751 4293 953 4362 Secus,
981 4295 1032 4352 si
1061 4295 1296 4354 detectis
1317 4299 1441 4356 aliis
1471 4301 1744 4376 partibuS,
1774 4299 2041 4378 pudenda
2061 4291 2418 4378 tegantur.”³

625 4495 632 4500 ’
688 4519 772 4586 (1)
811 4517 864 4565 s.
889 4519 1188 4584 Αιριιοιιειιε,
1210 4519 1243 4570 1.
1265 4519 1315 4568 ii.
1333 4535 1382 4569 n.
1403 4523 1482 4569 52.
1621 4523 1709 4593 (2)
1747 4523 1945 4585 Ibidem,
1968 4541 2019 4575 n.
2043 4528 2126 4574 55.
2264 4525 2349 4592 (a)
2388 4521 2577 4578 uadem,
2598 4533 2643 4566 n.
2666 4513 2734 4562 56.
