3117 5217
1087 532 1199 591 DE
1245 533 1890 591 TEMPERANTIA.
2526 534 2597 590 17

414 700 858 769 consuetudinis,
883 710 940 758 et
963 704 1218 760 omnium
1248 703 1663 778 adjunctorum,
1688 721 1760 759 ne
1788 700 1925 774 quid
1952 703 2144 760 nimiS.
2190 700 2600 779 “Compositio

411 800 751 858 exteriorum
798 809 1056 859 motuum
1101 802 1344 877 pertinet
1387 802 1456 859 ad
1503 800 1768 861 decorem
1822 801 2157 859 honestatiS.
2243 800 2398 859 Dicit
2442 802 2597 859 enim

409 898 746 957 Ambrosius
773 900 834 957 in
871 900 1056 975 primo
1083 900 1154 957 de
1181 900 1440 960 Officiis:
1485 900 1650 959 Sicut
1683 900 2037 959 molliculum
2078 911 2134 957 et
2177 900 2476 958 infractum
2504 910 2599 957 aut

409 998 565 1054 vocis
606 1017 832 1065 sonum,
863 1006 960 1055 aut
1001 1008 1224 1076 gestum
1267 1001 1519 1075 corporis
1566 1019 1684 1059 non
1726 1002 1926 1076 probo,
1971 1000 2046 1057 ita
2087 1017 2272 1070 neque
2314 1009 2597 1076 agrestem

407 1104 502 1152 aut
525 1098 817 1156 rusticum.
903 1098 1179 1156 Naturam
1219 1100 1526 1166 imitemur,
1571 1099 1791 1177 effigies
1814 1100 1939 1177 ejus
1982 1098 2227 1156 formula
2254 1098 2593 1174 disciplinae,

407 1195 590 1253 forma
615 1196 926 1254 honestatis
953 1195 1134 1253 est.”1
1217 1206 1257 1233 ‘⁶
1278 1199 1476 1256 Motus
1504 1198 1813 1256 exteriores
1854 1205 1986 1255 sunt
2024 1195 2281 1268 quaedam
2317 1198 2483 1274 signa
2509 1198 2594 1255 in-

406 1294 628 1352 terioris
680 1287 1092 1370 dispositioniS,
1143 1296 1453 1354 secundum
1505 1296 1647 1354 illud
1700 1295 2090 1355 Ecclesiastici
2144 1294 2368 1355 decimo
2415 1313 2591 1363 non0,

407 1402 424 1427 ‘
447 1394 707 1451 Amictus
735 1394 1012 1469 corporis,
1041 1403 1098 1449 et
1117 1394 1266 1451 risus
1294 1394 1565 1463 dentium,
1608 1404 1663 1452 et
1702 1396 1993 1473 ingressus
2020 1394 2272 1452 hominis
2300 1396 2595 1454 enuntiant

405 1491 479 1547 de
507 1491 648 1548 illo.’
732 1492 814 1549 Et
839 1490 1174 1572 Ambrosius
1202 1492 1338 1552 dicit
1375 1495 1436 1552 in
1474 1495 1523 1553 Ι.
1568 1494 1639 1553 de
1680 1495 1909 1561 officiiS‚
1955 1490 2108 1565 quod
2132 1493 2354 1551 habitus
2381 1494 2591 1551 mentis

404 1593 465 1648 in
493 1599 636 1646 statu
665 1591 919 1667 corporis
963 1592 1225 1659 cernitur,
1269 1602 1326 1649 et
1366 1593 1519 1665 quod
1560 1612 1675 1652 vox
1718 1592 1975 1665 quaedam
2003 1592 2177 1649 animi
2219 1602 2306 1649 est
2337 1593 2591 1667 corporis

403 1682 696 1748 motus.’'2
777 1688 992 1748 Contra
1032 1690 1178 1747 hanc
1212 1691 1474 1750 virtutem
1519 1702 1789 1768 peccatur
1827 1692 2093 1769 graviter,
2135 1691 2355 1763 quoties
2398 1700 2590 1767 gestus

405 1790 566 1847 valde
594 1788 844 1846 alliciunt
869 1789 1010 1847 alios
1039 1787 1109 1846 ad
1132 1776 1452 1865 peccatum,
1481 1792 1574 1849 vel
1599 1792 1739 1850 ratio
1782 1810 1844 1849 se
1872 1788 2150 1849 induendi
2192 1789 2444 1847 incendit
2465 1790 2590 1846 libi-

404 1886 626 1945 dinem:
671 1888 762 1944 vel
787 1906 1062 1945 excessus
1089 1898 1419 1965 sumptuum
1459 1890 1706 1963 aliquem
1745 1889 1928 1947 reddit
1966 1890 2244 1964 imparem
2285 1887 2584 1948 solvendo.

404 1986 680 2044 Mulieres
728 1988 1040 2061 praesertim
1085 1987 1192 2045 hac
1231 1989 1444 2046 ratione
1486 1988 1652 2047 facile
1695 1997 1966 2065 peccant:
2010 2006 2117 2045 nec
2159 1987 2585 2046 consuetudinis

405 2087 693 2144 excusatio
721 2084 1064 2144 admittenda
1089 2098 1175 2143 est
1199 2087 1258 2144 in
1298 2088 1367 2143 iis
1403 2105 1529 2160 quae
1557 2088 1723 2163 plane
1750 2090 2000 2146 excitant
2024 2085 2354 2144 libidinem:
2398 2086 2586 2159 qualis

405 2195 489 2241 est
513 2186 762 2243 enormis
789 2187 1038 2260 pectoris
1064 2185 1402 2260 denudatio:
1435 2186 1537 2244 sed
1565 2188 1625 2244 in
1652 2186 1840 2259 aliqua
1860 2185 2241 2245 denudatione
2266 2184 2419 2242 haud
2446 2184 2588 2241 adeo

405 2285 619 2341 enormi
660 2283 1012 2343 consuetudo
1057 2285 1262 2343 minuit
1300 2284 1602 2353 effectum;
1643 2285 1910 2359 ideoque,
1953 2284 2215 2358 quamvis
2254 2302 2380 2341 mos
2420 2283 2586 2341 valde

405 2382 900 2456 reprehendendus
927 2385 1019 2451 sit,
1048 2383 1200 2441 haud
1225 2393 1416 2443 tamen
1456 2404 1582 2457 quae
1628 2402 1761 2443 eum
1786 2386 2071 2461 vigentem
2116 2392 2431 2455 sequuntur
2456 2391 2588 2441 sunt

409 2481 593 2537 statim
621 2482 806 2557 gravis
833 2485 1048 2558 peccati
1076 2478 1458 2541 damnandae.³
1723 2556 1727 2559 .
2463 2478 2467 2489 ⁴

486 2582 582 2635 34.
627 2578 718 2639 De
763 2582 1010 2639 vestibus
1039 2582 1252 2639 'scribit
1291 2582 1666 2639 Ambrosius:
1754 2589 1793 2616 “
1817 2581 2011 2637 Decor
2056 2580 2313 2653 corporis
2358 2598 2473 2636 non
2513 2582 2589 2637 sit

406 2673 710 2746 affectatuS,
740 2680 842 2737 sed
867 2678 1156 2748 naturaliS,
1198 2681 1468 2756 simplex,
1518 2680 1817 2757 neglectus
1858 2678 2039 2754 magis
2068 2695 2238 2749 quam
2280 2678 2584 2751 expetituS,

404 2794 517 2835 non
545 2780 829 2853 pretiosis,
860 2789 916 2836 et
941 2779 1254 2838 albentibus
1293 2778 1518 2857 adjutus
1546 2778 1923 2845 vestimentis,
1952 2775 2056 2834 sed
2095 2775 2492 2833 communibus
2528 2786 2589 2833 ut

404 2876 684 2935 honestati
717 2878 809 2935 vel
833 2879 1153 2936 necessitati
1176 2879 1319 2936 nihil
1344 2877 1511 2946 desit,
1543 2877 1691 2936 nihil
1719 2876 1950 2935 accedat
1979 2871 2244 2935 nitori.”⁴
2324 2872 2587 2933 Consue-

405 2976 536 3033 tudo
561 2978 676 3035 loci
702 2978 764 3035 in
791 2994 907 3050 quo
935 2979 1062 3048 quis
1089 2988 1340 3034 versatur
1376 2975 1739 3054 respicienda
1764 2987 1869 3042 est,
1907 2975 2057 3032 sicut
2082 2984 2139 3031 et
2163 2993 2423 3050 personae
2450 2993 2585 3033 con-

405 3073 574 3133 ditio:
623 3076 726 3133 sed
765 3085 822 3133 et
859 3075 1144 3152 pudicitiae
1171 3075 1326 3152 leges
1369 3086 1426 3134 et
1463 3075 1665 3134 caritas
1693 3093 1826 3151 erga
1852 3076 2205 3151 proximum,
2236 3092 2306 3130 ne
2338 3075 2582 3131 vestium

405 3184 599 3233 ornatu
645 3176 882 3248 laqueus
933 3175 1091 3233 alteri
1137 3184 1380 3251 paretur.
1465 3176 1627 3233 Finis
1676 3192 1853 3246 quem
1895 3173 2024 3245 quis
2070 3192 2135 3231 se
2176 3172 2428 3230 ornando
2475 3173 2586 3230 sibi

405 3275 718 3350 praestituit,
743 3274 1071 3351 gravitatem
1097 3274 1259 3332 facile
1286 3275 1536 3340 inducit;
1568 3271 1814 3346 quand0,
1842 3272 2079 3341 scilicet,
2102 3272 2229 3344 quis
2249 3272 2484 3329 alterum
2515 3271 2586 3329 ad

403 3372 752 3449 peccandum
779 3391 1087 3450 provocare
1115 3372 1317 3431 studet.
1403 3373 1520 3431 Sed
1545 3382 1602 3429 et
1626 3374 1869 3449 graviter
1887 3382 2175 3449 peccatur,
2206 3372 2256 3428 si
2284 3370 2411 3442 quis
2451 3390 2585 3427 con-

402 3472 544 3529 sulto
568 3474 645 3529 ita
669 3492 731 3530 se
759 3482 938 3541 ornet,
967 3484 1030 3531 ut
1054 3474 1194 3530 alter
1219 3472 1584 3531 vehementer
1603 3471 1674 3529 ad
1694 3482 1987 3548 peccatum
2012 3480 2323 3536 moveatur,
2346 3480 2404 3524 et
2422 3468 2585 3525 indu-

402 3582 574 3637 catur,
604 3574 865 3644 quamvis
894 3572 952 3630 id
979 3572 1088 3629 sibi
1124 3591 1239 3629 non
1281 3572 1354 3629 sit
1391 3572 1771 3648 propositum.
1859 3578 1899 3605 ‘⁶
1924 3570 1993 3626 Si
2034 3568 2244 3625 mulier
2288 3567 2587 3641 conjugata

402 3670 474 3727 ad
500 3670 610 3728 hoc
638 3690 702 3728 se
729 3680 910 3740 ornet,
940 3680 1003 3729 ut
1027 3672 1150 3729 viro
1177 3690 1281 3728 suo
1321 3671 1556 3747 placeat,
1588 3679 1777 3745 potest
1814 3670 1928 3725 hoc
1970 3666 2159 3723 facere
2200 3664 2414 3734 absque
2456 3682 2586 3739 pec-

402 3780 544 3827 eato,
601 3770 721 3828 Illae
762 3779 948 3828 autem
976 3771 1242 3828 mulieres
1265 3788 1390 3842 quae
1418 3770 1571 3826 viros
1601 3786 1717 3824 non
1740 3766 1967 3832 habent,
1999 3782 2107 3821 nec
2128 3763 2324 3820 volunt
2356 3762 2581 3831 habere,

403 3880 460 3924 et
491 3870 707 3927 suntin
734 3879 880 3928 statu
908 3889 1023 3928 non
1063 3868 1328 3936 habendi,
1370 3886 1485 3923 non
1524 3876 1765 3941 possunt
1802 3864 2013 3935 absque
2042 3874 2278 3939 peccato
2318 3873 2583 3938 appetere

403 3968 627 4043 placere
655 3970 904 4027 virorum
931 3970 1251 4044 aspectibus
1279 3966 1348 4023 ad
1388 3962 1943 4039 concupiscendum:
1988 3963 2123 4035 quia
2160 3962 2273 4019 hoc
2317 3971 2405 4017 est
2450 3960 2583 4018 dare

403 4067 486 4124 eis
513 4069 864 4126 incentivum
893 4066 1186 4144 peccandi.
1213 4055 1218 4060 ’
1271 4064 1352 4121 Et
1376 4063 1428 4120 si
1455 4062 1682 4135 quidem
1711 4062 1817 4120 hac
1841 4062 2153 4120 intentione
2181 4078 2243 4115 se
2270 4069 2493 4127 ornent,
2522 4067 2585 4117 ut

383 4222 400 4241 ⁸
476 4209 558 4272 (1)
598 4208 649 4256 S.
672 4209 851 4259 Thom.
874 4212 920 4257 2.
945 4212 992 4256 2.
1018 4224 1099 4271 qu.
1122 4204 1300 4255 clxviii.
1319 4211 1403 4253 art.
1425 4204 1474 4253 ii.
1545 4202 1647 4255 Sed
1665 4209 1852 4255 contra.

477 4296 559 4358 (2)
590 4294 787 4344 Ibidem.
823 4293 1167 4361 Adprimum.
1309 4292 1394 4357 (3)
1421 4288 1547 4337 Vide
1568 4289 1620 4337 S.
1641 4288 1967 4352 Alphonsum,
1990 4287 2023 4335 l.
2046 4284 2096 4334 ii.
2118 4300 2169 4332 n.
2192 4285 2275 4329 55.
2316 4282 2586 4341 Quaeritur.

1167 4376 1250 4441 (4)
1289 4374 1348 4423 L.
1372 4372 1404 4422 i.
1426 4373 1486 4421 de
1508 4372 1633 4422 offic.
1657 4388 1700 4422 c.
1718 4371 1819 4420 xix.

1515 4456 1586 4509 3*
