<?xml version="1.0" encoding="UTF-8"?>
<!DOCTYPE html PUBLIC "-//W3C//DTD XHTML 1.0 Transitional//EN"
    "http://www.w3.org/TR/xhtml1/DTD/xhtml1-transitional.dtd">
<html xmlns="http://www.w3.org/1999/xhtml" xml:lang="en" lang="en">
 <head>
  <title>
</title>
<meta http-equiv="Content-Type" content="text/html;charset=utf-8" />
  <meta name='ocr-system' content='tesseract 3.04.00' />
  <meta name='ocr-capabilities' content='ocr_page ocr_carea ocr_par ocr_line ocrx_word'/>
</head>
<body>
  <div class='ocr_page' id='page_1' title='image "./theologiaemoral00unkngoog_0149.png"; bbox 0 0 3117 5217; ppageno 0'>
   <div class='ocr_carea' id='block_1_1' title="bbox 944 571 2618 634">
    <p class='ocr_par' dir='ltr' id='par_1_1' title="bbox 944 571 2618 634">
     <span class='ocr_line' id='line_1_1' title="bbox 944 571 2618 634; baseline 0 -2"><span class='ocrx_word' id='word_1_1' title='bbox 944 573 1059 632; x_wconf 89' lang='lat' dir='ltr'>DE</span> <span class='ocrx_word' id='word_1_2' title='bbox 1104 571 1685 632; x_wconf 85' lang='lat' dir='ltr'>CONTRACTUS</span> <span class='ocrx_word' id='word_1_3' title='bbox 1727 574 1787 632; x_wconf 92' lang='lat' dir='ltr'>N</span> <span class='ocrx_word' id='word_1_4' title='bbox 1791 573 2100 634; x_wconf 71' lang='lat' dir='ltr'>ATURA.</span> <span class='ocrx_word' id='word_1_5' title='bbox 2503 578 2618 632; x_wconf 83' lang='lat'>135</span> 
     </span>
    </p>
   </div>
   <div class='ocr_carea' id='block_1_2' title="bbox 434 737 2630 3186">
    <p class='ocr_par' dir='ltr' id='par_1_2' title="bbox 434 737 2626 1901">
     <span class='ocr_line' id='line_1_2' title="bbox 436 737 2622 822; baseline 0 -25"><span class='ocrx_word' id='word_1_6' title='bbox 436 740 487 798; x_wconf 90' lang='lat' dir='ltr'>si</span> <span class='ocrx_word' id='word_1_7' title='bbox 506 741 627 816; x_wconf 86' lang='lat' dir='ltr'>jam</span> <span class='ocrx_word' id='word_1_8' title='bbox 655 741 983 800; x_wconf 81' lang='lat' dir='ltr'><strong>executioni</strong></span> <span class='ocrx_word' id='word_1_9' title='bbox 1022 741 1413 808; x_wconf 81' lang='lat' dir='ltr'>demandetur,</span> <span class='ocrx_word' id='word_1_10' title='bbox 1442 743 1648 801; x_wconf 91' lang='lat' dir='ltr'>dicitur</span> <span class='ocrx_word' id='word_1_11' title='bbox 1671 742 1740 801; x_wconf 82' lang='lat' dir='ltr'>in</span> <span class='ocrx_word' id='word_1_12' title='bbox 1766 737 2200 822; x_wconf 74' lang='lat' dir='ltr'>possessione.¹</span> <span class='ocrx_word' id='word_1_13' title='bbox 2280 739 2622 799; x_wconf 83' lang='lat' dir='ltr'>Contractus</span> 
     </span>
     <span class='ocr_line' id='line_1_3' title="bbox 434 839 2620 919; baseline 0 -23"><span class='ocrx_word' id='word_1_14' title='bbox 434 839 769 918; x_wconf 77' lang='lat' dir='ltr'>bonaefidei</span> <span class='ocrx_word' id='word_1_15' title='bbox 794 841 891 898; x_wconf 90' lang='lat' dir='ltr'>ille</span> <span class='ocrx_word' id='word_1_16' title='bbox 914 841 1089 900; x_wconf 89' lang='lat' dir='ltr'>estin</span> <span class='ocrx_word' id='word_1_17' title='bbox 1116 861 1231 915; x_wconf 90' lang='lat' dir='ltr'>quo</span> <span class='ocrx_word' id='word_1_18' title='bbox 1249 841 1432 919; x_wconf 82' lang='lat' dir='ltr'>judex</span> <span class='ocrx_word' id='word_1_19' title='bbox 1474 843 1650 900; x_wconf 88' lang='lat' dir='ltr'>multa</span> <span class='ocrx_word' id='word_1_20' title='bbox 1687 861 1762 900; x_wconf 85' lang='lat' dir='ltr'>ex</span> <span class='ocrx_word' id='word_1_21' title='bbox 1789 860 1952 914; x_wconf 82' lang='lat' dir='ltr'>aequo</span> <span class='ocrx_word' id='word_1_22' title='bbox 1979 852 2036 898; x_wconf 89' lang='lat' dir='ltr'>et</span> <span class='ocrx_word' id='word_1_23' title='bbox 2077 843 2233 899; x_wconf 89' lang='lat' dir='ltr'>bono</span> <span class='ocrx_word' id='word_1_24' title='bbox 2279 851 2468 918; x_wconf 88' lang='lat' dir='ltr'>potest</span> <span class='ocrx_word' id='word_1_25' title='bbox 2501 857 2620 897; x_wconf 91' lang='lat' dir='ltr'>mo-</span> 
     </span>
     <span class='ocr_line' id='line_1_4' title="bbox 438 937 2622 1012; baseline 0 -18"><span class='ocrx_word' id='word_1_26' title='bbox 438 937 643 1002; x_wconf 80' lang='lat' dir='ltr'>derari.</span> <span class='ocrx_word' id='word_1_27' title='bbox 672 957 801 1012; x_wconf 83' lang='lat' dir='ltr'>quae</span> <span class='ocrx_word' id='word_1_28' title='bbox 841 940 1061 1000; x_wconf 86' lang='lat' dir='ltr'>scilieet</span> <span class='ocrx_word' id='word_1_29' title='bbox 1102 942 1413 1000; x_wconf 87' lang='lat' dir='ltr'>contractui</span> <span class='ocrx_word' id='word_1_30' title='bbox 1452 941 1767 999; x_wconf 86' lang='lat' dir='ltr'>seeundum</span> <span class='ocrx_word' id='word_1_31' title='bbox 1806 942 2016 999; x_wconf 86' lang='lat' dir='ltr'>bonam</span> <span class='ocrx_word' id='word_1_32' title='bbox 2042 940 2216 998; x_wconf 85' lang='lat' dir='ltr'>fidem</span> <span class='ocrx_word' id='word_1_33' title='bbox 2259 940 2450 996; x_wconf 88' lang='lat' dir='ltr'>inesse</span> <span class='ocrx_word' id='word_1_34' title='bbox 2493 956 2622 995; x_wconf 90' lang='lat' dir='ltr'>cen-</span> 
     </span>
     <span class='ocr_line' id='line_1_5' title="bbox 439 1037 2620 1117; baseline 0 -24"><span class='ocrx_word' id='word_1_35' title='bbox 439 1046 669 1094; x_wconf 80' lang='lat' dir='ltr'>sentur:</span> <span class='ocrx_word' id='word_1_36' title='bbox 732 1039 871 1096; x_wconf 88' lang='lat' dir='ltr'>tales</span> <span class='ocrx_word' id='word_1_37' title='bbox 918 1050 1052 1096; x_wconf 90' lang='lat' dir='ltr'>sunt</span> <span class='ocrx_word' id='word_1_38' title='bbox 1094 1041 1332 1117; x_wconf 87' lang='lat' dir='ltr'>emptio,</span> <span class='ocrx_word' id='word_1_39' title='bbox 1378 1040 1604 1107; x_wconf 88' lang='lat' dir='ltr'>locati0‚</span> <span class='ocrx_word' id='word_1_40' title='bbox 1645 1038 1967 1106; x_wconf 87' lang='lat' dir='ltr'>conductio,</span> <span class='ocrx_word' id='word_1_41' title='bbox 2013 1039 2371 1116; x_wconf 87' lang='lat' dir='ltr'>negotiorum</span> <span class='ocrx_word' id='word_1_42' title='bbox 2417 1037 2620 1115; x_wconf 85' lang='lat' dir='ltr'>gesti0,</span> 
     </span>
     <span class='ocr_line' id='line_1_6' title="bbox 436 1135 2619 1216; baseline 0 -24"><span class='ocrx_word' id='word_1_43' title='bbox 436 1135 788 1204; x_wconf 87' lang='lat' dir='ltr'>mandatum,</span> <span class='ocrx_word' id='word_1_44' title='bbox 830 1137 1173 1214; x_wconf 88' lang='lat' dir='ltr'>depositum,</span> <span class='ocrx_word' id='word_1_45' title='bbox 1216 1140 1445 1216; x_wconf 85' lang='lat' dir='ltr'>pignus,</span> <span class='ocrx_word' id='word_1_46' title='bbox 1488 1140 1749 1197; x_wconf 82' lang='lat' dir='ltr'>societas.</span> <span class='ocrx_word' id='word_1_47' title='bbox 1834 1137 2174 1196; x_wconf 80' lang='lat' dir='ltr'><strong>Contractus</strong></span> <span class='ocrx_word' id='word_1_48' title='bbox 2215 1136 2414 1195; x_wconf 73' lang='lat' dir='ltr'>stricti</span> <span class='ocrx_word' id='word_1_49' title='bbox 2443 1135 2619 1216; x_wconf 68' lang='lat' dir='ltr'>juris</span> 
     </span>
     <span class='ocr_line' id='line_1_7' title="bbox 438 1235 2620 1313; baseline 0 -23"><span class='ocrx_word' id='word_1_50' title='bbox 438 1245 525 1291; x_wconf 89' lang='lat' dir='ltr'>est</span> <span class='ocrx_word' id='word_1_51' title='bbox 551 1235 645 1292; x_wconf 89' lang='lat' dir='ltr'>ille</span> <span class='ocrx_word' id='word_1_52' title='bbox 677 1236 732 1294; x_wconf 87' lang='lat' dir='ltr'>in</span> <span class='ocrx_word' id='word_1_53' title='bbox 762 1255 875 1308; x_wconf 88' lang='lat' dir='ltr'>quo</span> <span class='ocrx_word' id='word_1_54' title='bbox 896 1237 967 1294; x_wconf 90' lang='lat' dir='ltr'>ad</span> <span class='ocrx_word' id='word_1_55' title='bbox 994 1239 1165 1295; x_wconf 87' lang='lat' dir='ltr'>verba</span> <span class='ocrx_word' id='word_1_56' title='bbox 1191 1236 1644 1307; x_wconf 78' lang='lat' dir='ltr'>contrahentium</span> <span class='ocrx_word' id='word_1_57' title='bbox 1663 1237 1846 1313; x_wconf 77' lang='lat' dir='ltr'>judex</span> <span class='ocrx_word' id='word_1_58' title='bbox 1867 1239 2103 1295; x_wconf 88' lang='lat' dir='ltr'>omnino</span> <span class='ocrx_word' id='word_1_59' title='bbox 2129 1235 2514 1313; x_wconf 79' lang='lat' dir='ltr'>adstringitur,</span> <span class='ocrx_word' id='word_1_60' title='bbox 2544 1237 2620 1292; x_wconf 87' lang='lat' dir='ltr'>ita</span> 
     </span>
     <span class='ocr_line' id='line_1_8' title="bbox 436 1329 2616 1400; baseline -0 -10"><span class='ocrx_word' id='word_1_61' title='bbox 436 1341 624 1391; x_wconf 85' lang='lat' dir='ltr'>tamen</span> <span class='ocrx_word' id='word_1_62' title='bbox 650 1345 712 1391; x_wconf 90' lang='lat' dir='ltr'>ut</span> <span class='ocrx_word' id='word_1_63' title='bbox 738 1335 1036 1393; x_wconf 86' lang='lat' dir='ltr'>intentioni</span> <span class='ocrx_word' id='word_1_64' title='bbox 1062 1355 1262 1397; x_wconf 87' lang='lat' dir='ltr'>eorum</span> <span class='ocrx_word' id='word_1_65' title='bbox 1292 1337 1601 1394; x_wconf 82' lang='lat' dir='ltr'>manifestae</span> <span class='ocrx_word' id='word_1_66' title='bbox 1643 1337 1954 1395; x_wconf 81' lang='lat' dir='ltr'>inserviant</span> <span class='ocrx_word' id='word_1_67' title='bbox 1972 1329 2023 1393; x_wconf 77' lang='lat'>:²</span> <span class='ocrx_word' id='word_1_68' title='bbox 2061 1336 2198 1393; x_wconf 88' lang='lat' dir='ltr'>tales</span> <span class='ocrx_word' id='word_1_69' title='bbox 2227 1347 2356 1394; x_wconf 85' lang='lat' dir='ltr'>sunt</span> <span class='ocrx_word' id='word_1_70' title='bbox 2383 1351 2616 1400; x_wconf 86' lang='lat' dir='ltr'>census,</span> 
     </span>
     <span class='ocr_line' id='line_1_9' title="bbox 440 1431 2626 1511; baseline 0 -23"><span class='ocrx_word' id='word_1_71' title='bbox 440 1431 695 1498; x_wconf 85' lang='lat' dir='ltr'>feudum,</span> <span class='ocrx_word' id='word_1_72' title='bbox 724 1434 1147 1510; x_wconf 84' lang='lat' dir='ltr'>emphyteusis,</span> <span class='ocrx_word' id='word_1_73' title='bbox 1176 1445 1590 1504; x_wconf 84' lang='lat' dir='ltr'>testamentum,</span> <span class='ocrx_word' id='word_1_74' title='bbox 1631 1445 1910 1502; x_wconf 90' lang='lat' dir='ltr'>mutuum,</span> <span class='ocrx_word' id='word_1_75' title='bbox 1953 1435 2261 1511; x_wconf 80' lang='lat' dir='ltr'>stipulatio,</span> <span class='ocrx_word' id='word_1_76' title='bbox 2292 1434 2538 1500; x_wconf 89' lang='lat' dir='ltr'>donatio,</span> <span class='ocrx_word' id='word_1_77' title='bbox 2567 1440 2626 1490; x_wconf 89' lang='lat' dir='ltr'>et</span> 
     </span>
     <span class='ocr_line' id='line_1_10' title="bbox 440 1531 2622 1610; baseline 0 -23"><span class='ocrx_word' id='word_1_78' title='bbox 440 1531 746 1604; x_wconf 80' lang='lat' dir='ltr'>promissio</span> <span class='ocrx_word' id='word_1_79' title='bbox 773 1532 1041 1591; x_wconf 88' lang='lat' dir='ltr'>liberalis.</span> <span class='ocrx_word' id='word_1_80' title='bbox 1130 1535 1196 1592; x_wconf 91' lang='lat' dir='ltr'>In</span> <span class='ocrx_word' id='word_1_81' title='bbox 1223 1535 1347 1591; x_wconf 89' lang='lat' dir='ltr'>foro</span> <span class='ocrx_word' id='word_1_82' title='bbox 1375 1535 1738 1592; x_wconf 81' lang='lat' dir='ltr'>conscientiae</span> <span class='ocrx_word' id='word_1_83' title='bbox 1765 1534 1998 1607; x_wconf 82' lang='lat' dir='ltr'>aequitas</span> <span class='ocrx_word' id='word_1_84' title='bbox 2024 1534 2311 1610; x_wconf 82' lang='lat' dir='ltr'>praecipue</span> <span class='ocrx_word' id='word_1_85' title='bbox 2333 1542 2622 1608; x_wconf 87' lang='lat' dir='ltr'>spectatur</span> 
     </span>
     <span class='ocr_line' id='line_1_11' title="bbox 442 1629 2622 1709; baseline 0 -25"><span class='ocrx_word' id='word_1_86' title='bbox 442 1629 499 1685; x_wconf 90' lang='lat' dir='ltr'>in</span> <span class='ocrx_word' id='word_1_87' title='bbox 529 1630 795 1688; x_wconf 87' lang='lat' dir='ltr'>omnibus</span> <span class='ocrx_word' id='word_1_88' title='bbox 824 1633 1199 1692; x_wconf 89' lang='lat' dir='ltr'>contractibus</span> <span class='ocrx_word' id='word_1_89' title='bbox 1241 1632 1683 1709; x_wconf 86' lang='lat' dir='ltr'>perpendendis.</span> <span class='ocrx_word' id='word_1_90' title='bbox 1766 1633 1906 1691; x_wconf 90' lang='lat' dir='ltr'>Jure</span> <span class='ocrx_word' id='word_1_91' title='bbox 1935 1633 2278 1690; x_wconf 83' lang='lat' dir='ltr'>Americano</span> <span class='ocrx_word' id='word_1_92' title='bbox 2303 1641 2622 1689; x_wconf 82' lang='lat' dir='ltr'>contractus</span> 
     </span>
     <span class='ocr_line' id='line_1_12' title="bbox 440 1730 2618 1808; baseline 0 -23"><span class='ocrx_word' id='word_1_93' title='bbox 440 1747 645 1786; x_wconf 90' lang='lat' dir='ltr'>omnes</span> <span class='ocrx_word' id='word_1_94' title='bbox 672 1730 729 1786; x_wconf 90' lang='lat' dir='ltr'>in</span> <span class='ocrx_word' id='word_1_95' title='bbox 760 1739 995 1802; x_wconf 87' lang='lat' dir='ltr'>utraque</span> <span class='ocrx_word' id='word_1_96' title='bbox 1016 1733 1189 1799; x_wconf 87' lang='lat' dir='ltr'>curia,</span> <span class='ocrx_word' id='word_1_97' title='bbox 1217 1732 1363 1808; x_wconf 86' lang='lat' dir='ltr'>legis</span> <span class='ocrx_word' id='word_1_98' title='bbox 1390 1732 1609 1790; x_wconf 88' lang='lat' dir='ltr'>scilicet</span> <span class='ocrx_word' id='word_1_99' title='bbox 1633 1741 1691 1790; x_wconf 88' lang='lat' dir='ltr'>et</span> <span class='ocrx_word' id='word_1_100' title='bbox 1714 1732 2016 1804; x_wconf 70' lang='lat' dir='ltr'>aequitatis,</span> <span class='ocrx_word' id='word_1_101' title='bbox 2047 1731 2247 1789; x_wconf 89' lang='lat' dir='ltr'>iisdem</span> <span class='ocrx_word' id='word_1_102' title='bbox 2279 1731 2492 1806; x_wconf 85' lang='lat' dir='ltr'>regulis</span> <span class='ocrx_word' id='word_1_103' title='bbox 2519 1747 2618 1786; x_wconf 87' lang='lat' dir='ltr'>ex·</span> 
     </span>
     <span class='ocr_line' id='line_1_13' title="bbox 444 1821 773 1901; baseline -0.003 -17"><span class='ocrx_word' id='word_1_104' title='bbox 444 1821 773 1901; x_wconf 82' lang='lat' dir='ltr'>plicantur.³</span> 
     </span>
    </p>

    <p class='ocr_par' dir='ltr' id='par_1_3' title="bbox 435 1925 2630 3186">
     <span class='ocr_line' id='line_1_14' title="bbox 522 1925 2626 2007; baseline 0 -25"><span class='ocrx_word' id='word_1_105' title='bbox 522 1931 579 1983; x_wconf 88' lang='grc'>3.</span> <span class='ocrx_word' id='word_1_106' title='bbox 623 1925 965 1985; x_wconf 81' lang='lat' dir='ltr'>Contractus</span> <span class='ocrx_word' id='word_1_107' title='bbox 998 1947 1199 2006; x_wconf 73' lang='lat' dir='ltr'>purus</span> <span class='ocrx_word' id='word_1_108' title='bbox 1244 1939 1478 1988; x_wconf 87' lang='lat' dir='ltr'>vocatur</span> <span class='ocrx_word' id='word_1_109' title='bbox 1521 1930 1751 2003; x_wconf 90' lang='lat' dir='ltr'>quando</span> <span class='ocrx_word' id='word_1_110' title='bbox 1789 1930 2040 2007; x_wconf 85' lang='lat' dir='ltr'>simplex</span> <span class='ocrx_word' id='word_1_111' title='bbox 2083 1939 2189 1996; x_wconf 89' lang='lat' dir='ltr'>est,</span> <span class='ocrx_word' id='word_1_112' title='bbox 2234 1940 2295 1985; x_wconf 85' lang='lat' dir='ltr'>et</span> <span class='ocrx_word' id='word_1_113' title='bbox 2337 1927 2492 1986; x_wconf 89' lang='lat' dir='ltr'>nullo</span> <span class='ocrx_word' id='word_1_114' title='bbox 2533 1925 2626 1982; x_wconf 90' lang='lat' dir='ltr'>ad-</span> 
     </span>
     <span class='ocr_line' id='line_1_15' title="bbox 435 2026 2626 2106; baseline 0 -24"><span class='ocrx_word' id='word_1_115' title='bbox 435 2026 638 2099; x_wconf 88' lang='lat' dir='ltr'>juncto</span> <span class='ocrx_word' id='word_1_116' title='bbox 664 2038 965 2085; x_wconf 88' lang='lat' dir='ltr'>oneratus:</span> <span class='ocrx_word' id='word_1_117' title='bbox 1006 2047 1131 2087; x_wconf 78' lang='lat' dir='ltr'>non</span> <span class='ocrx_word' id='word_1_118' title='bbox 1145 2046 1345 2106; x_wconf 78' lang='lat' dir='ltr'>purus</span> <span class='ocrx_word' id='word_1_119' title='bbox 1368 2030 1595 2101; x_wconf 88' lang='lat' dir='ltr'>quando</span> <span class='ocrx_word' id='word_1_120' title='bbox 1623 2030 1792 2088; x_wconf 88' lang='lat' dir='ltr'>habet</span> <span class='ocrx_word' id='word_1_121' title='bbox 1818 2028 2031 2101; x_wconf 87' lang='lat' dir='ltr'>aliquid</span> <span class='ocrx_word' id='word_1_122' title='bbox 2051 2026 2399 2105; x_wconf 88' lang='lat' dir='ltr'>adjunctum.</span> <span class='ocrx_word' id='word_1_123' title='bbox 2442 2026 2626 2093; x_wconf 86' lang='lat' dir='ltr'>Quin·</span> 
     </span>
     <span class='ocr_line' id='line_1_16' title="bbox 441 2124 2626 2204; baseline 0.001 -24"><span class='ocrx_word' id='word_1_124' title='bbox 441 2141 553 2195; x_wconf 89' lang='lat' dir='ltr'>que</span> <span class='ocrx_word' id='word_1_125' title='bbox 594 2125 816 2202; x_wconf 86' lang='lat' dir='ltr'>species</span> <span class='ocrx_word' id='word_1_126' title='bbox 860 2126 1034 2204; x_wconf 88' lang='lat' dir='ltr'>hujus</span> <span class='ocrx_word' id='word_1_127' title='bbox 1072 2138 1393 2186; x_wconf 80' lang='lat' dir='ltr'>contractus</span> <span class='ocrx_word' id='word_1_128' title='bbox 1438 2138 1835 2187; x_wconf 86' lang='lat' dir='ltr'>numerantur:</span> <span class='ocrx_word' id='word_1_129' title='bbox 1885 2134 1938 2187; x_wconf 93' lang='lat' dir='ltr'>l.</span> <span class='ocrx_word' id='word_1_130' title='bbox 1982 2137 2302 2186; x_wconf 84' lang='lat' dir='ltr'>contractus</span> <span class='ocrx_word' id='word_1_131' title='bbox 2329 2125 2411 2184; x_wconf 86' lang='lat' dir='ltr'>ad</span> <span class='ocrx_word' id='word_1_132' title='bbox 2445 2124 2626 2192; x_wconf 84' lang='lat' dir='ltr'>diem,</span> 
     </span>
     <span class='ocr_line' id='line_1_17' title="bbox 446 2219 2622 2302; baseline -0 -22"><span class='ocrx_word' id='word_1_133' title='bbox 446 2241 574 2281; x_wconf 88' lang='lat' dir='ltr'>cum</span> <span class='ocrx_word' id='word_1_134' title='bbox 604 2224 725 2282; x_wconf 91' lang='lat' dir='ltr'>dies</span> <span class='ocrx_word' id='word_1_135' title='bbox 754 2226 1013 2285; x_wconf 87' lang='lat' dir='ltr'>statuitur</span> <span class='ocrx_word' id='word_1_136' title='bbox 1039 2239 1167 2284; x_wconf 88' lang='lat' dir='ltr'>ante</span> <span class='ocrx_word' id='word_1_137' title='bbox 1194 2245 1367 2300; x_wconf 91' lang='lat' dir='ltr'>quem</span> <span class='ocrx_word' id='word_1_138' title='bbox 1394 2219 1469 2286; x_wconf 69' lang='lat' dir='ltr'>eir</span> <span class='ocrx_word' id='word_1_139' title='bbox 1496 2237 1786 2286; x_wconf 78' lang='lat' dir='ltr'>contractu</span> <span class='ocrx_word' id='word_1_140' title='bbox 1814 2228 1966 2286; x_wconf 86' lang='lat' dir='ltr'>nulla</span> <span class='ocrx_word' id='word_1_141' title='bbox 1991 2229 2204 2286; x_wconf 89' lang='lat' dir='ltr'>oriatur</span> <span class='ocrx_word' id='word_1_142' title='bbox 2229 2225 2521 2302; x_wconf 85' lang='lat' dir='ltr'>obligatio.</span> <span class='ocrx_word' id='word_1_143' title='bbox 2563 2229 2622 2282; x_wconf 84' lang='lat'>2.</span> 
     </span>
     <span class='ocr_line' id='line_1_18' title="bbox 450 2309 2624 2401; baseline -0 -22"><span class='ocrx_word' id='word_1_144' title='bbox 450 2321 532 2380; x_wconf 86' lang='lat' dir='ltr'>ad</span> <span class='ocrx_word' id='word_1_145' title='bbox 554 2324 821 2392; x_wconf 86' lang='lat' dir='ltr'>modu-m,</span> <span class='ocrx_word' id='word_1_146' title='bbox 848 2345 981 2382; x_wconf 89' lang='lat' dir='ltr'>cum</span> <span class='ocrx_word' id='word_1_147' title='bbox 1020 2309 1241 2384; x_wconf 73' lang='lat' dir='ltr'>additur</span> <span class='ocrx_word' id='word_1_148' title='bbox 1277 2326 1502 2396; x_wconf 90' lang='lat' dir='ltr'>modus,</span> <span class='ocrx_word' id='word_1_149' title='bbox 1550 2327 1658 2385; x_wconf 90' lang='lat' dir='ltr'>sub</span> <span class='ocrx_word' id='word_1_150' title='bbox 1693 2345 1810 2400; x_wconf 89' lang='lat' dir='ltr'>quo</span> <span class='ocrx_word' id='word_1_151' title='bbox 1839 2336 2161 2384; x_wconf 84' lang='lat' dir='ltr'>contractus</span> <span class='ocrx_word' id='word_1_152' title='bbox 2195 2325 2428 2401; x_wconf 87' lang='lat' dir='ltr'>obliget,</span> <span class='ocrx_word' id='word_1_153' title='bbox 2456 2341 2524 2380; x_wconf 86' lang='lat' dir='ltr'>v:</span> <span class='ocrx_word' id='word_1_154' title='bbox 2555 2341 2624 2399; x_wconf 86' lang='lat' dir='ltr'>g:</span> 
     </span>
     <span class='ocr_line' id='line_1_19' title="bbox 448 2422 2628 2496; baseline 0 -17"><span class='ocrx_word' id='word_1_155' title='bbox 448 2424 713 2495; x_wconf 87' lang='lat' dir='ltr'>promitto</span> <span class='ocrx_word' id='word_1_156' title='bbox 740 2424 849 2486; x_wconf 72' lang='lat' dir='ltr'>tibj.</span> <span class='ocrx_word' id='word_1_157' title='bbox 864 2423 1015 2482; x_wconf 89' lang='lat' dir='ltr'>hune</span> <span class='ocrx_word' id='word_1_158' title='bbox 1041 2443 1277 2496; x_wconf 89' lang='lat' dir='ltr'>equum,</span> <span class='ocrx_word' id='word_1_159' title='bbox 1318 2435 1382 2482; x_wconf 91' lang='lat' dir='ltr'>ut</span> <span class='ocrx_word' id='word_1_160' title='bbox 1406 2426 1559 2484; x_wconf 87' lang='lat' dir='ltr'>loces</span> <span class='ocrx_word' id='word_1_161' title='bbox 1587 2427 1820 2484; x_wconf 89' lang='lat' dir='ltr'>domum</span> <span class='ocrx_word' id='word_1_162' title='bbox 1861 2435 2016 2484; x_wconf 86' lang='lat' dir='ltr'>tuam</span> <span class='ocrx_word' id='word_1_163' title='bbox 2056 2426 2249 2483; x_wconf 84' lang='lat' dir='ltr'>Titio:</span> <span class='ocrx_word' id='word_1_164' title='bbox 2295 2430 2352 2482; x_wconf 88' lang='lat'>3.</span> <span class='ocrx_word' id='word_1_165' title='bbox 2382 2422 2463 2482; x_wconf 81' lang='lat' dir='ltr'>ad</span> <span class='ocrx_word' id='word_1_166' title='bbox 2490 2440 2628 2482; x_wconf 85' lang='lat' dir='ltr'>cau-</span> 
     </span>
     <span class='ocr_line' id='line_1_20' title="bbox 448 2522 2628 2599; baseline 0 -23"><span class='ocrx_word' id='word_1_167' title='bbox 448 2537 601 2588; x_wconf 77' lang='lat' dir='ltr'>sam,</span> <span class='ocrx_word' id='word_1_168' title='bbox 630 2541 806 2594; x_wconf 89' lang='lat' dir='ltr'>quum</span> <span class='ocrx_word' id='word_1_169' title='bbox 824 2522 897 2578; x_wconf 85' lang='lat' dir='ltr'>-fit</span> <span class='ocrx_word' id='word_1_170' title='bbox 922 2533 1154 2599; x_wconf 90' lang='lat' dir='ltr'>propter</span> <span class='ocrx_word' id='word_1_171' title='bbox 1180 2525 1429 2596; x_wconf 89' lang='lat' dir='ltr'>aliquam</span> <span class='ocrx_word' id='word_1_172' title='bbox 1456 2542 1709 2593; x_wconf 90' lang='lat' dir='ltr'>causam,</span> <span class='ocrx_word' id='word_1_173' title='bbox 1739 2543 1866 2597; x_wconf 85' lang='lat' dir='ltr'>quae</span> <span class='ocrx_word' id='word_1_174' title='bbox 1894 2527 1944 2582; x_wconf 88' lang='lat' dir='ltr'>si</span> <span class='ocrx_word' id='word_1_175' title='bbox 1979 2526 2216 2583; x_wconf 90' lang='lat' dir='ltr'>omnino</span> <span class='ocrx_word' id='word_1_176' title='bbox 2244 2523 2409 2589; x_wconf 85' lang='lat' dir='ltr'>desit,</span> <span class='ocrx_word' id='word_1_177' title='bbox 2437 2522 2628 2580; x_wconf 89' lang='lat' dir='ltr'>nullus</span> 
     </span>
     <span class='ocr_line' id='line_1_21' title="bbox 448 2621 2626 2699; baseline 0.001 -23"><span class='ocrx_word' id='word_1_178' title='bbox 448 2621 552 2677; x_wconf 90' lang='lat' dir='ltr'>erit</span> <span class='ocrx_word' id='word_1_179' title='bbox 577 2631 935 2681; x_wconf 76' lang='lat' dir='ltr'>contractus:</span> <span class='ocrx_word' id='word_1_180' title='bbox 980 2623 1187 2694; x_wconf 87' lang='lat' dir='ltr'>siquis</span> <span class='ocrx_word' id='word_1_181' title='bbox 1225 2633 1457 2698; x_wconf 90' lang='lat' dir='ltr'>propter</span> <span class='ocrx_word' id='word_1_182' title='bbox 1494 2633 1881 2699; x_wconf 86' lang='lat' dir='ltr'>paupertatem</span> <span class='ocrx_word' id='word_1_183' title='bbox 1923 2642 2092 2695; x_wconf 88' lang='lat' dir='ltr'>quam</span> <span class='ocrx_word' id='word_1_184' title='bbox 2134 2622 2272 2679; x_wconf 91' lang='lat' dir='ltr'>alter</span> <span class='ocrx_word' id='word_1_185' title='bbox 2309 2621 2474 2695; x_wconf 88' lang='lat' dir='ltr'>fingit</span> <span class='ocrx_word' id='word_1_186' title='bbox 2498 2638 2626 2696; x_wconf 84' lang='lat' dir='ltr'>pro·</span> 
     </span>
     <span class='ocr_line' id='line_1_22' title="bbox 444 2719 2630 2798; baseline 0 -23"><span class='ocrx_word' id='word_1_187' title='bbox 444 2720 629 2776; x_wconf 87' lang='lat' dir='ltr'>mittat</span> <span class='ocrx_word' id='word_1_188' title='bbox 654 2722 708 2778; x_wconf 90' lang='lat' dir='ltr'>ei</span> <span class='ocrx_word' id='word_1_189' title='bbox 736 2722 1060 2798; x_wconf 85' lang='lat' dir='ltr'>pecuniam,</span> <span class='ocrx_word' id='word_1_190' title='bbox 1090 2740 1207 2779; x_wconf 89' lang='lat' dir='ltr'>non</span> <span class='ocrx_word' id='word_1_191' title='bbox 1237 2731 1459 2779; x_wconf 88' lang='lat' dir='ltr'>tenetur</span> <span class='ocrx_word' id='word_1_192' title='bbox 1484 2720 1553 2778; x_wconf 90' lang='lat' dir='ltr'>ad</span> <span class='ocrx_word' id='word_1_193' title='bbox 1581 2740 1708 2778; x_wconf 87' lang='lat' dir='ltr'>eam</span> <span class='ocrx_word' id='word_1_194' title='bbox 1737 2719 2002 2779; x_wconf 88' lang='lat' dir='ltr'>dandam.</span> <span class='ocrx_word' id='word_1_195' title='bbox 2063 2724 2122 2778; x_wconf 84' lang='lat'>4.</span> <span class='ocrx_word' id='word_1_196' title='bbox 2152 2719 2235 2778; x_wconf 86' lang='lat' dir='ltr'>ad</span> <span class='ocrx_word' id='word_1_197' title='bbox 2259 2719 2630 2778; x_wconf 73' lang='lat' dir='ltr'>demonstra-</span> 
     </span>
     <span class='ocr_line' id='line_1_23' title="bbox 443 2816 2626 2897; baseline 0 -24"><span class='ocrx_word' id='word_1_198' title='bbox 443 2816 671 2876; x_wconf 81' lang='lat' dir='ltr'>tionem</span> <span class='ocrx_word' id='word_1_199' title='bbox 696 2837 827 2878; x_wconf 90' lang='lat' dir='ltr'>cum</span> <span class='ocrx_word' id='word_1_200' title='bbox 854 2821 1157 2895; x_wconf 90' lang='lat' dir='ltr'>apponitur</span> <span class='ocrx_word' id='word_1_201' title='bbox 1182 2819 1412 2893; x_wconf 86' lang='lat' dir='ltr'>aliquod</span> <span class='ocrx_word' id='word_1_202' title='bbox 1454 2821 1682 2896; x_wconf 87' lang='lat' dir='ltr'>signum</span> <span class='ocrx_word' id='word_1_203' title='bbox 1723 2819 1795 2877; x_wconf 90' lang='lat' dir='ltr'>ad</span> <span class='ocrx_word' id='word_1_204' title='bbox 1833 2839 1955 2878; x_wconf 88' lang='lat' dir='ltr'>rem</span> <span class='ocrx_word' id='word_1_205' title='bbox 1987 2820 2078 2879; x_wconf 85' lang='lat' dir='ltr'>vel</span> <span class='ocrx_word' id='word_1_206' title='bbox 2105 2837 2410 2897; x_wconf 85' lang='lat' dir='ltr'>personam</span> <span class='ocrx_word' id='word_1_207' title='bbox 2437 2829 2626 2874; x_wconf 87' lang='lat' dir='ltr'>osten·</span> 
     </span>
     <span class='ocr_line' id='line_1_24' title="bbox 446 2914 2624 2996; baseline 0.001 -25"><span class='ocrx_word' id='word_1_208' title='bbox 446 2914 714 2982; x_wconf 89' lang='lat' dir='ltr'>dendam,</span> <span class='ocrx_word' id='word_1_209' title='bbox 761 2937 832 2973; x_wconf 83' lang='lat' dir='ltr'>v:</span> <span class='ocrx_word' id='word_1_210' title='bbox 881 2937 950 2992; x_wconf 83' lang='lat' dir='ltr'>g:</span> <span class='ocrx_word' id='word_1_211' title='bbox 1000 2918 1499 2995; x_wconf 82' lang='lat' dir='ltr'>pecuniam‘apud</span> <span class='ocrx_word' id='word_1_212' title='bbox 1538 2919 1984 2978; x_wconf 87' lang='lat' dir='ltr'>nummularium</span> <span class='ocrx_word' id='word_1_213' title='bbox 2028 2919 2357 2996; x_wconf 86' lang='lat' dir='ltr'>repositam,</span> <span class='ocrx_word' id='word_1_214' title='bbox 2402 2917 2496 2974; x_wconf 88' lang='lat' dir='ltr'>vel</span> <span class='ocrx_word' id='word_1_215' title='bbox 2527 2918 2624 2994; x_wconf 86' lang='lat' dir='ltr'>jus</span> 
     </span>
     <span class='ocr_line' id='line_1_25' title="bbox 448 3011 2630 3092; baseline 0.002 -23"><span class='ocrx_word' id='word_1_216' title='bbox 448 3011 604 3084; x_wconf 91' lang='lat' dir='ltr'>quod</span> <span class='ocrx_word' id='word_1_217' title='bbox 631 3014 758 3086; x_wconf 88' lang='lat' dir='ltr'>quis</span> <span class='ocrx_word' id='word_1_218' title='bbox 800 3015 969 3073; x_wconf 89' lang='lat' dir='ltr'>habet</span> <span class='ocrx_word' id='word_1_219' title='bbox 1004 3016 1065 3073; x_wconf 91' lang='lat' dir='ltr'>in</span> <span class='ocrx_word' id='word_1_220' title='bbox 1104 3035 1302 3074; x_wconf 85' lang='lat' dir='ltr'>mensa</span> <span class='ocrx_word' id='word_1_221' title='bbox 1342 3019 1678 3077; x_wconf 89' lang='lat' dir='ltr'>nummaria.</span> <span class='ocrx_word' id='word_1_222' title='bbox 1723 3023 1780 3077; x_wconf 81' lang='lat'>5.</span> <span class='ocrx_word' id='word_1_223' title='bbox 1811 3018 1893 3077; x_wconf 86' lang='lat' dir='ltr'>ad</span> <span class='ocrx_word' id='word_1_224' title='bbox 1918 3017 2343 3085; x_wconf 76' lang='lat' dir='ltr'>conditionem,</span> <span class='ocrx_word' id='word_1_225' title='bbox 2371 3035 2504 3074; x_wconf 89' lang='lat' dir='ltr'>cum</span> <span class='ocrx_word' id='word_1_226' title='bbox 2533 3035 2630 3092; x_wconf 87' lang='lat' dir='ltr'>ap-</span> 
     </span>
     <span class='ocr_line' id='line_1_26' title="bbox 451 3107 2371 3186; baseline 0.007 -19"><span class='ocrx_word' id='word_1_227' title='bbox 451 3112 683 3186; x_wconf 87' lang='lat' dir='ltr'>ponitur</span> <span class='ocrx_word' id='word_1_228' title='bbox 708 3112 896 3186; x_wconf 87' lang='lat' dir='ltr'>aliqua</span> <span class='ocrx_word' id='word_1_229' title='bbox 922 3114 1191 3172; x_wconf 75' lang='lat' dir='ltr'>conditio·</span> <span class='ocrx_word' id='word_1_230' title='bbox 2367 3107 2371 3111; x_wconf 36' lang='lat'>¹</span> 
     </span>
    </p>
   </div>
   <div class='ocr_carea' id='block_1_3' title="bbox 878 3299 2087 3380">
    <p class='ocr_par' dir='ltr' id='par_1_4' title="bbox 878 3299 2087 3380">
     <span class='ocr_line' id='line_1_27' title="bbox 878 3299 2087 3380; baseline 0.003 -24"><span class='ocrx_word' id='word_1_231' title='bbox 878 3319 883 3324; x_wconf 92' lang='lat'><strong>·</strong></span> <span class='ocrx_word' id='word_1_232' title='bbox 986 3300 1035 3373; x_wconf 91' lang='lat'>§.</span> <span class='ocrx_word' id='word_1_233' title='bbox 1067 3299 1147 3357; x_wconf 90' lang='lat' dir='ltr'>II.</span> <span class='ocrx_word' id='word_1_234' title='bbox 1233 3301 1354 3380; x_wconf 70' lang='lat' dir='ltr'>Qur</span> <span class='ocrx_word' id='word_1_235' title='bbox 1381 3319 1791 3370; x_wconf 66' lang='lat' dir='ltr'>com-numan</span> <span class='ocrx_word' id='word_1_236' title='bbox 1820 3321 2087 3361; x_wconf 77' lang='lat' dir='ltr'>Possm&#39;r.</span> 
     </span>
    </p>
   </div>
   <div class='ocr_carea' id='block_1_4' title="bbox 452 3467 2635 3646">
    <p class='ocr_par' dir='ltr' id='par_1_5' title="bbox 452 3467 2635 3646">
     <span class='ocr_line' id='line_1_28' title="bbox 529 3467 2635 3560; baseline 0.002 -36"><span class='ocrx_word' id='word_1_237' title='bbox 529 3473 587 3525; x_wconf 87' lang='lat'>4.</span> <span class='ocrx_word' id='word_1_238' title='bbox 634 3467 721 3526; x_wconf 83' lang='lat' dir='ltr'>Ad</span> <span class='ocrx_word' id='word_1_239' title='bbox 762 3469 1209 3529; x_wconf 89' lang='lat' dir='ltr'>contrahendum</span> <span class='ocrx_word' id='word_1_240' title='bbox 1250 3471 1425 3560; x_wconf 83' lang='lat' dir='ltr'>libera</span> <span class='ocrx_word' id='word_1_241' title='bbox 1464 3473 1742 3531; x_wconf 88' lang='lat' dir='ltr'>bonorum</span> <span class='ocrx_word' id='word_1_242' title='bbox 1789 3491 2022 3530; x_wconf 87' lang='lat' dir='ltr'>suorum</span> <span class='ocrx_word' id='word_1_243' title='bbox 2063 3471 2472 3530; x_wconf 87' lang='lat' dir='ltr'>administratio</span> <span class='ocrx_word' id='word_1_244' title='bbox 2517 3471 2635 3545; x_wconf 90' lang='lat' dir='ltr'>ple-</span> 
     </span>
     <span class='ocr_line' id='line_1_29' title="bbox 452 3569 2634 3646; baseline 0.001 -22"><span class='ocrx_word' id='word_1_245' title='bbox 452 3585 691 3642; x_wconf 86' lang='lat' dir='ltr'>rumque</span> <span class='ocrx_word' id='word_1_246' title='bbox 732 3569 1051 3641; x_wconf 88' lang='lat' dir='ltr'>requiritur.</span> <span class='ocrx_word' id='word_1_247' title='bbox 1135 3570 1243 3628; x_wconf 88' lang='lat' dir='ltr'>Jus</span> <span class='ocrx_word' id='word_1_248' title='bbox 1285 3571 1452 3630; x_wconf 89' lang='lat' dir='ltr'>civile</span> <span class='ocrx_word' id='word_1_249' title='bbox 1492 3573 1676 3630; x_wconf 82' lang='lat' dir='ltr'>obstat</span> <span class='ocrx_word' id='word_1_250' title='bbox 1724 3590 1796 3629; x_wconf 90' lang='lat' dir='ltr'>ne</span> <span class='ocrx_word' id='word_1_251' title='bbox 1834 3572 1939 3629; x_wconf 87' lang='lat' dir='ltr'>filii</span> <span class='ocrx_word' id='word_1_252' title='bbox 1977 3570 2221 3628; x_wconf 82' lang='lat' dir='ltr'>familias</span> <span class='ocrx_word' id='word_1_253' title='bbox 2260 3571 2526 3646; x_wconf 87' lang='lat' dir='ltr'>impubes</span> <span class='ocrx_word' id='word_1_254' title='bbox 2573 3588 2634 3626; x_wconf 88' lang='lat' dir='ltr'>se</span> 
     </span>
    </p>
   </div>
   <div class='ocr_carea' id='block_1_5' title="bbox 456 3753 2640 4502">
    <p class='ocr_par' dir='ltr' id='par_1_6' title="bbox 456 3753 2640 4242">
     <span class='ocr_line' id='line_1_30' title="bbox 528 3753 2640 3821; baseline 0.001 -21"><span class='ocrx_word' id='word_1_255' title='bbox 528 3755 613 3820; x_wconf 94' lang='grc'>(1)</span> <span class='ocrx_word' id='word_1_256' title='bbox 654 3762 683 3786; x_wconf 85' lang='grc'><strong>“</strong></span> <span class='ocrx_word' id='word_1_257' title='bbox 702 3753 813 3804; x_wconf 84' lang='lat' dir='ltr'>The</span> <span class='ocrx_word' id='word_1_258' title='bbox 848 3763 1123 3816; x_wconf 83' lang='lat' dir='ltr'>agreement</span> <span class='ocrx_word' id='word_1_259' title='bbox 1154 3772 1365 3820; x_wconf 84' lang='lat' dir='ltr'>conveys</span> <span class='ocrx_word' id='word_1_260' title='bbox 1388 3772 1453 3806; x_wconf 83' lang='lat' dir='ltr'>an</span> <span class='ocrx_word' id='word_1_261' title='bbox 1485 3757 1682 3806; x_wconf 87' lang='lat' dir='ltr'>interest</span> <span class='ocrx_word' id='word_1_262' title='bbox 1713 3756 1864 3806; x_wconf 88' lang='lat' dir='ltr'>either</span> <span class='ocrx_word' id='word_1_263' title='bbox 1897 3754 1955 3806; x_wconf 78' lang='lat' dir='ltr'>in</span> <span class='ocrx_word' id='word_1_264' title='bbox 1979 3754 2276 3821; x_wconf 71' lang='lat' dir='ltr'>possession,</span> <span class='ocrx_word' id='word_1_265' title='bbox 2297 3770 2354 3804; x_wconf 84' lang='lat' dir='ltr'>or</span> <span class='ocrx_word' id='word_1_266' title='bbox 2374 3753 2432 3804; x_wconf 79' lang='lat' dir='ltr'>in</span> <span class='ocrx_word' id='word_1_267' title='bbox 2455 3754 2640 3806; x_wconf 81' lang='lat' dir='ltr'>action.</span> 
     </span>
     <span class='ocr_line' id='line_1_31' title="bbox 457 3835 2628 3904; baseline 0 -18"><span class='ocrx_word' id='word_1_268' title='bbox 457 3835 513 3896; x_wconf 78' lang='lat' dir='ltr'>If,</span> <span class='ocrx_word' id='word_1_269' title='bbox 534 3837 607 3886; x_wconf 80' lang='lat' dir='ltr'>for</span> <span class='ocrx_word' id='word_1_270' title='bbox 647 3839 880 3898; x_wconf 82' lang='lat' dir='ltr'>instance,</span> <span class='ocrx_word' id='word_1_271' title='bbox 903 3855 996 3888; x_wconf 91' lang='lat' dir='ltr'>one</span> <span class='ocrx_word' id='word_1_272' title='bbox 1017 3855 1191 3904; x_wconf 87' lang='lat' dir='ltr'>person</span> <span class='ocrx_word' id='word_1_273' title='bbox 1214 3842 1327 3889; x_wconf 82' lang='lat' dir='ltr'>sells</span> <span class='ocrx_word' id='word_1_274' title='bbox 1348 3841 1445 3890; x_wconf 83' lang='lat' dir='ltr'>and</span> <span class='ocrx_word' id='word_1_275' title='bbox 1478 3841 1680 3889; x_wconf 80' lang='lat' dir='ltr'>delivers</span> <span class='ocrx_word' id='word_1_276' title='bbox 1713 3839 1863 3900; x_wconf 80' lang='lat' dir='ltr'>goods</span> <span class='ocrx_word' id='word_1_277' title='bbox 1886 3845 1937 3886; x_wconf 90' lang='lat' dir='ltr'>to</span> <span class='ocrx_word' id='word_1_278' title='bbox 1974 3837 2174 3886; x_wconf 81' lang='lat' dir='ltr'>another</span> <span class='ocrx_word' id='word_1_279' title='bbox 2195 3837 2268 3886; x_wconf 88' lang='lat' dir='ltr'>for</span> <span class='ocrx_word' id='word_1_280' title='bbox 2289 3853 2320 3886; x_wconf 85' lang='lat' dir='ltr'>a</span> <span class='ocrx_word' id='word_1_281' title='bbox 2351 3839 2480 3902; x_wconf 85' lang='lat' dir='ltr'>price</span> <span class='ocrx_word' id='word_1_282' title='bbox 2500 3839 2628 3904; x_wconf 87' lang='lat' dir='ltr'>paid‚</span> 
     </span>
     <span class='ocr_line' id='line_1_32' title="bbox 458 3919 2632 3986; baseline 0.001 -17"><span class='ocrx_word' id='word_1_283' title='bbox 458 3919 541 3970; x_wconf 85' lang='lat' dir='ltr'>the</span> <span class='ocrx_word' id='word_1_284' title='bbox 564 3930 839 3984; x_wconf 84' lang='lat' dir='ltr'>agreement</span> <span class='ocrx_word' id='word_1_285' title='bbox 855 3923 898 3971; x_wconf 87' lang='lat' dir='ltr'>is</span> <span class='ocrx_word' id='word_1_286' title='bbox 922 3921 1165 3983; x_wconf 76' lang='lat' dir='ltr'>executed,</span> <span class='ocrx_word' id='word_1_287' title='bbox 1183 3924 1280 3972; x_wconf 84' lang='lat' dir='ltr'>and</span> <span class='ocrx_word' id='word_1_288' title='bbox 1301 3925 1522 3972; x_wconf 80' lang='lat' dir='ltr'>becomes</span> <span class='ocrx_word' id='word_1_289' title='bbox 1543 3922 1781 3986; x_wconf 79' lang='lat' dir='ltr'>complete</span> <span class='ocrx_word' id='word_1_290' title='bbox 1803 3921 1899 3970; x_wconf 83' lang='lat' dir='ltr'>and</span> <span class='ocrx_word' id='word_1_291' title='bbox 1922 3922 2164 3981; x_wconf 79' lang='lat' dir='ltr'>absolute3</span> <span class='ocrx_word' id='word_1_292' title='bbox 2185 3923 2272 3970; x_wconf 93' lang='lat' dir='ltr'>but</span> <span class='ocrx_word' id='word_1_293' title='bbox 2294 3922 2338 3970; x_wconf 84' lang='lat' dir='ltr'>if</span> <span class='ocrx_word' id='word_1_294' title='bbox 2353 3922 2434 3971; x_wconf 86' lang='lat' dir='ltr'>the</span> <span class='ocrx_word' id='word_1_295' title='bbox 2453 3924 2632 3973; x_wconf 88' lang='lat' dir='ltr'>vendor</span> 
     </span>
     <span class='ocr_line' id='line_1_33' title="bbox 460 3999 2635 4071; baseline 0.001 -16"><span class='ocrx_word' id='word_1_296' title='bbox 460 4021 622 4066; x_wconf 71' lang='lat' dir='ltr'>agrees</span> <span class='ocrx_word' id='word_1_297' title='bbox 644 4014 694 4056; x_wconf 88' lang='lat' dir='ltr'>to</span> <span class='ocrx_word' id='word_1_298' title='bbox 718 4009 804 4057; x_wconf 86' lang='lat' dir='ltr'>sell</span> <span class='ocrx_word' id='word_1_299' title='bbox 819 4008 916 4057; x_wconf 81' lang='lat' dir='ltr'>and</span> <span class='ocrx_word' id='word_1_300' title='bbox 938 4008 1115 4057; x_wconf 82' lang='lat' dir='ltr'>deliver</span> <span class='ocrx_word' id='word_1_301' title='bbox 1129 4015 1178 4056; x_wconf 83' lang='lat' dir='ltr'>at</span> <span class='ocrx_word' id='word_1_302' title='bbox 1196 4024 1225 4056; x_wconf 83' lang='lat' dir='ltr'>a</span> <span class='ocrx_word' id='word_1_303' title='bbox 1246 4006 1405 4057; x_wconf 85' lang='lat' dir='ltr'>future</span> <span class='ocrx_word' id='word_1_304' title='bbox 1421 4007 1553 4065; x_wconf 85' lang='lat' dir='ltr'>time,</span> <span class='ocrx_word' id='word_1_305' title='bbox 1577 4007 1674 4056; x_wconf 83' lang='lat' dir='ltr'>and</span> <span class='ocrx_word' id='word_1_306' title='bbox 1695 4006 1768 4055; x_wconf 86' lang='lat' dir='ltr'>for</span> <span class='ocrx_word' id='word_1_307' title='bbox 1784 4023 1813 4055; x_wconf 82' lang='lat' dir='ltr'>a</span> <span class='ocrx_word' id='word_1_308' title='bbox 1836 4005 2091 4071; x_wconf 81' lang='lat' dir='ltr'>stipulated</span> <span class='ocrx_word' id='word_1_309' title='bbox 2113 3999 2256 4070; x_wconf 78' lang='lat' dir='ltr'>price,</span> <span class='ocrx_word' id='word_1_310' title='bbox 2280 4007 2376 4055; x_wconf 81' lang='lat' dir='ltr'>and</span> <span class='ocrx_word' id='word_1_311' title='bbox 2394 4007 2476 4056; x_wconf 85' lang='lat' dir='ltr'>the</span> <span class='ocrx_word' id='word_1_312' title='bbox 2499 4009 2635 4058; x_wconf 84' lang='lat' dir='ltr'>other</span> 
     </span>
     <span class='ocr_line' id='line_1_34' title="bbox 456 4092 2638 4158; baseline 0 -15"><span class='ocrx_word' id='word_1_313' title='bbox 456 4100 595 4156; x_wconf 81' lang='lat' dir='ltr'>party</span> <span class='ocrx_word' id='word_1_314' title='bbox 618 4110 781 4155; x_wconf 82' lang='lat' dir='ltr'>agrees</span> <span class='ocrx_word' id='word_1_315' title='bbox 804 4102 855 4143; x_wconf 93' lang='lat' dir='ltr'>to</span> <span class='ocrx_word' id='word_1_316' title='bbox 889 4101 1055 4158; x_wconf 82' lang='lat' dir='ltr'>accept</span> <span class='ocrx_word' id='word_1_317' title='bbox 1075 4094 1170 4143; x_wconf 84' lang='lat' dir='ltr'>and</span> <span class='ocrx_word' id='word_1_318' title='bbox 1204 4111 1316 4158; x_wconf 84' lang='lat' dir='ltr'>pay,</span> <span class='ocrx_word' id='word_1_319' title='bbox 1349 4094 1432 4143; x_wconf 83' lang='lat' dir='ltr'>the</span> <span class='ocrx_word' id='word_1_320' title='bbox 1477 4101 1693 4146; x_wconf 80' lang='lat' dir='ltr'>contract</span> <span class='ocrx_word' id='word_1_321' title='bbox 1713 4094 1754 4142; x_wconf 90' lang='lat' dir='ltr'>is</span> <span class='ocrx_word' id='word_1_322' title='bbox 1797 4100 2057 4157; x_wconf 83' lang='lat' dir='ltr'>executory</span> <span class='ocrx_word' id='word_1_323' title='bbox 2098 4092 2196 4142; x_wconf 75' lang='lat' dir='ltr'>and</span> <span class='ocrx_word' id='word_1_324' title='bbox 2232 4099 2350 4142; x_wconf 84' lang='lat' dir='ltr'>rests</span> <span class='ocrx_word' id='word_1_325' title='bbox 2386 4093 2439 4143; x_wconf 89' lang='lat' dir='ltr'>in</span> <span class='ocrx_word' id='word_1_326' title='bbox 2477 4095 2638 4144; x_wconf 84' lang='lat' dir='ltr'>action</span> 
     </span>
     <span class='ocr_line' id='line_1_35' title="bbox 460 4177 1557 4242; baseline 0.002 -17"><span class='ocrx_word' id='word_1_327' title='bbox 460 4177 685 4242; x_wconf 84' lang='lat' dir='ltr'>merely.”</span> <span class='ocrx_word' id='word_1_328' title='bbox 756 4179 931 4228; x_wconf 89' lang='lat' dir='ltr'>Kent&#39;s</span> <span class='ocrx_word' id='word_1_329' title='bbox 965 4179 1158 4229; x_wconf 87' lang='lat' dir='ltr'>Comm.</span> <span class='ocrx_word' id='word_1_330' title='bbox 1179 4181 1272 4228; x_wconf 85' lang='lat' dir='ltr'>vol.</span> <span class='ocrx_word' id='word_1_331' title='bbox 1296 4180 1345 4228; x_wconf 89' lang='lat' dir='ltr'>ii.</span> <span class='ocrx_word' id='word_1_332' title='bbox 1367 4195 1418 4227; x_wconf 90' lang='lat' dir='ltr'>n.</span> <span class='ocrx_word' id='word_1_333' title='bbox 1439 4180 1557 4227; x_wconf 82' lang='lat'>450.</span> 
     </span>
    </p>

    <p class='ocr_par' dir='ltr' id='par_1_7' title="bbox 456 4263 2632 4502">
     <span class='ocr_line' id='line_1_36' title="bbox 532 4263 2632 4329; baseline 0.003 -19"><span class='ocrx_word' id='word_1_334' title='bbox 532 4264 616 4329; x_wconf 76' lang='lat'>(2)</span> <span class='ocrx_word' id='word_1_335' title='bbox 656 4273 685 4297; x_wconf 80' lang='lat'>‘⁴</span> <span class='ocrx_word' id='word_1_336' title='bbox 704 4263 783 4314; x_wconf 85' lang='lat' dir='ltr'>To</span> <span class='ocrx_word' id='word_1_337' title='bbox 804 4265 948 4314; x_wconf 83' lang='lat' dir='ltr'>reach</span> <span class='ocrx_word' id='word_1_338' title='bbox 968 4264 1066 4314; x_wconf 79' lang='lat' dir='ltr'>and</span> <span class='ocrx_word' id='word_1_339' title='bbox 1088 4281 1224 4328; x_wconf 79' lang='lat' dir='ltr'>carry</span> <span class='ocrx_word' id='word_1_340' title='bbox 1240 4264 1352 4314; x_wconf 79' lang='lat' dir='ltr'>&#39;that</span> <span class='ocrx_word' id='word_1_341' title='bbox 1373 4265 1614 4314; x_wconf 76' lang='lat' dir='ltr'>intention</span> <span class='ocrx_word' id='word_1_342' title='bbox 1635 4265 1740 4315; x_wconf 89' lang='lat' dir='ltr'>into</span> <span class='ocrx_word' id='word_1_343' title='bbox 1761 4265 1915 4326; x_wconf 68' lang='lat' dir='ltr'>efflet,</span> <span class='ocrx_word' id='word_1_344' title='bbox 1942 4267 2024 4316; x_wconf 82' lang='lat' dir='ltr'>the</span> <span class='ocrx_word' id='word_1_345' title='bbox 2040 4269 2150 4329; x_wconf 83' lang='lat' dir='ltr'>law,</span> <span class='ocrx_word' id='word_1_346' title='bbox 2184 4269 2330 4318; x_wconf 84' lang='lat' dir='ltr'>when</span> <span class='ocrx_word' id='word_1_347' title='bbox 2351 4269 2390 4318; x_wconf 88' lang='lat' dir='ltr'>it</span> <span class='ocrx_word' id='word_1_348' title='bbox 2410 4270 2632 4319; x_wconf 83' lang='lat' dir='ltr'>becomes</span> 
     </span>
     <span class='ocr_line' id='line_1_37' title="bbox 461 4339 2630 4418; baseline 0.001 -19"><span class='ocrx_word' id='word_1_349' title='bbox 461 4365 727 4415; x_wconf 79' lang='lat' dir='ltr'>necessary,</span> <span class='ocrx_word' id='word_1_350' title='bbox 750 4352 851 4400; x_wconf 88' lang='lat' dir='ltr'>will</span> <span class='ocrx_word' id='word_1_351' title='bbox 874 4351 1057 4402; x_wconf 67' lang='lat' dir='ltr'>control</span> <span class='ocrx_word' id='word_1_352' title='bbox 1078 4367 1203 4400; x_wconf 79' lang='lat' dir='ltr'>even</span> <span class='ocrx_word' id='word_1_353' title='bbox 1225 4351 1307 4400; x_wconf 89' lang='lat' dir='ltr'>the</span> <span class='ocrx_word' id='word_1_354' title='bbox 1342 4351 1493 4400; x_wconf 83' lang='lat' dir='ltr'>literal</span> <span class='ocrx_word' id='word_1_355' title='bbox 1514 4358 1662 4400; x_wconf 79' lang='lat' dir='ltr'>terme</span> <span class='ocrx_word' id='word_1_356' title='bbox 1685 4352 1741 4400; x_wconf 85' lang='lat' dir='ltr'>of</span> <span class='ocrx_word' id='word_1_357' title='bbox 1767 4352 1850 4402; x_wconf 86' lang='lat' dir='ltr'>the</span> <span class='ocrx_word' id='word_1_358' title='bbox 1884 4339 2113 4414; x_wconf 66' lang='lat' dir='ltr'>continet,</span> <span class='ocrx_word' id='word_1_359' title='bbox 2137 4353 2180 4403; x_wconf 85' lang='lat' dir='ltr'>if</span> <span class='ocrx_word' id='word_1_360' title='bbox 2214 4353 2329 4418; x_wconf 84' lang='lat' dir='ltr'>they</span> <span class='ocrx_word' id='word_1_361' title='bbox 2356 4353 2630 4416; x_wconf 78' lang='lat' dir='ltr'>manifestly</span> 
     </span>
     <span class='ocr_line' id='line_1_38' title="bbox 456 4436 1586 4502; baseline -0.001 -18"><span class='ocrx_word' id='word_1_362' title='bbox 456 4443 741 4486; x_wconf 72' lang='lat' dir='ltr'>conta-avene</span> <span class='ocrx_word' id='word_1_363' title='bbox 764 4438 846 4486; x_wconf 88' lang='lat' dir='ltr'>the</span> <span class='ocrx_word' id='word_1_364' title='bbox 868 4436 1120 4502; x_wconf 82' lang='lat' dir='ltr'>purpose.’&#39;</span> <span class='ocrx_word' id='word_1_365' title='bbox 1191 4437 1375 4488; x_wconf 91' lang='lat' dir='ltr'>Ibidem</span> <span class='ocrx_word' id='word_1_366' title='bbox 1395 4453 1445 4486; x_wconf 85' lang='lat' dir='ltr'>n.</span> <span class='ocrx_word' id='word_1_367' title='bbox 1471 4438 1586 4484; x_wconf 83' lang='lat'>555.</span> 
     </span>
    </p>
   </div>
   <div class='ocr_carea' id='block_1_6' title="bbox 532 4524 842 4588">
    <p class='ocr_par' dir='ltr' id='par_1_8' title="bbox 532 4524 842 4588">
     <span class='ocr_line' id='line_1_39' title="bbox 532 4524 842 4588; baseline 0.003 -15"><span class='ocrx_word' id='word_1_368' title='bbox 532 4528 607 4588; x_wconf 84' lang='lat'>(3)</span> <span class='ocrx_word' id='word_1_369' title='bbox 643 4524 842 4574; x_wconf 84' lang='lat' dir='ltr'>Ibidem.</span> 
     </span>
    </p>
   </div>
  </div>
 </body>
</html>
