3117 5217
1265 571 1376 630 DE
1421 546 1807 630 DOMINIS.
2550 570 2623 623 41

447 741 614 797 tentia
639 757 700 797 se
726 741 1003 808 irretiunt,
1033 742 1256 813 quoties
1281 742 1430 799 bona
1470 740 1565 798 illa
1605 740 1679 798 ad
1718 742 1939 799 alienos
1980 758 2119 798 usus
2162 746 2513 806 convertunt,
2543 738 2635 796 vel

447 840 556 895 sibi
582 849 874 915 usurpant,
904 840 962 897 in
992 858 1281 898 sacrorum
1312 842 1723 907 ministrorum,
1752 841 1843 899 vel
1874 840 2179 906 Ecclesiae‚
2208 838 2628 895 detrimentum.

447 937 561 1003 Qui
585 938 759 1013 igitur
783 937 1066 1014 denegant
1091 938 1474 997 sacerdotibus
1499 940 1606 996 rite
1633 938 1947 1014 designatis
1975 940 2045 995 ab
2082 940 2355 1013 episcopo
2382 935 2637 994 subsidia

446 1046 718 1095 consueta
758 1036 826 1117 ad
871 1036 1172 1095 honestam
1213 1038 1685 1095 sustentationem
1731 1038 2077 1103 necessaria,
2122 1045 2316 1093 eontra
2352 1036 2633 1112 justitiam

446 1144 700 1210 peceant.
755 1136 872 1201 Qui
900 1135 1180 1193 Ecclesiae
1207 1136 1473 1193 thesauro
1501 1136 1805 1193 abutuntur
1830 1144 1893 1193 ut
1914 1135 2139 1193 libellos
2166 1134 2417 1192 famosos
2446 1132 2633 1200 edant,

443 1233 535 1291 vel
561 1233 689 1292 lites
717 1234 1012 1291 instituant
1035 1235 1298 1311 injustaS‚
1323 1235 1635 1310 praesertim
1660 1244 1855 1291 eontra
1880 1233 2151 1309 praesules
2171 1233 2632 1309 presbyterosve,

445 1332 518 1389 ad
544 1333 739 1389 omnia
765 1331 1088 1389 damnanda
1113 1332 1468 1390 resarcienda
1509 1341 1787 1390 tenentur.
1872 1332 1989 1398 Qui
2031 1333 2178 1389 bona
2224 1333 2281 1389 in
2308 1331 2634 1389 scholarum

446 1448 640 1496 usum,
684 1430 777 1487 vel
823 1430 894 1486 ad
941 1430 1156 1487 cultum
1203 1431 1498 1507 speciatim
1544 1430 1771 1498 donata,
1819 1432 1911 1488 vel
1932 1432 2131 1505 ·legata
2176 1438 2529 1498 testamento,
2576 1431 2636 1487 in

449 1528 590 1585 alios
619 1548 757 1586 usus
785 1538 1136 1596 convertunt,
1166 1530 1288 1604 pari
1315 1528 1647 1587 restituendi
1686 1531 1847 1587 oneri
1876 1529 2271 1605 subjiciuntur.
2338 1528 2640 1588 Tenentur

449 1636 636 1684 autem
667 1627 878 1703 singuli
905 1626 965 1683 in
995 1626 1261 1684 solidum.

524 1729 624 1783 27.
669 1726 845 1783 Sacra
869 1725 1240 1783 eeclesiarum
1287 1726 1549 1801 supellex
1590 1736 1681 1783 est
1722 1724 2092 1783 custodienda
2130 1733 2189 1781 et
2212 1724 2640 1783 transmittenda

445 1824 502 1880 in
531 1842 724 1882 earum
753 1824 1070 1891 utilitatem,
1113 1842 1218 1881 nee
1257 1834 1466 1881 temere
1507 1824 1777 1897 cuiquam
1820 1834 2111 1896 tamquam
2152 1842 2255 1881 sua
2293 1822 2634 1899 usurpanda.

447 1922 737 1994 Equidem
768 1940 894 1995 quae
921 1923 1054 1995 quis
1079 1924 1190 1979 sibi
1215 1925 1458 1999 pecunia
1497 1924 1867 2000 comparavit,
1896 1922 1987 1979 vel
2013 1940 2139 1994 quse
2164 1922 2307 1980 alter
2332 1923 2385 1979 ei
2412 1922 2641 1981 donavit

447 2040 578 2077 vasa
604 2040 783 2089 saera,
813 2040 913 2077 seu
943 2030 1152 2089 vestes,
1181 2031 1374 2097 potest
1389 2024 1664 2080 retinere:
1708 2021 1813 2079 sed
1841 2040 1967 2094 quae
1995 2040 2029 2077 a
2046 2020 2307 2079 fidelibus
2333 2022 2392 2079 in
2422 2022 2637 2079 cultum

447 2119 699 2178 divinum
729 2120 858 2177 data
877 2130 1030 2187 sunt,
1053 2122 1390 2196 plerumque
1411 2119 1699 2179 censenda
1718 2129 1851 2179 sunt
1876 2120 1935 2178 in
1957 2138 2319 2178 communem
2341 2121 2635 2178 utilitatem

445 2218 738 2285 destinata,
769 2219 880 2275 nisi
909 2220 1251 2277 contrarium
1281 2228 1538 2277 constet:
1586 2228 1933 2295 quapropter
1958 2219 2268 2295 sacrilegus
2296 2228 2385 2275 est
2421 2220 2521 2292 qui
2548 2237 2636 2286 ea,

445 2329 638 2375 eontra
664 2318 1000 2375 donatorum
1021 2331 1290 2385 mentem,
1321 2317 1521 2387 aufert,
1553 2336 1770 2391 suaque
1799 2318 1955 2375 facit.
2041 2318 2141 2373 Sic
2183 2326 2240 2374 et
2264 2300 2417 2375 bona
2433 2318 2637 2375 imino·

447 2416 586 2473 bilia
611 2415 870 2474 habenda
895 2427 1028 2474 sunt
1052 2417 1331 2485 ecclesiae,
1361 2435 1476 2474 non
1503 2427 1693 2475 autem
1720 2418 2083 2493 cujusquam,
2118 2417 2231 2473 nisi
2258 2417 2317 2474 in
2344 2416 2637 2474 fideicom-

450 2516 709 2572 missum.
791 2514 951 2572 Bene
993 2506 1540 2592 scripsit'Lessius:
1588 2524 1627 2552 ‘⁶
1652 2516 1848 2573 Nemo
1888 2514 1947 2572 in
1989 2514 2308 2590 particulari
2349 2516 2519 2572 habet
2542 2514 2641 2571 do-

449 2612 688 2671 minium
715 2614 987 2671 bonorum
1033 2614 1412 2672 immobilium
1457 2614 1715 2671 ecclesiae
1754 2612 1848 2670 vel
1889 2611 2257 2687 supellectilis
2284 2631 2493 2679 sacrae3
2536 2612 2640 2670 sed

449 2722 628 2768 eoetus
655 2712 1169 2771 ecclesiasticorum
1197 2714 1478 2789 cujusque
1519 2711 1775 2769 ecclesiae
1820 2711 1995 2767 habet
2018 2708 2333 2769 dominium
2362 2711 2641 2769 bonorum

449 2828 566 2867 suae
594 2803 952 2868 eeclesiae.”¹

525 2914 624 2966 28.
668 2910 836 2967 Bon'a
875 2910 1260 2968 ecclesiastica
1301 2910 1466 2985 juxta
1507 2908 1844 2966 donatorum
1884 2908 2273 2965 intentionem·
2310 2917 2443 2965 sunt
2482 2906 2641 2966 adhi-

447 3007 662 3065 benda:
707 3009 758 3065 si
785 3019 972 3065 autem
998 3009 1222 3065 eveniat
1254 3007 1466 3079 aliquid
1507 3008 1662 3079 quod
1702 3008 1837 3065 huic
1876 3006 2237 3081 dispositioni
2266 3008 2469 3074 obstet,
2498 3026 2639 3083 prae·

449 3106 658 3171 sulum,
687 3107 782 3164 vel
807 3106 1068 3174 aliorum,
1092 3126 1334 3180 quorum
1363 3108 1617 3174 interest,
1649 3108 1757 3165 erit
1774 3107 1988 3164 summi
2016 3104 2315 3163 Pontificis
2336 3107 2639 3182 implorare

449 3207 871 3273 auctoritatem3
915 3206 1042 3282 ipse
1070 3207 1246 3273 enim,
1276 3185 1475 3281 utpote
1509 3207 1610 3262 toti
1642 3205 1923 3263 Ecclesiae
1964 3204 2287 3280 praesectuS,
2316 3207 2639 3282 praecipuus

446 3304 730 3362 bonorum
757 3305 1270 3363 ecclesiasticorum
1297 3304 1655 3381 dispensator
1696 3314 1801 3363 est.
1886 3304 2109 3362 Poterit
2148 3304 2321 3381 igitur
2363 3305 2516 3381 piam
2542 3305 2641 3362 do·

449 3413 709 3461 natorum
737 3404 1082 3462 voluntatem
1110 3405 1169 3462 in
1196 3404 1294 3461 illa
1321 3422 1508 3461 rerum
1531 3403 1859 3462 conditione
1879 3404 2253 3479 interpretari,
2276 3413 2334 3460 et
2359 3404 2638 3461 Ecclesiae

450 3501 783 3560 utilitatibus
811 3503 1132 3561 consulere.
1219 3502 1377 3560 Hinc
1403 3502 1694 3577 pontificia
1723 3504 2023 3560 auctoritas
2065 3520 2219 3577 saepe
2246 3502 2455 3576 saepius
2484 3500 2641 3558 adhi-

449 3602 566 3657 bita
591 3610 680 3657 est
717 3600 786 3657 ad
831 3600 1234 3660 condonandas
1277 3602 1516 3678 injurias
1557 3622 1591 3657 a
1632 3601 1829 3659 saeeuli
1868 3600 2240 3676 principibuS,
2270 3599 2363 3653 vel
2402 3598 2638 3673 populo,

449 3699 632 3755 illatas
659 3700 717 3755 in
759 3702 1186 3776 tempestatibus
1229 3700 1574 3759 infelicibus·
1660 3700 1761 3756 Sic
1800 3698 1991 3756 Julius
2031 3698 2141 3753 ΙΙΙ.
2172 3714 2321 3753 anno
2353 3700 2528 3764 1554,
2559 3698 2643 3754 in·

449 3796 624 3855 dulsit
665 3799 870 3874 Anglis
919 3810 980 3857 ut
1024 3800 1175 3857 bona
1217 3800 1607 3857 ecelesiastica
1650 3797 1871 3871 direpta
1914 3815 1947 3851 a
1990 3796 2415 3870 possessoribus
2462 3798 2640 3854 teneri

448 3908 768 3972 pergerent.
813 3897 974 3956 Idem
1001 3898 1186 3955 Gallis
1212 3898 1471 3973 praes'titit
1497 3897 1638 3952 Pius
1661 3894 1799 3951 VII.
1822 3894 1881 3950 in
1904 3892 2267 3953 Concordato
2286 3914 2418 3953 cum
2444 3898 2642 3972 guber·

450 3995 546 4051 nio
575 3995 800 4053 Gallico
828 3998 968 4054 inito
1001 4003 1072 4054 15
1101 3997 1138 4055 J
1143 3996 1244 4053 ulii
1281 3998 1455 4059 1801,
1486 4004 1542 4057 et
1588 3998 1659 4050 15
1696 3994 1939 4069 Augusti
1980 3993 2181 4052 eodem
2212 4013 2358 4053 anno
2386 4014 2418 4051 a
2445 3996 2641 4053 Ponti-

453 4092 562 4149 fiee
589 4088 984 4153 (εοῐιέὶιτῐιειιο.2
2534 4112 2537 4115 ’
2657 4078 2660 4081 ’

529 4233 612 4298 (1)
652 4234 727 4283 De
748 4234 950 4284 Iustitia
965 4241 1015 4283 et
1034 4234 1168 4293 Jure‚
1195 4237 1241 4292 ξ.
1263 4232 1295 4281 i.
1319 4248 1423 4294 cap.
1449 4232 1511 4280 iv.
1536 4232 1665 4283 Dub.
1689 4228 1770 4281 vii.

530 4318 614 4382 (2)
653 4318 780 4367 Vide
801 4319 904 4368 haec
927 4318 1034 4368 fuse
1057 4318 1186 4381 apud
1210 4315 1442 4373 Cari-iere,
1466 4315 1628 4365 Tract.
1650 4316 1711 4365 de
1735 4315 1923 4380 justitia
1954 4323 2004 4365 et
2030 4318 2154 4382 jure.
2190 4316 2285 4365 vol.
2308 4316 2339 4364 i.
2362 4330 2463 4378 par.
2484 4314 2517 4363 i.
2546 4317 2591 4371 ς.
2610 4312 2642 4359 i.

455 4416 497 4448 c.
520 4399 584 4448 iv.
610 4408 774 4462 quaest.
798 4405 846 4449 2.

1542 4481 1613 4535 5*
