3117 5217
737 544 850 602 DE
893 543 1157 605 Moms
1199 542 1735 611 ACQUIRENDI
1774 507 2245 606 DOMINIU'M.
2526 552 2603 605 69

422 717 605 775 banda
632 724 796 783 sunt3
837 717 939 774 sed
981 716 1051 775 de
1099 719 1475 786 servitutibus,
1516 719 1607 776 vel
1650 717 2211 788 consuetudinibus,¹
2239 739 2364 793 quoe
2406 722 2455 777 si
2500 739 2605 795 per

425 816 628 893 viginti
655 834 836 873 annos
877 815 1216 884 duraverint,
1260 818 1561 875 censendae
1604 828 1738 876 sunt
1774 818 1939 877 titulo
1972 820 2128 893 justo
2172 814 2389 877 inniti-²
2468 819 2611 895 Agri

430 923 614 971 tamen
644 915 743 986 qui
783 932 857 971 ex
887 915 1048 972 titulo
1090 914 1336 972 colorato
1377 926 1671 993 coeperunt
1710 918 2021 993 possideris
2055 926 2185 993 post
2222 917 2607 992 septennium,

428 1012 572 1087 legis
602 1012 946 1070 adminiculo
988 1013 1046 1073 in
1094 1012 1522 1090 Pennsylvania
1549 1015 1687 1073 olim
1728 1017 2147 1074 retinebantur:
2190 1016 2304 1073 nisi
2330 1017 2613 1090 pertinue-

427 1111 540 1167 rint
563 1111 634 1168 ad
667 1112 936 1177 infantes,
976 1110 1236 1169 foeminas
1277 1114 1548 1191 conjugio
1588 1114 1811 1189 ligataS,
1861 1125 2137 1184 amenteS,
2166 1114 2259 1171 vel
2300 1133 2399 1171 eos
2441 1114 2539 1186 qui
2581 1133 2615 1169 a

428 1210 719 1283 provincia
746 1200 1077 1266 abfuerint-³
1159 1210 1336 1267 Nunc
1365 1220 1551 1267 autem
1578 1212 1778 1287 viginti
1806 1222 1862 1269 et
1886 1214 2055 1270 unius
2079 1230 2355 1272 annorum
2385 1230 2613 1288 posses-

429 1307 518 1364 sio
545 1308 784 1383 pacifica
811 1308 1058 1383 exigitur
1081 1326 1099 1373 ἱ
1125 1318 1344 1364 vetatur
1369 1309 1588 1365 scilicet
1624 1328 1695 1366 ne
1738 1312 1867 1382 quis
1908 1310 2177 1369 adversus
2218 1328 2611 1387 possessorem

426 1405 592 1461 titulo
625 1405 895 1463 innitatur
917 1405 1016 1475 qui
1045 1414 1170 1461 ante
1193 1405 1388 1481 viginti
1415 1426 1591 1464 unum
1614 1426 1791 1464 annos
1820 1420 1975 1466 ortus
2003 1409 2093 1476 sit,
2123 1411 2173 1467 si
2200 1428 2303 1485 per
2328 1410 2441 1467 hoc
2469 1416 2608 1465 tem-

431 1504 589 1577 poris
619 1504 864 1577 spatium
893 1503 950 1559 in
978 1502 1232 1559 medium
1258 1522 1372 1561 non
1412 1504 1584 1562 fuerit
1610 1501 1936 1563 adductuS.⁴
2016 1506 2323 1582 Temporis
2362 1507 2606 1582 spatium

429 1619 546 1673 quo
572 1600 740 1659 limes
769 1602 1001 1676 ponitur
1035 1601 1263 1675 juribus
1294 1601 1546 1662 adversis
1576 1605 1635 1661 in
1678 1605 1847 1661 variis
1888 1605 2197 1679 provinciis
2226 1606 2441 1665 varium
2472 1597 2609 1659 est.⁵

431 1699 746 1775 Sexaginta
791 1717 1071 1756 annorum
1125 1699 1360 1757 adversa
1412 1704 1706 1778 possessio
1752 1704 1809 1760 in
1862 1702 2073 1779 Anglia
2115 1703 2213 1779 jus
2266 1703 2609 1760 contrarium

429 1788 625 1854 tollit.⁶

509 1901 608 1953 77.
652 1896 847 1953 Limes
877 1898 1046 1953 etiam
1074 1915 1107 1951 a
1131 1896 1350 1973 legibus
1379 1900 1686 1974 apponitur
1716 1900 1939 1975 juribus
1966 1900 2317 1975 privatorum
2346 1898 2416 1954 de
2445 1898 2614 1955 rebus

435 1995 740 2052 mobilibus
770 1996 828 2051 in
858 1994 1317 2071 Pennsylvania:
1361 2016 1466 2053 nec
1493 2000 1647 2056 enim
1677 1999 1825 2057 actio
1852 1998 2013 2056 datur
2048 2016 2152 2073 pro
2179 2016 2289 2055 aere
2318 1997 2507 2054 alieno
2532 2014 2635 2053 re·-

433 2092 776 2168 cuperand0‚
809 2093 900 2150 vel
927 2112 1032 2169 pro
1075 2093 1278 2151 debitis
1316 2114 1445 2167 quae,
1469 2114 1585 2153 non
1612 2096 1822 2154 fuerint
1862 2098 2075 2173 scripto
2118 2096 2497 2153 instrumento
2522 2112 2617 2169 ag·-

435 2192 572 2257 nita,
601 2192 693 2249 vel
723 2210 827 2267 pro
855 2192 1232 2271 chirographo
1259 2195 1653 2269 promissorio,
1697 2204 1827 2271 post
1852 2212 1956 2252 sex
1984 2212 2262 2253 annorum
2288 2194 2510 2269 lapsum
2542 2208 2616 2247 ex

439 2308 614 2349 causa
640 2292 876 2348 actionis
905 2292 1032 2349 data
1055 2310 1068 2347 :
1112 2294 1474 2368 praesumitur
1500 2294 1656 2350 enim
1682 2294 1735 2351 ei
1755 2294 1878 2369 jam
1904 2293 2253 2363 satisfactum
2280 2283 2463 2349 esse.⁷

521 2393 620 2447 78.
664 2389 922 2447 Minores
949 2400 1159 2458 autern,
1188 2391 1434 2449 foeminae
1463 2393 1801 2468 conjugatae,
1831 2410 1946 2449 non
1973 2402 2267 2467 compotes
2306 2389 2536 2455 mentis,
2566 2394 2623 2444 et

511 2577 536 2639 (
544 2578 597 2641 l)
636 2584 665 2607 “
683 2574 903 2636 Nothing
923 2578 1010 2625 but
1024 2576 1319 2639 incorporeal
1336 2578 1809 2629 hereditamentscan
1828 2578 1888 2629 be
1909 2570 2112 2628 claiined
2126 2577 2192 2639 by
2203 2573 2541 2638 prescriptiong
2562 2586 2627 2619 aa

438 2675 468 2706 a
491 2657 618 2718 right
639 2659 696 2707 of
719 2676 844 2721 way,
867 2676 1106 2720 common,
1130 2662 1242 2721 ὄπα,
1264 2664 1352 2711 but
1382 2662 1486 2711 that
1517 2678 1585 2709 no
1617 2660 1930 2724 prescription
1962 2674 2054 2707 ean
2090 2658 2199 2719 give
2217 2675 2247 2706 a
2266 2658 2367 2705 title
2387 2663 2437 2704 to
2459 2656 2615 2713 lands,

435 2742 534 2790 and
557 2743 692 2791 other
723 2746 963 2807 corporeal
1000 2748 1294 2805 substances,
1328 2747 1384 2795 of
1409 2746 1573 2795 which
1606 2761 1739 2793 more
1770 2743 1952 2793 certain
1984 2742 2212 2793 evidence
2246 2756 2358 2809 may
2380 2742 2439 2789 be
2471 2738 2615 2795 had.''

435 2826 770 2875 Blackstone's
792 2828 1069 2878 Comment.
1091 2831 1123 2878 l.
1145 2830 1194 2879 ii.
1216 2847 1265 2879 n.
1290 2833 1404 2879 264.

508 2914 592 2976 (2)
631 2912 807 2961 Kent’s
830 2912 1022 2962 Comm.
1045 2914 1129 2962 ubi
1151 2931 1308 2978 supra„

510 2999 595 3063 (3)
634 2998 761 3046 Vide
783 2999 940 3059 legem
964 3015 1094 3047 anno
1130 3003 1258 3048 1705
1283 3002 1408 3064 apud
1435 3002 1647 3063 Purdon‚
1671 3010 1755 3051 art.
1782 3001 2121 3053 Limitatimzs.

510 3084 593 3147 (4)
635 3082 762 3131 Vide
785 3085 948 3144 legem
971 3087 1036 3133 26
1066 3086 1230 3135 Martii
1258 3089 1386 3135 1785
1409 3088 1599 3137 ibidem.

513 3175 596 3237 (5)
637 3182 665 3205 ‘⁴
681 3173 792 3222 The
831 3173 997 3237 period
1031 3174 1088 3221 of
1120 3174 1374 3223 limitation
1415 3174 1471 3222 of
1505 3190 1534 3221 a
1573 3174 1703 3235 right
1740 3174 1798 3223 of
1828 3180 1966 3237 entry
2004 3189 2138 3237 upon
2169 3172 2284 3221 land
2323 3173 2473 3221 varies
2510 3187 2627 3233 very

441 3258 704 3321 materially
728 3258 782 3307 in
804 3259 887 3307 the
909 3258 1129 3306 different
1159 3258 1330 3306 states.
1399 3259 1444 3306 It
1477 3259 1518 3307 is
1561 3262 1626 3307 30
1666 3275 1805 3322 years
1842 3258 1895 3306 in
1931 3249 2252 3321 Mississippi3
2297 3260 2357 3305 21
2403 3272 2544 3321 years
2574 3256 2629 3305 in

441 3345 806 3409 Pennsylvania
829 3345 925 3393 and
961 3344 1120 3403 Ohio;
1156 3346 1221 3391 20
1244 3361 1385 3408 years
1407 3345 1460 3393 in
1496 3345 1677 3404 Maine,
1712 3344 1764 3392 N
1767 3360 1842 3392 ew
1876 3343 2185 3407 Hampshioe,
2231 3342 2625 3398 Massaehusetts,

445 3430 616 3479 Rhode
640 3431 818 3489 Island,
842 3431 971 3478 New
993 3430 1146 3489 York,
1171 3430 1302 3478 New
1324 3429 1354 3477 J
1356 3445 1506 3492 ersey,
1530 3428 1794 3487 Delaware,
1818 3428 2091 3491 Maryland,
2113 3425 2349 3487 Virginia,
2373 3425 2627 3481 Alabama,

443 3517 722 3578 Kentucky‚
763 3515 980 3574 Indiana,
1003 3514 1099 3563 and
1138 3514 1395 3572 Missouri3
1435 3517 1495 3561 15
1522 3530 1662 3577 years
1684 3514 1737 3561 in
1766 3514 1997 3561 Vei-mont
2034 3512 2129 3560 and
2172 3497 2524 3566 connecticut3
2566 3511 2626 3554 10

442 3616 583 3663 years
605 3601 658 3649 in
683 3599 982 3657 Louisiana3
1017 3603 1048 3647 7
1072 3616 1212 3661 years
1235 3599 1287 3647 in
1311 3599 1473 3647 North
1498 3599 1741 3655 carolina,
1765 3596 2044 3644 Tennessee
2069 3593 2167 3641 and
2190 3592 2430 3651 Georgia;
2472 3591 2569 3639 and
2590 3594 2624 3637 5

444 3701 584 3747 years
603 3685 654 3733 in
678 3684 836 3733 South
862 3682 1134 3732 Carolina.”
1205 3683 1380 3731 Kent’s
1404 3682 1803 3738 commentar-ies,
1822 3681 1913 3728 vol.
1931 3679 1994 3725 iv.
2008 3684 2115 3740 part
2127 3676 2191 3723 vi.
2206 3677 2293 3725 lec.
2312 3675 2427 3725 lviii.
2442 3691 2491 3723 n.
2515 3678 2626 3724 188.

421 3750 429 3757 ⁵
518 3771 603 3834 (6)
642 3777 672 3800 “
687 3768 798 3816 The
829 3768 1101 3831 possession
1123 3768 1179 3815 of
1215 3768 1354 3819 lands
1376 3768 1430 3815 in
1463 3767 1731 3828 see-simple
1771 3762 2185 3825 uninterruptedly
2220 3761 2293 3809 for
2325 3760 2459 3809 three
2498 3777 2629 3809 score

446 3868 599 3915 years,
615 3853 658 3901 is
673 3860 722 3900 at
743 3859 938 3916 present
950 3869 980 3901 a
1001 3853 1243 3902 sufficient
1255 3852 1357 3901 title
1381 3851 1573 3911 against
1587 3850 1650 3897 all
1666 3848 1747 3895 the
1760 3845 1957 3895 world.”
1995 3846 2289 3895 Blackstone
2306 3848 2337 3895 l.
2356 3847 2425 3895 iii.
2441 3863 2491 3895 n.
2514 3848 2623 3895 196.

519 3939 603 4001 (7)
643 3936 770 3985 Vide
793 3938 948 3997 legem
971 3940 1037 3984 27
1062 3936 1225 3984 Martii
1252 3937 1380 3982 1713
1428 3932 1557 3995 apud
1595 3931 1808 3989 Purdon,
1832 3937 1916 3978 art.
1940 3931 2282 3982 Limitations.
2352 3931 2434 3980 Sic
2455 3932 2625 3980 habet:

447 4030 474 4054 ‘⁶
497 4023 580 4071 All
602 4022 785 4071 actions
806 4039 939 4087 upon
967 4029 1172 4071 account
1195 4021 1290 4069 and
1337 4035 1472 4082 upon
1516 4020 1599 4067 the
1643 4034 1751 4067 case
1791 4018 1951 4083 (other
1987 4019 2105 4067 than
2144 4020 2265 4068 such
2305 4027 2534 4081 accounts
2578 4036 2631 4068 as

447 4126 652 4160 concern
674 4111 756 4159 the
778 4111 909 4159 trade
932 4111 989 4159 of
1014 4107 1346 4157 merchandise
1366 4108 1586 4154 between
1608 4105 1857 4153 merchant
1878 4105 1975 4153 and
2010 4105 2273 4164 merchant,
2296 4105 2422 4154 their
2458 4105 2631 4153 factor-s

449 4213 504 4246 or
529 4200 765 4264 servants)
794 4198 856 4247 all
879 4196 1064 4245 actions
1087 4195 1143 4243 of
1177 4195 1302 4253 debt,
1325 4190 1573 4254 grounded
1598 4207 1730 4255 upon
1754 4206 1850 4252 any
1886 4189 2084 4251 lending
2106 4204 2159 4237 or
2182 4196 2396 4238 contract
2416 4189 2629 4238 without

452 4282 682 4347 specialty
707 4317 720 4331 .
745 4316 758 4331 .
783 4317 796 4331 .
821 4282 944 4332 shall
965 4283 1025 4331 be
1059 4278 1370 4331 commenced
1393 4276 1489 4331 and
1513 4275 1633 4325 sued
1656 4310 1669 4322 .
1694 4308 1707 4323 .
1733 4309 1746 4323 .
1772 4308 1784 4327 .
1806 4273 1981 4325 within
2003 4274 2078 4323 six
2102 4288 2243 4341 years
2266 4281 2387 4329 next
2410 4274 2532 4327 aster
2553 4273 2635 4321 the

447 4382 590 4417 cause
614 4369 671 4417 of
683 4367 808 4417 such
831 4367 990 4415 action
1012 4381 1066 4414 or
1088 4363 1231 4415 suit-’⁹
1600 4391 1605 4397 ·
