3117 5217
1283 556 1743 615 APPENDIX.
2482 558 2601 613 405

491 728 550 781 2.
593 724 968 783 Probabiliter
993 723 1281 791 eximium,
1308 724 1345 781 J
1352 723 1577 783 udicem
1608 741 1777 801 posse
1799 722 2059 801 judicare
2077 725 2245 801 juxta
2272 724 2605 801 opinionem

415 824 586 880 etiam
615 824 804 881 minus
831 824 1202 900 probabilem.

495 926 552 979 3.
598 923 932 981 Generatim
961 922 1096 979 dum
1123 921 1536 998 probabilitate,
1580 924 1704 979 sive
1746 922 2073 989 intrinseca,
2116 923 2239 980 sive
2282 922 2608 978 extrinseca

417 1023 778 1092 quantumvis
806 1023 983 1091 tenui,
1013 1020 1186 1079 modo
1214 1041 1246 1077 a
1273 1022 1687 1096 probabilitatis
1728 1022 1935 1079 finibus
1963 1040 2079 1080 non
2118 1033 2371 1087 exeatur,
2400 1019 2604 1077 confisi

416 1119 630 1193 aliquid
658 1123 901 1197 agimus,
932 1138 1160 1196 semper
1184 1120 1491 1196 prudenter
1519 1121 1762 1197 agimus.

492 1224 551 1276 4.
595 1218 684 1275 Ab
713 1221 1044 1281 infidelitate
1073 1221 1432 1277 excusabitur
1459 1220 1705 1279 infidelis
1745 1238 1861 1278 non
1902 1218 2163 1287 credenS,
2194 1218 2393 1276 ductus
2421 1217 2605 1292 opini-

419 1337 530 1375 one
559 1319 748 1375 minus
778 1319 1078 1396 probabili.

497 1422 554 1475 5.
603 1418 694 1473 An
721 1430 922 1493 peccet
949 1417 1277 1483 mortaliter,
1320 1419 1418 1490 qui
1459 1428 1645 1475 actum
1688 1418 2007 1476 dilectionis
2042 1416 2159 1475 Dei
2182 1416 2364 1475 semel
2390 1422 2603 1472 tantum

417 1518 477 1573 in
506 1518 618 1574 vita
643 1517 892 1587 eliceret,
923 1519 1300 1576 condemnare
1331 1537 1449 1575 non
1475 1517 1771 1575 audemus

497 1619 553 1672 6.
599 1616 898 1674 Probabile
925 1628 1030 1685 est,
1061 1634 1134 1674 ne
1161 1616 1402 1691 singulis
1429 1612 1663 1689 quidem
1689 1618 1946 1693 rigorose
1975 1613 2381 1686 quinquenniis
2410 1629 2513 1687 per
2538 1629 2601 1667 se

421 1714 667 1790 obligare
695 1726 1038 1793 praeceptum
1068 1714 1350 1773 charitatis
1380 1734 1514 1792 erga
1539 1716 1751 1773 Deum.

498 1819 555 1871 7.
603 1814 773 1871 Tunc
801 1815 984 1873 solum
1014 1814 1239 1888 obligat,
1284 1815 1511 1886 quando
1554 1826 1815 1874 tenemur
1847 1812 2171 1890 justificari,
2212 1810 2270 1868 ἅ
2299 1827 2414 1867 non
2440 1808 2607 1865 habe·

422 1930 548 1969 mus
577 1914 744 1970 aliam
773 1914 942 1983 viam,
975 1934 1086 1987 qua
1104 1914 1405 1987 justificari
1433 1917 1742 1990 possimuS.

495 2015 552 2067 8.
598 2011 940 2080 Comedere‚
970 2013 1029 2071 &2
1056 2012 1246 2071 bibere
1273 2030 1456 2084 usque
1485 2014 1556 2070 ad
1584 2014 1898 2070 satietatem
1928 2011 2000 2067 ob
2028 2010 2209 2067 solam
2233 2009 2603 2084 voluptatem,

415 2128 530 2165 non
559 2120 647 2167 est
685 2123 1002 2186 peccatum,
1033 2110 1206 2168 modo
1250 2130 1364 2168 non
1406 2113 1559 2169 obsit
1597 2110 1927 2175 valetudini,
1960 2110 2093 2180 quia
2116 2109 2268 2166 licite
2297 2116 2485 2184 potest
2510 2124 2607 2181 ap-

421 2209 628 2283 petitus
657 2204 922 2268 naturalis
953 2212 1072 2268 suis
1103 2210 1326 2273 actibus
1353 2210 1482 2267 frui.

499 2310 556 2363 9.
601 2309 766 2384 Opus
793 2310 1045 2387 conjugii
1083 2310 1156 2366 ob
1197 2308 1376 2366 solam
1421 2310 1769 2385 voluptatem
1812 2305 2147 2372 exercitum,
2188 2305 2347 2363 omni
2376 2302 2605 2381 penitus

423 2415 574 2463 caret
599 2409 765 2483 culpa
793 2429 857 2466 ac
887 2408 1108 2466 defectu
1138 2409 1369 2465 veniali.

507 2511 600 2564 10.
644 2508 698 2565 N
707 2527 784 2565 on
812 2520 1071 2567 tenemur
1096 2509 1424 2582 proximum
1450 2507 1687 2583 diligere
1716 2514 1839 2563 actu
1868 2505 2111 2570 interm,
2139 2503 2198 2561 &2
2224 2502 2467 2561 formali.

507 2610 599 2668 11.
647 2608 943 2683 Praecepto
971 2607 1296 2683 proximum
1323 2606 1599 2683 diligendi
1627 2605 1951 2663 satisfacere
1980 2621 2285 2679 possumus
2314 2620 2417 2679 per
2450 2598 2607 2658 solos

427 2714 584 2761 actus
613 2716 898 2765 externos·
1461 2692 1464 2694 Α
2200 2773 2216 2787 ι

510 2809 603 2861 12.
647 2806 767 2863 Vix
807 2808 866 2864 in
905 2804 1270 2863 saecularibus
1310 2806 1593 2873 invenieS,
1635 2805 1804 2861 etiam
1848 2804 1907 2859 in
1946 2800 2225 2877 Regibus,
2254 2796 2607 2877 superfluum

423 2904 610 2961 statui.
697 2904 776 2961 Et
801 2906 876 2962 ita
903 2906 1000 2963 vix
1028 2904 1232 2975 aliquis
1259 2914 1480 2961 tenetur
1519 2904 1591 2961 ad
1631 2903 2079 2976 eleemosynam,
2122 2898 2348 2971 quando
2388 2907 2609 2955 tenetur

427 3012 642 3059 tantum
670 3021 742 3059 ex
771 3004 1062 3079 superfluo
1089 3003 1274 3059 statui.

511 3106 602 3158 13.
648 3102 711 3159 Si
741 3121 872 3159 cum
901 3102 1088 3160 debita
1115 3100 1500 3159 moderatione
1540 3102 1737 3166 ἰθείας,
1766 3108 1931 3174 potes
1962 3098 2172 3169 absque
2198 3104 2433 3173 peccato
2460 3111 2609 3151 mor-

429 3200 524 3257 tali
552 3200 622 3257 de
649 3202 761 3259 vita
788 3202 1024 3278 alicujus
1056 3201 1278 3268 tristari,
1310 3200 1370 3257 ὅι
1397 3199 1466 3257 de
1495 3201 1649 3259 illius
1678 3208 1857 3257 morte
1885 3198 2128 3255 naturali
2155 3195 2423 3273 gaudere,
2450 3194 2609 3251 illam

425 3299 700 3357 inefficaci
743 3300 947 3358 affectu
989 3308 1177 3377 petere
1218 3298 1276 3355 <tc
1320 3298 1678 3366 desiderare3
1720 3316 1835 3354 non
1864 3296 2095 3370 quidem
2134 3315 2209 3353 ex
2249 3292 2613 3371 displicentia

427 3418 702 3474 personae,
733 3399 834 3457 sed
861 3402 934 3457 ob
961 3398 1192 3470 aliquod
1221 3398 1528 3474 temporale
1557 3398 2031 3457 emolumentum.

510 3502 602 3554 14.
647 3498 893 3555 Licitum
923 3508 1009 3555 est
1035 3498 1290 3555 absoluto
1311 3496 1591 3555 desiderio
1619 3513 1826 3572 cupere
1849 3506 2091 3552 mortem
2118 3493 2314 3569 patris,
2343 3509 2459 3547 non
2488 3488 2607 3560 qui·

427 3595 556 3652 dem
577 3596 870 3682 utdmalum
892 3597 1084 3671 patris,
1110 3596 1214 3653 sed
1233 3608 1296 3653 ut
1317 3597 1524 3655 bonum
1553 3596 1860 3672 cupientiS‚
1884 3594 2018 3666 quia
2036 3592 2306 3650 nimirum
2328 3590 2383 3647 ei
2402 3589 2609 3647 obven-

431 3705 552 3751 tura
577 3705 664 3752 est
688 3696 916 3771 pinguis
943 3694 1260 3753 haereditaS.

513 3798 606 3851 15.
650 3795 899 3852 Licitum
928 3805 1013 3851 est
1037 3795 1156 3853 filio
1183 3794 1429 3871 gaudere
1471 3793 1540 3851 de
1571 3792 1875 3869 parricidio
1915 3790 2167 3868 parentis
2195 3810 2228 3847 a
2254 3790 2402 3854 sein
2430 3787 2611 3844 ebrie-

428 3902 538 3951 tate
567 3903 903 3970 perpetrato,
933 3904 1164 3970 propter
1195 3896 1456 3971 ingentes
1499 3892 1723 3951 divitias
1764 3890 1895 3951 inde
1937 3909 2013 3948 ex
2051 3888 2378 3949 haereditate
2402 3902 2609 3945 conse·

430 4003 611 4051 cutaS.

512 4097 604 4151 16.
674 4092 848 4151 Fides
901 4111 1018 4155 non
1074 4104 1338 4151 censetur
1388 4091 1589 4149 cadere
1654 4092 1759 4148 sub
1827 4098 2173 4181 praeceptpm
2228 4086 2497 4164 speciale,
2553 4084 2611 4142 az

431 4192 742 4250 secundum
771 4210 854 4249 se.

511 4295 604 4349 17.
649 4292 800 4347 Satis
828 4299 936 4357 est,
968 4300 1154 4349 actum
1183 4289 1316 4347 fidei
1345 4289 1526 4347 semel
1556 4290 1617 4346 in
1646 4288 1759 4344 vita
1785 4286 2013 4345 elicere.
2317 4359 2329 4379 ι

517 4394 609 4447 18.
654 4390 720 4447 Si
747 4410 780 4446 a
813 4398 1090 4466 potestate
1117 4388 1345 4466 publica
1371 4390 1499 4461 quis
1541 4389 1934 4464 interrogetur,
1962 4386 2137 4447 fidem
2165 4388 2412 4462 ingenue
2440 4381 2614 4440 confi-
