<?xml version="1.0" encoding="UTF-8"?>
<!DOCTYPE html PUBLIC "-//W3C//DTD XHTML 1.0 Transitional//EN"
    "http://www.w3.org/TR/xhtml1/DTD/xhtml1-transitional.dtd">
<html xmlns="http://www.w3.org/1999/xhtml" xml:lang="en" lang="en">
 <head>
  <title>
</title>
<meta http-equiv="Content-Type" content="text/html;charset=utf-8" />
  <meta name='ocr-system' content='tesseract 3.04.00' />
  <meta name='ocr-capabilities' content='ocr_page ocr_carea ocr_par ocr_line ocrx_word'/>
</head>
<body>
  <div class='ocr_page' id='page_1' title='image "./theologiaemoral00unkngoog_0110.png"; bbox 0 0 3117 5217; ppageno 0'>
   <div class='ocr_carea' id='block_1_1' title="bbox 530 569 2352 634">
    <p class='ocr_par' dir='ltr' id='par_1_1' title="bbox 530 569 2352 634">
     <span class='ocr_line' id='line_1_1' title="bbox 530 569 2352 634; baseline -0.001 -1"><span class='ocrx_word' id='word_1_1' title='bbox 530 577 611 633; x_wconf 75' lang='lat'><strong>96</strong></span> <span class='ocrx_word' id='word_1_2' title='bbox 890 573 1003 634; x_wconf 86' lang='lat' dir='ltr'><strong>DE</strong></span> <span class='ocrx_word' id='word_1_3' title='bbox 1046 569 1308 632; x_wconf 79' lang='lat' dir='ltr'><strong>FAMAE</strong></span> <span class='ocrx_word' id='word_1_4' title='bbox 1350 571 1469 632; x_wconf 80' lang='lat' dir='ltr'><strong>ET</strong></span> <span class='ocrx_word' id='word_1_5' title='bbox 1510 571 1892 632; x_wconf 87' lang='lat' dir='ltr'>HONORIS</span> <span class='ocrx_word' id='word_1_6' title='bbox 1931 571 2352 632; x_wconf 85' lang='lat' dir='ltr'><strong>LAESIONE.</strong></span> 
     </span>
    </p>
   </div>
   <div class='ocr_carea' id='block_1_2' title="bbox 528 743 2714 2216">
    <p class='ocr_par' dir='ltr' id='par_1_2' title="bbox 530 743 2711 1021">
     <span class='ocr_line' id='line_1_2' title="bbox 532 743 2710 825; baseline -0.003 -19"><span class='ocrx_word' id='word_1_7' title='bbox 532 750 711 808; x_wconf 85' lang='lat' dir='ltr'><strong>claras</strong></span> <span class='ocrx_word' id='word_1_8' title='bbox 764 749 1007 825; x_wconf 88' lang='lat' dir='ltr'><strong>alicujus</strong></span> <span class='ocrx_word' id='word_1_9' title='bbox 1058 745 1219 806; x_wconf 87' lang='lat' dir='ltr'><strong>dotes</strong></span> <span class='ocrx_word' id='word_1_10' title='bbox 1272 757 1331 804; x_wconf 91' lang='lat' dir='ltr'><strong>et</strong></span> <span class='ocrx_word' id='word_1_11' title='bbox 1378 747 1615 804; x_wconf 85' lang='lat' dir='ltr'><strong>virtutes</strong></span> <span class='ocrx_word' id='word_1_12' title='bbox 1639 765 1656 814; x_wconf 76' lang='lat'>3</span> <span class='ocrx_word' id='word_1_13' title='bbox 1719 747 1808 804; x_wconf 87' lang='lat' dir='ltr'><strong>vel</strong></span> <span class='ocrx_word' id='word_1_14' title='bbox 1865 765 1964 805; x_wconf 88' lang='lat' dir='ltr'><strong>eas</strong></span> <span class='ocrx_word' id='word_1_15' title='bbox 2017 746 2265 813; x_wconf 81' lang='lat' dir='ltr'><strong>minuit,</strong></span> <span class='ocrx_word' id='word_1_16' title='bbox 2319 743 2710 822; x_wconf 87' lang='lat' dir='ltr'><strong>impugnando</strong></span> 
     </span>
     <span class='ocr_line' id='line_1_3' title="bbox 530 846 2711 925; baseline -0.004 -17"><span class='ocrx_word' id='word_1_17' title='bbox 530 849 781 908; x_wconf 83' lang='lat' dir='ltr'><strong>rationes</strong></span> <span class='ocrx_word' id='word_1_18' title='bbox 808 847 1035 925; x_wconf 87' lang='lat' dir='ltr'><strong>agendi,</strong></span> <span class='ocrx_word' id='word_1_19' title='bbox 1066 846 1269 904; x_wconf 79' lang='lat' dir='ltr'><strong>reticet</strong></span> <span class='ocrx_word' id='word_1_20' title='bbox 1306 847 1576 922; x_wconf 82' lang='lat' dir='ltr'><strong>praeclare</strong></span> <span class='ocrx_word' id='word_1_21' title='bbox 1615 857 1794 924; x_wconf 82' lang='lat' dir='ltr'><strong>gesta,</strong></span> <span class='ocrx_word' id='word_1_22' title='bbox 1835 847 2064 918; x_wconf 87' lang='lat' dir='ltr'><strong>quando</strong></span> <span class='ocrx_word' id='word_1_23' title='bbox 2103 855 2388 922; x_wconf 76' lang='lat' dir='ltr'><strong>oporteret</strong></span> <span class='ocrx_word' id='word_1_24' title='bbox 2424 864 2492 902; x_wconf 89' lang='lat' dir='ltr'><strong>ea</strong></span> <span class='ocrx_word' id='word_1_25' title='bbox 2516 862 2711 901; x_wconf 89' lang='lat' dir='ltr'><strong>recen-</strong></span> 
     </span>
     <span class='ocr_line' id='line_1_4' title="bbox 530 944 2658 1021; baseline -0.003 -16"><span class='ocrx_word' id='word_1_26' title='bbox 530 965 677 1015; x_wconf 87' lang='lat' dir='ltr'><strong>sere,</strong></span> <span class='ocrx_word' id='word_1_27' title='bbox 706 947 799 1005; x_wconf 86' lang='lat' dir='ltr'><strong>vel</strong></span> <span class='ocrx_word' id='word_1_28' title='bbox 824 947 1084 1006; x_wconf 80' lang='lat' dir='ltr'><strong>tenuiter</strong></span> <span class='ocrx_word' id='word_1_29' title='bbox 1110 945 1343 1014; x_wconf 83' lang='lat' dir='ltr'><strong>laudat,</strong></span> <span class='ocrx_word' id='word_1_30' title='bbox 1372 944 1515 1004; x_wconf 85' lang='lat' dir='ltr'><strong>adeo</strong></span> <span class='ocrx_word' id='word_1_31' title='bbox 1540 955 1604 1003; x_wconf 91' lang='lat' dir='ltr'><strong>ut</strong></span> <span class='ocrx_word' id='word_1_32' title='bbox 1629 945 2020 1021; x_wconf 66' lang='lat' dir='ltr'><strong>praejudicium</strong></span> <span class='ocrx_word' id='word_1_33' title='bbox 2049 945 2398 1004; x_wconf 79' lang='lat' dir='ltr'>auditoribus</span> <span class='ocrx_word' id='word_1_34' title='bbox 2425 945 2658 1020; x_wconf 82' lang='lat' dir='ltr'><strong>ingerat.</strong></span> 
     </span>
    </p>

    <p class='ocr_par' dir='ltr' id='par_1_3' title="bbox 528 1041 2710 1618">
     <span class='ocr_line' id='line_1_5' title="bbox 616 1041 2708 1122; baseline -0.003 -18"><span class='ocrx_word' id='word_1_35' title='bbox 616 1051 753 1105; x_wconf 91' lang='grc'><strong>131.</strong></span> <span class='ocrx_word' id='word_1_36' title='bbox 796 1047 913 1114; x_wconf 84' lang='lat' dir='ltr'><strong>Qui</strong></span> <span class='ocrx_word' id='word_1_37' title='bbox 938 1046 1009 1104; x_wconf 88' lang='lat' dir='ltr'><strong>de</strong></span> <span class='ocrx_word' id='word_1_38' title='bbox 1036 1047 1271 1104; x_wconf 86' lang='lat' dir='ltr'><strong>crimine</strong></span> <span class='ocrx_word' id='word_1_39' title='bbox 1296 1044 1568 1117; x_wconf 87' lang='lat' dir='ltr'><strong>loquitur,</strong></span> <span class='ocrx_word' id='word_1_40' title='bbox 1596 1045 1740 1118; x_wconf 91' lang='lat' dir='ltr'><strong>quin</strong></span> <span class='ocrx_word' id='word_1_41' title='bbox 1766 1043 2026 1122; x_wconf 88' lang='lat' dir='ltr'><strong>designet</strong></span> <span class='ocrx_word' id='word_1_42' title='bbox 2063 1063 2246 1112; x_wconf 87' lang='lat' dir='ltr'><strong>reum,</strong></span> <span class='ocrx_word' id='word_1_43' title='bbox 2275 1053 2474 1120; x_wconf 89' lang='lat' dir='ltr'><strong>peccat</strong></span> <span class='ocrx_word' id='word_1_44' title='bbox 2499 1043 2550 1101; x_wconf 91' lang='lat' dir='ltr'><strong>si</strong></span> <span class='ocrx_word' id='word_1_45' title='bbox 2576 1041 2708 1100; x_wconf 89' lang='lat' dir='ltr'><strong>inde</strong></span> 
     </span>
     <span class='ocr_line' id='line_1_6' title="bbox 528 1140 2704 1220; baseline -0.004 -15"><span class='ocrx_word' id='word_1_46' title='bbox 528 1146 761 1205; x_wconf 86' lang='lat' dir='ltr'><strong>infamia</strong></span> <span class='ocrx_word' id='word_1_47' title='bbox 810 1147 981 1204; x_wconf 85' lang='lat' dir='ltr'><strong>coetui</strong></span> <span class='ocrx_word' id='word_1_48' title='bbox 1022 1145 1187 1203; x_wconf 89' lang='lat' dir='ltr'><strong>alicui</strong></span> <span class='ocrx_word' id='word_1_49' title='bbox 1240 1144 1537 1202; x_wconf 82' lang='lat' dir='ltr'><strong>obveniat:</strong></span> <span class='ocrx_word' id='word_1_50' title='bbox 1604 1164 1674 1202; x_wconf 82' lang='lat' dir='ltr'><strong>v:</strong></span> <span class='ocrx_word' id='word_1_51' title='bbox 1719 1163 1792 1220; x_wconf 84' lang='lat' dir='ltr'><strong>g:</strong></span> <span class='ocrx_word' id='word_1_52' title='bbox 1857 1146 1904 1201; x_wconf 92' lang='lat' dir='ltr'><strong>si</strong></span> <span class='ocrx_word' id='word_1_53' title='bbox 1947 1145 2017 1203; x_wconf 91' lang='lat' dir='ltr'><strong>de</strong></span> <span class='ocrx_word' id='word_1_54' title='bbox 2069 1144 2362 1202; x_wconf 82' lang='lat' dir='ltr'><strong>sacerdote</strong></span> <span class='ocrx_word' id='word_1_55' title='bbox 2407 1140 2704 1219; x_wconf 87' lang='lat' dir='ltr'><strong>cujusdam</strong></span> 
     </span>
     <span class='ocr_line' id='line_1_7' title="bbox 532 1240 2710 1319; baseline -0.002 -16"><span class='ocrx_word' id='word_1_56' title='bbox 532 1245 957 1304; x_wconf 79' lang='lat' dir='ltr'><strong>communitatis</strong></span> <span class='ocrx_word' id='word_1_57' title='bbox 982 1245 1264 1316; x_wconf 86' lang='lat' dir='ltr'><strong>loquatur.</strong></span> <span class='ocrx_word' id='word_1_58' title='bbox 1346 1243 1493 1301; x_wconf 86' lang='lat' dir='ltr'><strong>Item</strong></span> <span class='ocrx_word' id='word_1_59' title='bbox 1522 1255 1722 1319; x_wconf 87' lang='lat' dir='ltr'><strong>peccat</strong></span> <span class='ocrx_word' id='word_1_60' title='bbox 1747 1244 1798 1300; x_wconf 73' lang='lat' dir='ltr'><strong>ui</strong></span> <span class='ocrx_word' id='word_1_61' title='bbox 1825 1243 1902 1300; x_wconf 90' lang='lat' dir='ltr'><strong>ita</strong></span> <span class='ocrx_word' id='word_1_62' title='bbox 1938 1245 2199 1316; x_wconf 88' lang='lat' dir='ltr'><strong>loquatur</strong></span> <span class='ocrx_word' id='word_1_63' title='bbox 2223 1253 2286 1300; x_wconf 86' lang='lat' dir='ltr'><strong>ut</strong></span> <span class='ocrx_word' id='word_1_64' title='bbox 2309 1261 2440 1300; x_wconf 89' lang='lat' dir='ltr'><strong>reus</strong></span> <span class='ocrx_word' id='word_1_65' title='bbox 2467 1240 2710 1317; x_wconf 70' lang='lat' dir='ltr'><strong>intelligi</strong></span> 
     </span>
     <span class='ocr_line' id='line_1_8' title="bbox 532 1342 2708 1422; baseline -0.002 -20"><span class='ocrx_word' id='word_1_66' title='bbox 532 1345 737 1422; x_wconf 78' lang='lat' dir='ltr'><strong>possit,</strong></span> <span class='ocrx_word' id='word_1_67' title='bbox 766 1342 923 1416; x_wconf 89' lang='lat' dir='ltr'><strong>quod</strong></span> <span class='ocrx_word' id='word_1_68' title='bbox 948 1342 1113 1401; x_wconf 87' lang='lat' dir='ltr'><strong>facile</strong></span> <span class='ocrx_word' id='word_1_69' title='bbox 1140 1343 1437 1418; x_wconf 87' lang='lat' dir='ltr'><strong>contingit.</strong></span> <span class='ocrx_word' id='word_1_70' title='bbox 1522 1344 1588 1402; x_wconf 86' lang='lat' dir='ltr'><strong>Si</strong></span> <span class='ocrx_word' id='word_1_71' title='bbox 1617 1361 1732 1402; x_wconf 91' lang='lat' dir='ltr'><strong>non</strong></span> <span class='ocrx_word' id='word_1_72' title='bbox 1773 1353 1987 1400; x_wconf 84' lang='lat' dir='ltr'><strong>asserat</strong></span> <span class='ocrx_word' id='word_1_73' title='bbox 2011 1342 2228 1400; x_wconf 85' lang='lat' dir='ltr'><strong>crimen</strong></span> <span class='ocrx_word' id='word_1_74' title='bbox 2255 1352 2532 1419; x_wconf 85' lang='lat' dir='ltr'><strong>patratum</strong></span> <span class='ocrx_word' id='word_1_75' title='bbox 2559 1358 2708 1409; x_wconf 84' lang='lat' dir='ltr'><strong>esse,</strong></span> 
     </span>
     <span class='ocr_line' id='line_1_9' title="bbox 533 1440 2707 1514; baseline -0.003 -12"><span class='ocrx_word' id='word_1_76' title='bbox 533 1443 636 1502; x_wconf 88' lang='lat' dir='ltr'><strong>sed</strong></span> <span class='ocrx_word' id='word_1_77' title='bbox 664 1442 813 1501; x_wconf 90' lang='lat' dir='ltr'><strong>dicat</strong></span> <span class='ocrx_word' id='word_1_78' title='bbox 836 1461 1127 1501; x_wconf 89' lang='lat' dir='ltr'><strong>rumorem</strong></span> <span class='ocrx_word' id='word_1_79' title='bbox 1154 1440 1458 1514; x_wconf 85' lang='lat' dir='ltr'><strong>quemdam</strong></span> <span class='ocrx_word' id='word_1_80' title='bbox 1486 1443 1864 1510; x_wconf 85' lang='lat' dir='ltr'><strong>crebrescere,</strong></span> <span class='ocrx_word' id='word_1_81' title='bbox 1896 1441 1984 1498; x_wconf 85' lang='lat' dir='ltr'><strong>vel</strong></span> <span class='ocrx_word' id='word_1_82' title='bbox 2013 1441 2264 1514; x_wconf 84' lang='lat' dir='ltr'><strong>aliquem</strong></span> <span class='ocrx_word' id='word_1_83' title='bbox 2292 1441 2348 1498; x_wconf 88' lang='lat' dir='ltr'><strong>id</strong></span> <span class='ocrx_word' id='word_1_84' title='bbox 2375 1440 2707 1507; x_wconf 84' lang='lat' dir='ltr'><strong>asseruisse,</strong></span> 
     </span>
     <span class='ocr_line' id='line_1_10' title="bbox 534 1540 2134 1618; baseline -0.003 -16"><span class='ocrx_word' id='word_1_85' title='bbox 534 1555 749 1602; x_wconf 81' lang='lat' dir='ltr'><strong>temere</strong></span> <span class='ocrx_word' id='word_1_86' title='bbox 776 1541 1115 1618; x_wconf 74' lang='lat' dir='ltr'><strong>plerumque</strong></span> <span class='ocrx_word' id='word_1_87' title='bbox 1143 1541 1416 1614; x_wconf 90' lang='lat' dir='ltr'><strong>loquitur,</strong></span> <span class='ocrx_word' id='word_1_88' title='bbox 1445 1551 1502 1597; x_wconf 90' lang='lat' dir='ltr'><strong>et</strong></span> <span class='ocrx_word' id='word_1_89' title='bbox 1528 1541 1776 1600; x_wconf 67' lang='lat' dir='ltr'><strong>infamiae</strong></span> <span class='ocrx_word' id='word_1_90' title='bbox 1804 1540 1900 1598; x_wconf 89' lang='lat' dir='ltr'><strong>dat</strong></span> <span class='ocrx_word' id='word_1_91' title='bbox 1923 1541 2134 1600; x_wconf 91' lang='lat' dir='ltr'><strong>locum.</strong></span> 
     </span>
    </p>

    <p class='ocr_par' dir='ltr' id='par_1_4' title="bbox 531 1639 2714 2216">
     <span class='ocr_line' id='line_1_11' title="bbox 615 1639 2710 1720; baseline -0.002 -20"><span class='ocrx_word' id='word_1_92' title='bbox 615 1647 749 1702; x_wconf 82' lang='grc'><strong>132.</strong></span> <span class='ocrx_word' id='word_1_93' title='bbox 800 1643 988 1709; x_wconf 86' lang='lat' dir='ltr'><strong>Quam</strong></span> <span class='ocrx_word' id='word_1_94' title='bbox 1015 1660 1184 1720; x_wconf 86' lang='lat' dir='ltr'><strong>grave</strong></span> <span class='ocrx_word' id='word_1_95' title='bbox 1212 1643 1287 1699; x_wconf 89' lang='lat' dir='ltr'><strong>sit</strong></span> <span class='ocrx_word' id='word_1_96' title='bbox 1310 1651 1608 1716; x_wconf 88' lang='lat' dir='ltr'><strong>peccatum</strong></span> <span class='ocrx_word' id='word_1_97' title='bbox 1635 1641 1906 1699; x_wconf 87' lang='lat' dir='ltr'><strong>detractio</strong></span> <span class='ocrx_word' id='word_1_98' title='bbox 1939 1641 2119 1712; x_wconf 89' lang='lat' dir='ltr'><strong>liquet</strong></span> <span class='ocrx_word' id='word_1_99' title='bbox 2149 1658 2222 1697; x_wconf 84' lang='lat' dir='ltr'><strong>ex</strong></span> <span class='ocrx_word' id='word_1_100' title='bbox 2261 1639 2517 1716; x_wconf 89' lang='lat' dir='ltr'><strong>pluribus</strong></span> <span class='ocrx_word' id='word_1_101' title='bbox 2559 1639 2710 1696; x_wconf 88' lang='lat' dir='ltr'><strong>testi-</strong></span> 
     </span>
     <span class='ocr_line' id='line_1_12' title="bbox 532 1733 2710 1819; baseline -0.003 -18"><span class='ocrx_word' id='word_1_102' title='bbox 532 1745 744 1801; x_wconf 88' lang='lat' dir='ltr'><strong>moniis</strong></span> <span class='ocrx_word' id='word_1_103' title='bbox 772 1742 1116 1819; x_wconf 83' lang='lat' dir='ltr'><strong>Scripturae:</strong></span> <span class='ocrx_word' id='word_1_104' title='bbox 1148 1749 1188 1776; x_wconf 77' lang='lat'><strong>‘⁸</strong></span> <span class='ocrx_word' id='word_1_105' title='bbox 1207 1741 1551 1798; x_wconf 85' lang='lat' dir='ltr'><strong>abominatio</strong></span> <span class='ocrx_word' id='word_1_106' title='bbox 1592 1740 1888 1800; x_wconf 87' lang='lat' dir='ltr'><strong>hominum</strong></span> <span class='ocrx_word' id='word_1_107' title='bbox 1931 1733 2319 1798; x_wconf 81' lang='lat' dir='ltr'><strong>detractorz’&#39;¹</strong></span> <span class='ocrx_word' id='word_1_108' title='bbox 2402 1747 2440 1774; x_wconf 79' lang='lat'><strong>‘⁴</strong></span> <span class='ocrx_word' id='word_1_109' title='bbox 2465 1738 2531 1794; x_wconf 88' lang='lat' dir='ltr'><strong>Si</strong></span> <span class='ocrx_word' id='word_1_110' title='bbox 2562 1757 2710 1794; x_wconf 90' lang='lat' dir='ltr'><strong>mor-</strong></span> 
     </span>
     <span class='ocr_line' id='line_1_13' title="bbox 532 1827 2711 1918; baseline -0.003 -18"><span class='ocrx_word' id='word_1_111' title='bbox 532 1842 661 1900; x_wconf 87' lang='lat' dir='ltr'><strong>deat</strong></span> <span class='ocrx_word' id='word_1_112' title='bbox 684 1861 920 1918; x_wconf 89' lang='lat' dir='ltr'><strong>serpens</strong></span> <span class='ocrx_word' id='word_1_113' title='bbox 942 1841 1001 1899; x_wconf 92' lang='lat' dir='ltr'><strong>in</strong></span> <span class='ocrx_word' id='word_1_114' title='bbox 1028 1840 1275 1908; x_wconf 88' lang='lat' dir='ltr'><strong>silentio,</strong></span> <span class='ocrx_word' id='word_1_115' title='bbox 1306 1839 1450 1897; x_wconf 86' lang='lat' dir='ltr'><strong>nihil</strong></span> <span class='ocrx_word' id='word_1_116' title='bbox 1476 1859 1546 1898; x_wconf 89' lang='lat' dir='ltr'><strong>eo</strong></span> <span class='ocrx_word' id='word_1_117' title='bbox 1573 1842 1765 1898; x_wconf 89' lang='lat' dir='ltr'><strong>minus</strong></span> <span class='ocrx_word' id='word_1_118' title='bbox 1793 1840 1960 1896; x_wconf 88' lang='lat' dir='ltr'><strong>habet</strong></span> <span class='ocrx_word' id='word_1_119' title='bbox 1987 1840 2085 1914; x_wconf 91' lang='lat' dir='ltr'><strong>qui</strong></span> <span class='ocrx_word' id='word_1_120' title='bbox 2113 1839 2332 1896; x_wconf 89' lang='lat' dir='ltr'><strong>occulte</strong></span> <span class='ocrx_word' id='word_1_121' title='bbox 2360 1827 2711 1895; x_wconf 81' lang='lat' dir='ltr'><strong>detrahit:”²</strong></span> 
     </span>
     <span class='ocr_line' id='line_1_14' title="bbox 531 1923 2712 2015; baseline -0.003 -17"><span class='ocrx_word' id='word_1_122' title='bbox 531 1950 570 1976; x_wconf 92' lang='lat'>“</span> <span class='ocrx_word' id='word_1_123' title='bbox 595 1939 994 1998; x_wconf 85' lang='lat' dir='ltr'><strong>Detractores’&#39;</strong></span> <span class='ocrx_word' id='word_1_124' title='bbox 1050 1941 1195 1997; x_wconf 89' lang='lat' dir='ltr'><strong>inter</strong></span> <span class='ocrx_word' id='word_1_125' title='bbox 1236 1957 1338 1996; x_wconf 91' lang='lat' dir='ltr'><strong>eos</strong></span> <span class='ocrx_word' id='word_1_126' title='bbox 1388 1951 1759 1998; x_wconf 83' lang='lat' dir='ltr'><strong>recensentur</strong></span> <span class='ocrx_word' id='word_1_127' title='bbox 1808 1939 1905 2012; x_wconf 90' lang='lat' dir='ltr'><strong>qui</strong></span> <span class='ocrx_word' id='word_1_128' title='bbox 1953 1947 1993 1975; x_wconf 80' lang='lat'><strong>‘⁸</strong></span> <span class='ocrx_word' id='word_1_129' title='bbox 2017 1937 2174 2015; x_wconf 90' lang='lat' dir='ltr'><strong>digni</strong></span> <span class='ocrx_word' id='word_1_130' title='bbox 2231 1947 2364 1995; x_wconf 89' lang='lat' dir='ltr'><strong>sunt</strong></span> <span class='ocrx_word' id='word_1_131' title='bbox 2413 1946 2592 1994; x_wconf 89' lang='lat' dir='ltr'><strong>morte</strong></span> <span class='ocrx_word' id='word_1_132' title='bbox 2616 1923 2712 1992; x_wconf 80' lang='lat'><strong>:⁹⁹⁸</strong></span> 
     </span>
     <span class='ocr_line' id='line_1_15' title="bbox 534 2033 2714 2116; baseline -0.003 -18"><span class='ocrx_word' id='word_1_133' title='bbox 534 2048 572 2075; x_wconf 80' lang='lat'><strong>‘⁸</strong></span> <span class='ocrx_word' id='word_1_134' title='bbox 596 2037 870 2098; x_wconf 85' lang='lat' dir='ltr'><strong>Maledici</strong></span> <span class='ocrx_word' id='word_1_135' title='bbox 900 2080 915 2095; x_wconf 92' lang='lat'><strong>.</strong></span> <span class='ocrx_word' id='word_1_136' title='bbox 948 2079 963 2096; x_wconf 91' lang='lat'><strong>.</strong></span> <span class='ocrx_word' id='word_1_137' title='bbox 996 2081 1012 2096; x_wconf 91' lang='lat'><strong>.</strong></span> <span class='ocrx_word' id='word_1_138' title='bbox 1042 2056 1280 2115; x_wconf 88' lang='lat' dir='ltr'><strong>regnum</strong></span> <span class='ocrx_word' id='word_1_139' title='bbox 1324 2035 1438 2096; x_wconf 90' lang='lat' dir='ltr'><strong>Dei</strong></span> <span class='ocrx_word' id='word_1_140' title='bbox 1489 2057 1606 2098; x_wconf 92' lang='lat' dir='ltr'><strong>non</strong></span> <span class='ocrx_word' id='word_1_141' title='bbox 1659 2033 2130 2116; x_wconf 86' lang='lat' dir='ltr'><strong>possidebunt.”⁴</strong></span> <span class='ocrx_word' id='word_1_142' title='bbox 2207 2035 2370 2095; x_wconf 89' lang='lat' dir='ltr'><strong>Adeo</strong></span> <span class='ocrx_word' id='word_1_143' title='bbox 2422 2035 2714 2093; x_wconf 83' lang='lat' dir='ltr'><strong>abhorruit</strong></span> 
     </span>
     <span class='ocr_line' id='line_1_16' title="bbox 532 2135 2331 2216; baseline -0.002 -20"><span class='ocrx_word' id='word_1_144' title='bbox 532 2137 885 2216; x_wconf 82' lang='lat' dir='ltr'><strong>Augustinus</strong></span> <span class='ocrx_word' id='word_1_145' title='bbox 914 2139 983 2194; x_wconf 89' lang='lat' dir='ltr'><strong>ab</strong></span> <span class='ocrx_word' id='word_1_146' title='bbox 1008 2137 1121 2195; x_wconf 86' lang='lat' dir='ltr'><strong>hoc</strong></span> <span class='ocrx_word' id='word_1_147' title='bbox 1149 2138 1304 2205; x_wconf 86' lang='lat' dir='ltr'><strong>vitio,</strong></span> <span class='ocrx_word' id='word_1_148' title='bbox 1332 2148 1394 2195; x_wconf 94' lang='lat' dir='ltr'><strong>ut</strong></span> <span class='ocrx_word' id='word_1_149' title='bbox 1418 2157 1632 2196; x_wconf 85' lang='lat' dir='ltr'><strong>mensae</strong></span> <span class='ocrx_word' id='word_1_150' title='bbox 1661 2137 1988 2216; x_wconf 87' lang='lat' dir='ltr'><strong>apposuerit</strong></span> <span class='ocrx_word' id='word_1_151' title='bbox 2014 2135 2331 2194; x_wconf 87' lang='lat' dir='ltr'><strong>distichon:</strong></span> 
     </span>
    </p>
   </div>
   <div class='ocr_carea' id='block_1_3' title="bbox 950 2303 2241 2438">
    <p class='ocr_par' dir='ltr' id='par_1_5' title="bbox 950 2303 2241 2438">
     <span class='ocr_line' id='line_1_17' title="bbox 950 2303 2241 2376; baseline -0.005 -19"><span class='ocrx_word' id='word_1_152' title='bbox 950 2321 959 2328; x_wconf 81' lang='lat'><em>&#39;</em></span> <span class='ocrx_word' id='word_1_153' title='bbox 1000 2313 1031 2338; x_wconf 85' lang='lat'>“</span> <span class='ocrx_word' id='word_1_154' title='bbox 1046 2303 1282 2368; x_wconf 76' lang='lat' dir='ltr'><strong>Quisquis</strong></span> <span class='ocrx_word' id='word_1_155' title='bbox 1304 2309 1434 2354; x_wconf 84' lang='lat' dir='ltr'><strong>amat</strong></span> <span class='ocrx_word' id='word_1_156' title='bbox 1454 2304 1595 2354; x_wconf 83' lang='lat' dir='ltr'><strong>dictis</strong></span> <span class='ocrx_word' id='word_1_157' title='bbox 1617 2307 1870 2354; x_wconf 83' lang='lat' dir='ltr'><strong>absentum</strong></span> <span class='ocrx_word' id='word_1_158' title='bbox 1891 2305 2055 2376; x_wconf 80' lang='lat' dir='ltr'><strong>rodere</strong></span> <span class='ocrx_word' id='word_1_159' title='bbox 2077 2303 2241 2362; x_wconf 83' lang='lat' dir='ltr'><strong>vitam,</strong></span> 
     </span>
     <span class='ocr_line' id='line_1_18' title="bbox 992 2387 2122 2438; baseline -0.002 -2"><span class='ocrx_word' id='word_1_160' title='bbox 992 2387 1139 2438; x_wconf 81' lang='lat' dir='ltr'><strong>Hanc</strong></span> <span class='ocrx_word' id='word_1_161' title='bbox 1157 2403 1381 2437; x_wconf 84' lang='lat' dir='ltr'><strong>mensam</strong></span> <span class='ocrx_word' id='word_1_162' title='bbox 1401 2388 1598 2438; x_wconf 82' lang='lat' dir='ltr'><strong>vetitam</strong></span> <span class='ocrx_word' id='word_1_163' title='bbox 1619 2390 1806 2438; x_wconf 81' lang='lat' dir='ltr'><strong>noverit</strong></span> <span class='ocrx_word' id='word_1_164' title='bbox 1827 2405 1932 2437; x_wconf 84' lang='lat' dir='ltr'><strong>esse</strong></span> <span class='ocrx_word' id='word_1_165' title='bbox 1954 2387 2122 2436; x_wconf 77' lang='lat' dir='ltr'><strong>sibi.”⁵</strong></span> 
     </span>
    </p>
   </div>
   <div class='ocr_carea' id='block_1_4' title="bbox 530 2544 2716 4210">
    <p class='ocr_par' dir='ltr' id='par_1_6' title="bbox 530 2544 2716 4210">
     <span class='ocr_line' id='line_1_19' title="bbox 612 2544 2712 2625; baseline -0.001 -21"><span class='ocrx_word' id='word_1_166' title='bbox 612 2551 746 2605; x_wconf 83' lang='lat'><strong>133.</strong></span> <span class='ocrx_word' id='word_1_167' title='bbox 794 2545 1071 2604; x_wconf 85' lang='lat' dir='ltr'><strong>Charitati</strong></span> <span class='ocrx_word' id='word_1_168' title='bbox 1114 2545 1515 2609; x_wconf 84' lang='lat' dir='ltr'><strong>detractionem</strong></span> <span class='ocrx_word' id='word_1_169' title='bbox 1546 2567 1862 2625; x_wconf 90' lang='lat' dir='ltr'><strong>repugnare</strong></span> <span class='ocrx_word' id='word_1_170' title='bbox 1900 2548 2194 2606; x_wconf 90' lang='lat' dir='ltr'><strong>indubium</strong></span> <span class='ocrx_word' id='word_1_171' title='bbox 2237 2556 2357 2606; x_wconf 88' lang='lat' dir='ltr'><strong>est:</strong></span> <span class='ocrx_word' id='word_1_172' title='bbox 2409 2544 2712 2604; x_wconf 87' lang='lat' dir='ltr'><strong>“charitas</strong></span> 
     </span>
     <span class='ocr_line' id='line_1_20' title="bbox 533 2637 2714 2725; baseline -0.001 -21"><span class='ocrx_word' id='word_1_173' title='bbox 533 2648 685 2706; x_wconf 89' lang='lat' dir='ltr'><strong>enim</strong></span> <span class='ocrx_word' id='word_1_174' title='bbox 706 2649 890 2725; x_wconf 80' lang='lat' dir='ltr'><strong>operit</strong></span> <span class='ocrx_word' id='word_1_175' title='bbox 904 2646 1319 2723; x_wconf 86' lang='lat' dir='ltr'><strong>multitudinem</strong></span> <span class='ocrx_word' id='word_1_176' title='bbox 1340 2637 1803 2722; x_wconf 82' lang='lat' dir='ltr'><strong>peccatorum.”⁶</strong></span> <span class='ocrx_word' id='word_1_177' title='bbox 1843 2648 1954 2713; x_wconf 80' lang='lat' dir='ltr'><strong>Qui</strong></span> <span class='ocrx_word' id='word_1_178' title='bbox 1974 2647 2414 2723; x_wconf 85' lang='lat' dir='ltr'><strong>diligitamicum</strong></span> <span class='ocrx_word' id='word_1_179' title='bbox 2429 2647 2574 2704; x_wconf 86' lang='lat' dir='ltr'><strong>celat</strong></span> <span class='ocrx_word' id='word_1_180' title='bbox 2589 2647 2714 2723; x_wconf 80' lang='lat' dir='ltr'><strong>ejus</strong></span> 
     </span>
     <span class='ocr_line' id='line_1_21' title="bbox 535 2744 2716 2823; baseline -0.002 -19"><span class='ocrx_word' id='word_1_181' title='bbox 535 2747 732 2823; x_wconf 89' lang='lat' dir='ltr'><strong>culpas</strong></span> <span class='ocrx_word' id='word_1_182' title='bbox 748 2757 807 2804; x_wconf 88' lang='lat' dir='ltr'><strong>et</strong></span> <span class='ocrx_word' id='word_1_183' title='bbox 822 2756 1121 2804; x_wconf 85' lang='lat' dir='ltr'><strong>extenuat:</strong></span> <span class='ocrx_word' id='word_1_184' title='bbox 1160 2746 1403 2817; x_wconf 88' lang='lat' dir='ltr'><strong>ideoque</strong></span> <span class='ocrx_word' id='word_1_185' title='bbox 1424 2748 1522 2818; x_wconf 91' lang='lat' dir='ltr'><strong>qui</strong></span> <span class='ocrx_word' id='word_1_186' title='bbox 1544 2765 1640 2804; x_wconf 88' lang='lat' dir='ltr'><strong>eas</strong></span> <span class='ocrx_word' id='word_1_187' title='bbox 1661 2756 1872 2803; x_wconf 88' lang='lat' dir='ltr'><strong>temere</strong></span> <span class='ocrx_word' id='word_1_188' title='bbox 1899 2746 2128 2823; x_wconf 85' lang='lat' dir='ltr'><strong>detegit,</strong></span> <span class='ocrx_word' id='word_1_189' title='bbox 2145 2746 2297 2803; x_wconf 91' lang='lat' dir='ltr'><strong>haud</strong></span> <span class='ocrx_word' id='word_1_190' title='bbox 2317 2765 2504 2803; x_wconf 89' lang='lat' dir='ltr'><strong>amare</strong></span> <span class='ocrx_word' id='word_1_191' title='bbox 2525 2744 2716 2822; x_wconf 83' lang='lat' dir='ltr'><strong>proxi-</strong></span> 
     </span>
     <span class='ocr_line' id='line_1_22' title="bbox 530 2845 2713 2920; baseline -0 -17"><span class='ocrx_word' id='word_1_192' title='bbox 530 2864 689 2903; x_wconf 90' lang='lat' dir='ltr'><strong>mum</strong></span> <span class='ocrx_word' id='word_1_193' title='bbox 704 2846 1074 2902; x_wconf 88' lang='lat' dir='ltr'><strong>convincitur.</strong></span> <span class='ocrx_word' id='word_1_194' title='bbox 1118 2845 1303 2900; x_wconf 89' lang='lat' dir='ltr'><strong>Verus</strong></span> <span class='ocrx_word' id='word_1_195' title='bbox 1324 2863 1485 2902; x_wconf 87' lang='lat' dir='ltr'><strong>amor</strong></span> <span class='ocrx_word' id='word_1_196' title='bbox 1504 2845 1638 2902; x_wconf 88' lang='lat' dir='ltr'><strong>facit</strong></span> <span class='ocrx_word' id='word_1_197' title='bbox 1658 2858 1719 2902; x_wconf 93' lang='lat' dir='ltr'><strong>ut</strong></span> <span class='ocrx_word' id='word_1_198' title='bbox 1737 2862 1871 2920; x_wconf 84' lang='lat' dir='ltr'><strong>erga</strong></span> <span class='ocrx_word' id='word_1_199' title='bbox 1890 2846 2032 2903; x_wconf 86' lang='lat' dir='ltr'><strong>alios</strong></span> <span class='ocrx_word' id='word_1_200' title='bbox 2048 2863 2153 2907; x_wconf 87' lang='lat' dir='ltr'><strong>nos</strong></span> <span class='ocrx_word' id='word_1_201' title='bbox 2175 2847 2251 2904; x_wconf 90' lang='lat' dir='ltr'><strong>ita</strong></span> <span class='ocrx_word' id='word_1_202' title='bbox 2270 2864 2553 2920; x_wconf 63' lang='lat' dir='ltr'><strong>gerarum,</strong></span> <span class='ocrx_word' id='word_1_203' title='bbox 2576 2864 2713 2918; x_wconf 92' lang='lat' dir='ltr'><strong>que-</strong></span> 
     </span>
     <span class='ocr_line' id='line_1_23' title="bbox 536 2940 2712 3020; baseline 0.001 -21"><span class='ocrx_word' id='word_1_204' title='bbox 536 2942 900 3000; x_wconf 89' lang='lat' dir='ltr'><strong>madmodum</strong></span> <span class='ocrx_word' id='word_1_205' title='bbox 930 2945 1192 3020; x_wconf 87' lang='lat' dir='ltr'><strong>cupimus</strong></span> <span class='ocrx_word' id='word_1_206' title='bbox 1220 2961 1319 2999; x_wconf 90' lang='lat' dir='ltr'><strong>eos</strong></span> <span class='ocrx_word' id='word_1_207' title='bbox 1348 2944 1513 3000; x_wconf 88' lang='lat' dir='ltr'><strong>nobis</strong></span> <span class='ocrx_word' id='word_1_208' title='bbox 1542 2940 1758 3002; x_wconf 82' lang='lat' dir='ltr'><strong>fa&#39;cere:</strong></span> <span class='ocrx_word' id='word_1_209' title='bbox 1800 2963 1972 3003; x_wconf 89' lang='lat' dir='ltr'><strong>nemo</strong></span> <span class='ocrx_word' id='word_1_210' title='bbox 2000 2957 2187 3002; x_wconf 88' lang='lat' dir='ltr'><strong>autem</strong></span> <span class='ocrx_word' id='word_1_211' title='bbox 2215 2953 2300 3000; x_wconf 89' lang='lat' dir='ltr'><strong>est</strong></span> <span class='ocrx_word' id='word_1_212' title='bbox 2325 2944 2425 3017; x_wconf 92' lang='lat' dir='ltr'><strong>qui</strong></span> <span class='ocrx_word' id='word_1_213' title='bbox 2451 2964 2567 3003; x_wconf 91' lang='lat' dir='ltr'><strong>non</strong></span> <span class='ocrx_word' id='word_1_214' title='bbox 2595 2964 2712 3002; x_wconf 76' lang='lat' dir='ltr'><strong>suoe</strong></span> 
     </span>
     <span class='ocr_line' id='line_1_24' title="bbox 532 3039 2714 3119; baseline 0.003 -22"><span class='ocrx_word' id='word_1_215' title='bbox 532 3039 754 3098; x_wconf 89' lang='lat' dir='ltr'><strong>studeat</strong></span> <span class='ocrx_word' id='word_1_216' title='bbox 778 3040 962 3110; x_wconf 68' lang='lat' dir='ltr'><strong>famae,</strong></span> <span class='ocrx_word' id='word_1_217' title='bbox 992 3052 1050 3100; x_wconf 91' lang='lat' dir='ltr'><strong>et</strong></span> <span class='ocrx_word' id='word_1_218' title='bbox 1074 3043 1264 3117; x_wconf 87' lang='lat' dir='ltr'><strong>cupiat</strong></span> <span class='ocrx_word' id='word_1_219' title='bbox 1286 3043 1498 3101; x_wconf 91' lang='lat' dir='ltr'><strong>bonum</strong></span> <span class='ocrx_word' id='word_1_220' title='bbox 1524 3062 1736 3100; x_wconf 89' lang='lat' dir='ltr'><strong>nomen</strong></span> <span class='ocrx_word' id='word_1_221' title='bbox 1763 3045 1830 3101; x_wconf 92' lang='lat' dir='ltr'><strong>ab</strong></span> <span class='ocrx_word' id='word_1_222' title='bbox 1857 3046 2014 3102; x_wconf 90' lang='lat' dir='ltr'><strong>omni</strong></span> <span class='ocrx_word' id='word_1_223' title='bbox 2055 3044 2182 3101; x_wconf 89' lang='lat' dir='ltr'><strong>labe</strong></span> <span class='ocrx_word' id='word_1_224' title='bbox 2223 3044 2564 3119; x_wconf 84' lang='lat' dir='ltr'><strong>suspicionis</strong></span> <span class='ocrx_word' id='word_1_225' title='bbox 2593 3063 2714 3103; x_wconf 89' lang='lat' dir='ltr'><strong>ser-</strong></span> 
     </span>
     <span class='ocr_line' id='line_1_25' title="bbox 533 3141 2715 3220; baseline 0.002 -24"><span class='ocrx_word' id='word_1_226' title='bbox 533 3159 664 3198; x_wconf 86' lang='lat' dir='ltr'><strong>vare</strong></span> <span class='ocrx_word' id='word_1_227' title='bbox 710 3143 985 3199; x_wconf 88' lang='lat' dir='ltr'><strong>immune.</strong></span> <span class='ocrx_word' id='word_1_228' title='bbox 1072 3141 1257 3198; x_wconf 88' lang='lat' dir='ltr'><strong>Decet</strong></span> <span class='ocrx_word' id='word_1_229' title='bbox 1298 3142 1468 3217; x_wconf 85' lang='lat' dir='ltr'><strong>igitur</strong></span> <span class='ocrx_word' id='word_1_230' title='bbox 1508 3154 1573 3198; x_wconf 90' lang='lat' dir='ltr'><strong>ut</strong></span> <span class='ocrx_word' id='word_1_231' title='bbox 1615 3153 1673 3199; x_wconf 92' lang='lat' dir='ltr'><strong>et</strong></span> <span class='ocrx_word' id='word_1_232' title='bbox 1715 3142 1878 3200; x_wconf 85' lang='lat' dir='ltr'><strong>famae</strong></span> <span class='ocrx_word' id='word_1_233' title='bbox 1925 3144 2176 3220; x_wconf 84' lang='lat' dir='ltr'><strong>proximi</strong></span> <span class='ocrx_word' id='word_1_234' title='bbox 2217 3143 2602 3209; x_wconf 83' lang='lat' dir='ltr'><strong>consulamus,</strong></span> <span class='ocrx_word' id='word_1_235' title='bbox 2654 3154 2715 3200; x_wconf 90' lang='lat' dir='ltr'><strong>et</strong></span> 
     </span>
     <span class='ocr_line' id='line_1_26' title="bbox 534 3239 2712 3316; baseline 0.003 -20"><span class='ocrx_word' id='word_1_236' title='bbox 534 3239 730 3314; x_wconf 88' lang='lat' dir='ltr'><strong>culpas</strong></span> <span class='ocrx_word' id='word_1_237' title='bbox 766 3241 915 3316; x_wconf 89' lang='lat' dir='ltr'><strong>ejus,</strong></span> <span class='ocrx_word' id='word_1_238' title='bbox 957 3250 1117 3296; x_wconf 84' lang='lat' dir='ltr'><strong>extra</strong></span> <span class='ocrx_word' id='word_1_239' title='bbox 1155 3241 1575 3308; x_wconf 88' lang='lat' dir='ltr'><strong>necessitatem,</strong></span> <span class='ocrx_word' id='word_1_240' title='bbox 1619 3258 1737 3298; x_wconf 91' lang='lat' dir='ltr'><strong>non</strong></span> <span class='ocrx_word' id='word_1_241' title='bbox 1773 3242 2109 3300; x_wconf 88' lang='lat' dir='ltr'><strong>revelemus.</strong></span> <span class='ocrx_word' id='word_1_242' title='bbox 2197 3251 2233 3276; x_wconf 81' lang='lat'><strong>‘⁶</strong></span> <span class='ocrx_word' id='word_1_243' title='bbox 2256 3242 2496 3300; x_wconf 83' lang='lat' dir='ltr'><strong>Auferre</strong></span> <span class='ocrx_word' id='word_1_244' title='bbox 2523 3252 2712 3302; x_wconf 88' lang='lat' dir='ltr'><strong>autem</strong></span> 
     </span>
     <span class='ocr_line' id='line_1_27' title="bbox 533 3337 2712 3419; baseline 0.001 -24"><span class='ocrx_word' id='word_1_245' title='bbox 533 3337 703 3396; x_wconf 89' lang='lat' dir='ltr'><strong>alicui</strong></span> <span class='ocrx_word' id='word_1_246' title='bbox 726 3337 1000 3406; x_wconf 85' lang='lat' dir='ltr'><strong>famam,‘’</strong></span> <span class='ocrx_word' id='word_1_247' title='bbox 1030 3339 1216 3411; x_wconf 89' lang='lat' dir='ltr'><strong>inquit</strong></span> <span class='ocrx_word' id='word_1_248' title='bbox 1240 3337 1316 3396; x_wconf 89' lang='lat' dir='ltr'><strong>D.</strong></span> <span class='ocrx_word' id='word_1_249' title='bbox 1346 3339 1629 3405; x_wconf 84' lang='lat' dir='ltr'><strong>Thomas,</strong></span> <span class='ocrx_word' id='word_1_250' title='bbox 1662 3349 1700 3374; x_wconf 81' lang='lat'><strong>‘⁴</strong></span> <span class='ocrx_word' id='word_1_251' title='bbox 1719 3340 1885 3398; x_wconf 85' lang='lat' dir='ltr'><strong>valde</strong></span> <span class='ocrx_word' id='word_1_252' title='bbox 1913 3361 2082 3419; x_wconf 85' lang='lat' dir='ltr'><strong>grave</strong></span> <span class='ocrx_word' id='word_1_253' title='bbox 2117 3352 2233 3398; x_wconf 85' lang='lat' dir='ltr'><strong>est:</strong></span> <span class='ocrx_word' id='word_1_254' title='bbox 2265 3342 2397 3412; x_wconf 90' lang='lat' dir='ltr'><strong>quia</strong></span> <span class='ocrx_word' id='word_1_255' title='bbox 2436 3341 2582 3399; x_wconf 90' lang='lat' dir='ltr'><strong>inter</strong></span> <span class='ocrx_word' id='word_1_256' title='bbox 2619 3361 2712 3398; x_wconf 87' lang='lat' dir='ltr'><strong>res</strong></span> 
     </span>
     <span class='ocr_line' id='line_1_28' title="bbox 531 3437 2713 3518; baseline 0.001 -24"><span class='ocrx_word' id='word_1_257' title='bbox 531 3438 871 3514; x_wconf 81' lang='lat' dir='ltr'><strong>temporales</strong></span> <span class='ocrx_word' id='word_1_258' title='bbox 900 3437 1121 3495; x_wconf 82' lang='lat' dir='ltr'><strong>videtur</strong></span> <span class='ocrx_word' id='word_1_259' title='bbox 1147 3438 1296 3495; x_wconf 87' lang='lat' dir='ltr'><strong>sama</strong></span> <span class='ocrx_word' id='word_1_260' title='bbox 1322 3457 1450 3496; x_wconf 89' lang='lat' dir='ltr'><strong>esse</strong></span> <span class='ocrx_word' id='word_1_261' title='bbox 1478 3441 1799 3514; x_wconf 87' lang='lat' dir='ltr'><strong>pretiosior,</strong></span> <span class='ocrx_word' id='word_1_262' title='bbox 1829 3459 1932 3518; x_wconf 88' lang='lat' dir='ltr'><strong>per</strong></span> <span class='ocrx_word' id='word_1_263' title='bbox 1969 3443 2134 3518; x_wconf 89' lang='lat' dir='ltr'><strong>cujus</strong></span> <span class='ocrx_word' id='word_1_264' title='bbox 2162 3439 2442 3498; x_wconf 87' lang='lat' dir='ltr'><strong>defectum</strong></span> <span class='ocrx_word' id='word_1_265' title='bbox 2471 3439 2713 3516; x_wconf 89' lang='lat' dir='ltr'><strong>impedi·</strong></span> 
     </span>
     <span class='ocr_line' id='line_1_29' title="bbox 532 3537 2708 3620; baseline 0.001 -26"><span class='ocrx_word' id='word_1_266' title='bbox 532 3548 622 3595; x_wconf 85' lang='lat' dir='ltr'><strong>tur</strong></span> <span class='ocrx_word' id='word_1_267' title='bbox 664 3537 843 3596; x_wconf 92' lang='lat' dir='ltr'><strong>homo</strong></span> <span class='ocrx_word' id='word_1_268' title='bbox 890 3558 923 3594; x_wconf 91' lang='lat' dir='ltr'><strong>a</strong></span> <span class='ocrx_word' id='word_1_269' title='bbox 966 3537 1155 3595; x_wconf 86' lang='lat' dir='ltr'><strong>multis</strong></span> <span class='ocrx_word' id='word_1_270' title='bbox 1198 3538 1341 3620; x_wconf 88' lang='lat' dir='ltr'><strong>bene</strong></span> <span class='ocrx_word' id='word_1_271' title='bbox 1378 3537 1648 3617; x_wconf 64' lang='lat' dir='ltr'><strong>agendis:</strong></span> <span class='ocrx_word' id='word_1_272' title='bbox 1690 3551 1922 3615; x_wconf 83' lang='lat' dir='ltr'><strong>propter</strong></span> <span class='ocrx_word' id='word_1_273' title='bbox 1960 3538 2113 3612; x_wconf 88' lang='lat' dir='ltr'><strong>quod</strong></span> <span class='ocrx_word' id='word_1_274' title='bbox 2151 3539 2359 3596; x_wconf 88' lang='lat' dir='ltr'><strong>dicitur</strong></span> <span class='ocrx_word' id='word_1_275' title='bbox 2396 3538 2561 3597; x_wconf 91' lang='lat' dir='ltr'><strong>Eccl.</strong></span> <span class='ocrx_word' id='word_1_276' title='bbox 2605 3539 2708 3598; x_wconf 86' lang='lat' dir='ltr'><strong>xli.</strong></span> 
     </span>
     <span class='ocr_line' id='line_1_30' title="bbox 537 3624 2710 3714; baseline 0 -21"><span class='ocrx_word' id='word_1_277' title='bbox 537 3635 786 3697; x_wconf 83' lang='lat' dir='ltr'><strong>‘Curam</strong></span> <span class='ocrx_word' id='word_1_278' title='bbox 834 3638 978 3695; x_wconf 87' lang='lat' dir='ltr'><strong>habe</strong></span> <span class='ocrx_word' id='word_1_279' title='bbox 1018 3636 1088 3695; x_wconf 89' lang='lat' dir='ltr'><strong>de</strong></span> <span class='ocrx_word' id='word_1_280' title='bbox 1132 3637 1284 3694; x_wconf 89' lang='lat' dir='ltr'><strong>bono</strong></span> <span class='ocrx_word' id='word_1_281' title='bbox 1321 3638 1588 3696; x_wconf 89' lang='lat' dir='ltr'><strong>nomine:</strong></span> <span class='ocrx_word' id='word_1_282' title='bbox 1634 3637 1746 3696; x_wconf 89' lang='lat' dir='ltr'><strong>hoc</strong></span> <span class='ocrx_word' id='word_1_283' title='bbox 1777 3641 1930 3696; x_wconf 89' lang='lat' dir='ltr'><strong>enim</strong></span> <span class='ocrx_word' id='word_1_284' title='bbox 1953 3624 2153 3714; x_wconf 58' lang='lat' dir='ltr'><strong>&#39;magis</strong></span> <span class='ocrx_word' id='word_1_285' title='bbox 2193 3639 2546 3714; x_wconf 87' lang='lat' dir='ltr'><strong>permanebit</strong></span> <span class='ocrx_word' id='word_1_286' title='bbox 2591 3639 2710 3706; x_wconf 89' lang='lat' dir='ltr'><strong>tibi,</strong></span> 
     </span>
     <span class='ocr_line' id='line_1_31' title="bbox 536 3736 2712 3814; baseline 0 -21"><span class='ocrx_word' id='word_1_287' title='bbox 536 3755 708 3808; x_wconf 90' lang='lat' dir='ltr'><strong>quam</strong></span> <span class='ocrx_word' id='word_1_288' title='bbox 735 3739 891 3795; x_wconf 89' lang='lat' dir='ltr'><strong>mille</strong></span> <span class='ocrx_word' id='word_1_289' title='bbox 932 3737 1180 3795; x_wconf 86' lang='lat' dir='ltr'><strong>thesauri</strong></span> <span class='ocrx_word' id='word_1_290' title='bbox 1216 3738 1404 3814; x_wconf 87' lang='lat' dir='ltr'><strong>magni</strong></span> <span class='ocrx_word' id='word_1_291' title='bbox 1439 3747 1497 3795; x_wconf 89' lang='lat' dir='ltr'><strong>et</strong></span> <span class='ocrx_word' id='word_1_292' title='bbox 1531 3737 1810 3812; x_wconf 66' lang='lat' dir='ltr'><strong>pretiosi!</strong></span> <span class='ocrx_word' id='word_1_293' title='bbox 1893 3737 1974 3795; x_wconf 93' lang='lat' dir='ltr'><strong>Et</strong></span> <span class='ocrx_word' id='word_1_294' title='bbox 2018 3737 2147 3795; x_wconf 91' lang='lat' dir='ltr'><strong>ideo</strong></span> <span class='ocrx_word' id='word_1_295' title='bbox 2187 3736 2478 3804; x_wconf 87' lang='lat' dir='ltr'><strong>detracti0‚</strong></span> <span class='ocrx_word' id='word_1_296' title='bbox 2507 3755 2609 3812; x_wconf 89' lang='lat' dir='ltr'><strong>per</strong></span> <span class='ocrx_word' id='word_1_297' title='bbox 2646 3755 2712 3793; x_wconf 89' lang='lat' dir='ltr'><strong>se</strong></span> 
     </span>
     <span class='ocr_line' id='line_1_32' title="bbox 531 3831 2713 3911; baseline 0.001 -21"><span class='ocrx_word' id='word_1_298' title='bbox 531 3833 843 3906; x_wconf 89' lang='lat' dir='ltr'><strong>loquendo,</strong></span> <span class='ocrx_word' id='word_1_299' title='bbox 870 3845 961 3892; x_wconf 86' lang='lat' dir='ltr'><strong>est</strong></span> <span class='ocrx_word' id='word_1_300' title='bbox 999 3847 1295 3910; x_wconf 88' lang='lat' dir='ltr'><strong>peccatum</strong></span> <span class='ocrx_word' id='word_1_301' title='bbox 1335 3831 1670 3896; x_wconf 81' lang='lat' dir='ltr'><strong>mortale.”⁷</strong></span> <span class='ocrx_word' id='word_1_302' title='bbox 1751 3845 1792 3872; x_wconf 79' lang='lat'><strong>‘⁶</strong></span> <span class='ocrx_word' id='word_1_303' title='bbox 1813 3837 1994 3894; x_wconf 89' lang='lat' dir='ltr'><strong>Fama</strong></span> <span class='ocrx_word' id='word_1_304' title='bbox 2029 3837 2359 3911; x_wconf 82' lang='lat' dir='ltr'><strong>proeeminet</strong></span> <span class='ocrx_word' id='word_1_305' title='bbox 2381 3834 2612 3902; x_wconf 88' lang='lat' dir='ltr'><strong>divitiis,</strong></span> <span class='ocrx_word' id='word_1_306' title='bbox 2641 3853 2713 3893; x_wconf 88' lang='lat' dir='ltr'><strong>eo</strong></span> 
     </span>
     <span class='ocr_line' id='line_1_33' title="bbox 538 3929 2706 4012; baseline 0 -23"><span class='ocrx_word' id='word_1_307' title='bbox 538 3930 691 4004; x_wconf 90' lang='lat' dir='ltr'><strong>quod</strong></span> <span class='ocrx_word' id='word_1_308' title='bbox 732 3934 1103 4008; x_wconf 88' lang='lat' dir='ltr'><strong>propinquior</strong></span> <span class='ocrx_word' id='word_1_309' title='bbox 1140 3945 1228 3992; x_wconf 88' lang='lat' dir='ltr'><strong>est</strong></span> <span class='ocrx_word' id='word_1_310' title='bbox 1265 3937 1651 4012; x_wconf 89' lang='lat' dir='ltr'><strong>spiritualibus</strong></span> <span class='ocrx_word' id='word_1_311' title='bbox 1691 3935 1876 3994; x_wconf 89' lang='lat' dir='ltr'><strong>bonis.</strong></span> <span class='ocrx_word' id='word_1_312' title='bbox 1965 3934 2131 3992; x_wconf 89' lang='lat' dir='ltr'><strong>Unde</strong></span> <span class='ocrx_word' id='word_1_313' title='bbox 2171 3934 2310 3996; x_wconf 88' lang='lat' dir='ltr'><strong>dicit</strong></span> <span class='ocrx_word' id='word_1_314' title='bbox 2352 3935 2524 3992; x_wconf 85' lang='lat' dir='ltr'><strong>Prov.</strong></span> <span class='ocrx_word' id='word_1_315' title='bbox 2563 3929 2706 3990; x_wconf 63' lang='lat' dir='ltr'><strong>xxii.</strong></span> 
     </span>
     <span class='ocr_line' id='line_1_34' title="bbox 541 4030 2710 4114; baseline 0.001 -27"><span class='ocrx_word' id='word_1_316' title='bbox 541 4040 556 4066; x_wconf 82' lang='lat'><em>⁶</em></span> <span class='ocrx_word' id='word_1_317' title='bbox 580 4030 797 4089; x_wconf 88' lang='lat' dir='ltr'><strong>Melius</strong></span> <span class='ocrx_word' id='word_1_318' title='bbox 824 4040 913 4088; x_wconf 90' lang='lat' dir='ltr'><strong>est</strong></span> <span class='ocrx_word' id='word_1_319' title='bbox 938 4049 1147 4090; x_wconf 88' lang='lat' dir='ltr'><strong>nomen</strong></span> <span class='ocrx_word' id='word_1_320' title='bbox 1173 4034 1407 4101; x_wconf 81' lang='lat' dir='ltr'><strong>bonum,</strong></span> <span class='ocrx_word' id='word_1_321' title='bbox 1432 4055 1600 4114; x_wconf 82' lang='lat' dir='ltr'><strong>quam</strong></span> <span class='ocrx_word' id='word_1_322' title='bbox 1627 4034 1838 4093; x_wconf 81' lang='lat' dir='ltr'><strong>divitiae</strong></span> <span class='ocrx_word' id='word_1_323' title='bbox 1865 4033 2098 4091; x_wconf 56' lang='lat' dir='ltr'><strong>multoess</strong></span> <span class='ocrx_word' id='word_1_324' title='bbox 2181 4033 2264 4091; x_wconf 90' lang='lat' dir='ltr'><strong>Et</strong></span> <span class='ocrx_word' id='word_1_325' title='bbox 2281 4032 2409 4090; x_wconf 91' lang='lat' dir='ltr'><strong>ideo</strong></span> <span class='ocrx_word' id='word_1_326' title='bbox 2435 4032 2710 4091; x_wconf 82' lang='lat' dir='ltr'><strong>detractio</strong></span> 
     </span>
     <span class='ocr_line' id='line_1_35' title="bbox 534 4126 2437 4210; baseline 0.001 -23"><span class='ocrx_word' id='word_1_327' title='bbox 534 4129 850 4188; x_wconf 82' lang='lat' dir='ltr'><strong>secundum</strong></span> <span class='ocrx_word' id='word_1_328' title='bbox 876 4149 1043 4187; x_wconf 87' lang='lat' dir='ltr'><strong>suum</strong></span> <span class='ocrx_word' id='word_1_329' title='bbox 1072 4149 1251 4207; x_wconf 88' lang='lat' dir='ltr'><strong>genus</strong></span> <span class='ocrx_word' id='word_1_330' title='bbox 1278 4143 1366 4190; x_wconf 91' lang='lat' dir='ltr'><strong>est</strong></span> <span class='ocrx_word' id='word_1_331' title='bbox 1390 4134 1575 4209; x_wconf 79' lang='lat' dir='ltr'><strong>majus</strong></span> <span class='ocrx_word' id='word_1_332' title='bbox 1605 4145 1901 4210; x_wconf 85' lang='lat' dir='ltr'><strong>peccatum</strong></span> <span class='ocrx_word' id='word_1_333' title='bbox 1929 4153 2102 4205; x_wconf 89' lang='lat' dir='ltr'><strong>quam</strong></span> <span class='ocrx_word' id='word_1_334' title='bbox 2129 4126 2437 4190; x_wconf 83' lang='lat' dir='ltr'><strong>furtum.’·’⁸</strong></span> 
     </span>
    </p>
   </div>
   <div class='ocr_carea' id='block_1_5' title="bbox 598 4271 2642 4510">
    <p class='ocr_par' dir='ltr' id='par_1_7' title="bbox 598 4271 2642 4510">
     <span class='ocr_line' id='line_1_36' title="bbox 611 4271 2642 4344; baseline 0 -25"><span class='ocrx_word' id='word_1_335' title='bbox 611 4273 696 4338; x_wconf 90' lang='lat'><strong>(1)</strong></span> <span class='ocrx_word' id='word_1_336' title='bbox 738 4271 881 4321; x_wconf 84' lang='lat' dir='ltr'><strong>Prov.</strong></span> <span class='ocrx_word' id='word_1_337' title='bbox 903 4272 1037 4344; x_wconf 61' lang='lat' dir='ltr'><strong>xxiy.</strong></span> <span class='ocrx_word' id='word_1_338' title='bbox 1061 4274 1109 4320; x_wconf 88' lang='grc'><strong>9.</strong></span> <span class='ocrx_word' id='word_1_339' title='bbox 1445 4277 1531 4342; x_wconf 80' lang='grc'><strong>(2)</strong></span> <span class='ocrx_word' id='word_1_340' title='bbox 1572 4275 1708 4324; x_wconf 86' lang='lat' dir='ltr'><strong>Eccl.</strong></span> <span class='ocrx_word' id='word_1_341' title='bbox 1729 4291 1780 4324; x_wconf 85' lang='lat' dir='ltr'><strong>x.</strong></span> <span class='ocrx_word' id='word_1_342' title='bbox 1807 4279 1884 4324; x_wconf 86' lang='lat' dir='ltr'><strong>ll.</strong></span> <span class='ocrx_word' id='word_1_343' title='bbox 2219 4276 2304 4342; x_wconf 88' lang='grc'><strong>(3)</strong></span> <span class='ocrx_word' id='word_1_344' title='bbox 2343 4273 2484 4322; x_wconf 82' lang='lat' dir='ltr'><strong>Rom.</strong></span> <span class='ocrx_word' id='word_1_345' title='bbox 2505 4273 2537 4322; x_wconf 94' lang='lat' dir='ltr'><strong>i.</strong></span> <span class='ocrx_word' id='word_1_346' title='bbox 2562 4275 2642 4320; x_wconf 88' lang='grc'><strong>30.</strong></span> 
     </span>
     <span class='ocr_line' id='line_1_37' title="bbox 607 4356 2358 4426; baseline 0.001 -22"><span class='ocrx_word' id='word_1_347' title='bbox 607 4359 692 4424; x_wconf 83' lang='grc'><strong>(4)</strong></span> <span class='ocrx_word' id='word_1_348' title='bbox 737 4361 758 4404; x_wconf 95' lang='lat'>1</span> <span class='ocrx_word' id='word_1_349' title='bbox 789 4356 903 4406; x_wconf 78' lang='lat' dir='ltr'><strong>Cor.</strong></span> <span class='ocrx_word' id='word_1_350' title='bbox 920 4357 983 4406; x_wconf 88' lang='lat' dir='ltr'><strong>vi.</strong></span> <span class='ocrx_word' id='word_1_351' title='bbox 1010 4359 1086 4406; x_wconf 91' lang='grc'><strong>10.</strong></span> <span class='ocrx_word' id='word_1_352' title='bbox 1439 4361 1525 4426; x_wconf 86' lang='grc'><strong>(5)</strong></span> <span class='ocrx_word' id='word_1_353' title='bbox 1565 4359 1829 4418; x_wconf 87' lang='lat' dir='ltr'><strong>Possidius,</strong></span> <span class='ocrx_word' id='word_1_354' title='bbox 1851 4359 1913 4408; x_wconf 83' lang='lat' dir='ltr'><strong>in</strong></span> <span class='ocrx_word' id='word_1_355' title='bbox 1933 4358 2039 4410; x_wconf 77' lang='lat' dir='ltr'><strong>vita</strong></span> <span class='ocrx_word' id='word_1_356' title='bbox 2060 4357 2358 4426; x_wconf 76' lang='lat' dir='ltr'><strong>Augustini.</strong></span> 
     </span>
     <span class='ocr_line' id='line_1_38' title="bbox 598 4441 2368 4510; baseline 0 -20"><span class='ocrx_word' id='word_1_357' title='bbox 598 4444 684 4509; x_wconf 84' lang='grc'><strong>(6)</strong></span> <span class='ocrx_word' id='word_1_358' title='bbox 728 4444 750 4488; x_wconf 95' lang='grc'><strong>1</strong></span> <span class='ocrx_word' id='word_1_359' title='bbox 779 4441 885 4490; x_wconf 83' lang='lat' dir='ltr'><strong>Pet.</strong></span> <span class='ocrx_word' id='word_1_360' title='bbox 907 4441 970 4490; x_wconf 87' lang='lat' dir='ltr'><strong>iv.</strong></span> <span class='ocrx_word' id='word_1_361' title='bbox 994 4444 1041 4489; x_wconf 85' lang='lat'><strong>8.</strong></span> <span class='ocrx_word' id='word_1_362' title='bbox 1444 4445 1529 4509; x_wconf 85' lang='grc'><strong>(7)</strong></span> <span class='ocrx_word' id='word_1_363' title='bbox 1567 4447 1617 4490; x_wconf 82' lang='lat'><strong>2.</strong></span> <span class='ocrx_word' id='word_1_364' title='bbox 1641 4446 1688 4490; x_wconf 82' lang='lat'><strong>2.</strong></span> <span class='ocrx_word' id='word_1_365' title='bbox 1711 4459 1792 4506; x_wconf 88' lang='lat' dir='ltr'><strong>qu.</strong></span> <span class='ocrx_word' id='word_1_366' title='bbox 1816 4443 1970 4491; x_wconf 79' lang='lat' dir='ltr'><strong>lxxiii.</strong></span> <span class='ocrx_word' id='word_1_367' title='bbox 1993 4449 2079 4492; x_wconf 82' lang='lat' dir='ltr'><strong>art.</strong></span> <span class='ocrx_word' id='word_1_368' title='bbox 2101 4443 2150 4492; x_wconf 90' lang='lat' dir='ltr'><strong>ii.</strong></span> <span class='ocrx_word' id='word_1_369' title='bbox 2219 4443 2368 4510; x_wconf 71' lang='lat' dir='ltr'><strong>Resp-</strong></span> 
     </span>
    </p>
   </div>
   <div class='ocr_carea' id='block_1_6' title="bbox 1456 4525 1977 4592">
    <p class='ocr_par' dir='ltr' id='par_1_8' title="bbox 1456 4525 1977 4592">
     <span class='ocr_line' id='line_1_39' title="bbox 1456 4525 1977 4592; baseline 0.004 -18"><span class='ocrx_word' id='word_1_370' title='bbox 1456 4529 1539 4592; x_wconf 87' lang='lat'><strong>(8)</strong></span> <span class='ocrx_word' id='word_1_371' title='bbox 1579 4525 1777 4586; x_wconf 85' lang='lat' dir='ltr'><strong>Ibidem,</strong></span> <span class='ocrx_word' id='word_1_372' title='bbox 1801 4533 1887 4576; x_wconf 86' lang='lat' dir='ltr'><strong>art.</strong></span> <span class='ocrx_word' id='word_1_373' title='bbox 1909 4525 1977 4576; x_wconf 86' lang='lat' dir='ltr'><strong>iii.</strong></span> 
     </span>
    </p>
   </div>
  </div>
 </body>
</html>
