3117 5217
984 553 1100 613 DE
1142 552 1179 610 J
1185 552 1672 613 UDICIORUM
1714 546 2062 615 ORDINE.
2488 560 2599 613 351

425 727 642 787 cantur,
671 738 796 792 quae
825 728 1010 779 tamen
1037 718 1210 777 hodie
1249 738 1370 778 non
1409 720 1767 779 adhibentur.
1852 720 2045 779 Causa
2084 723 2493 781 committenda
2518 732 2606 780 est

418 816 602 893 judici
629 818 910 894 appellato
937 819 1083 877 intra
1109 837 1358 886 annum3
1399 828 1458 875 et
1481 833 1643 897 gesta
1666 820 1727 875 in
1754 820 1929 895 priori
1949 820 2171 898 judicio
2198 808 2441 880 exactis
2468 823 2606 897 pub-

422 914 550 973 licis
577 926 636 973 et
661 916 998 976 authenticis
1019 917 1314 976 referenda
1333 927 1486 986 sunt,
1513 927 1571 974 et
1588 918 1911 977 exhibenda
1931 920 2077 977 intra
2096 920 2333 979 alterum
2356 938 2602 987 annum3

413 1024 476 1071 ut
521 1014 666 1073 infra
710 1016 1004 1076 biennium
1045 1034 1136 1073 res
1181 1026 1298 1074 tota
1337 1018 1694 1092 expediatur.
1778 1017 1915 1075 Vim
1962 1016 2275 1077 sententiae'
2298 1019 2605 1095 appellatio

415 1111 752 1187 plerumque
781 1115 1124 1189 suspendit;
1165 1114 1356 1173 sed‘si
1395 1116 1468 1173 de
1507 1116 1767 1174 censuris
1794 1117 2077 1194 irrogatis,
2124 1119 2213 1176 vel
2241 1118 2311 1177 de
2340 1116 2605 1175 ernenda-

415 1211 566 1268 tione
597 1230 845 1279 morum,
877 1214 1117 1285 aliisque
1145 1215 1438 1271 nonnullis
1480 1216 1669 1273 causis
1712 1224 1923 1290 agatur,
1953 1218 2235 1274 sententia
2275 1217 2601 1275 executioni

416 1308 751 1375 mandatur;
785 1320 840 1367 et
867 1312 1168 1387 appellatio
1193 1312 1308 1368 vim
1339 1312 1508 1369 habet
1533 1312 1849 1370 remedium
1879 1324 2075 1389 postea
2101 1315 2474 1390 impetrandi:
2504 1314 2600 1371 ha-

415 1408 529 1475 bet,
559 1408 796 1475 scilicet,
837 1419 900 1465 ut
925 1410 1096 1476 aiunt,
1127 1409 1555 1479 devolutivum‚
1588 1430 1704 1469 non
1733 1412 2155 1487 suspensivum
2184 1410 2501 1471 effectum.¹

503 1509 598 1562 18.
641 1507 692 1563 A
721 1508 1016 1565 sententiis
1047 1508 1402 1566 Vicariorum
1435 1510 1805 1568 Generalium
1835 1509 1903 1567 ad
1932 1512 2236 1586 episcopos
2264 1512 2416 1569 nulla
2443 1512 2605 1568 datur

423 1603 751 1679 appellatio,
783 1606 895 1680 ipsi
923 1608 1073 1663 enim
1103 1626 1283 1665 unum
1314 1609 1552 1666 tribunal
1580 1628 1710 1665 cum
1753 1611 2029 1685 episcopo
2055 1610 2426 1667 constituunt.
2508 1609 2599 1665 Ab

419 1704 820 1778 episcoporum
852 1702 1146 1763 sententiis
1189 1706 1544 1781 appellantur
1585 1708 1999 1783 Metropolitae:
2045 1727 2077 1763 a
2104 1707 2602 1783 Metropolitarum

385 1797 648 1875 judiciis
676 1802 1000 1879 confugitur
1039 1802 1106 1859 ad
1150 1803 1547 1873 Patriarchasz·
1588 1805 1784 1863 ultima
1828 1806 2154 1881 provocatio
2182 1806 2245 1861 fit
2271 1806 2339 1863 ad
2368 1806 2603 1862 Pontifi-

416 1914 539 1954 cem
571 1899 940 1975 Supremum.
1027 1902 1263 1966 Quum'
1247 1921 1372 1977 lpse
1414 1904 1583 1959 etiam
1625 1904 1984 1978 patriarchali
2015 1906 2147 1979 jure
2189 1906 2245 1960 in
2288 1902 2603 1969 Occidente

413 1994 698 2071 fungatur,
728 1999 914 2056 statim
946 2018 978 2054 a
1006 2000 1384 2075 Metropolitae
1412 2002 1695 2059 sententia
1722 2002 2055 2079 appellatur.
2140 2002 2342 2059 Potest
2368 2001 2599 2073 quidem

416 2094 688 2152 Pontifex
741 2098 1183 2178 appellationem
1235 2099 1304 2153 ab
1353 2100 1610 2175 episcopi
1652 2099 1894 2183 judicie,
1942 2101 2157 2158 omisso
2210 2101 2601 2175 Metropolim,

317 2242 320 2245 .
420 2194 710 2268 suscipere
730 2213 745 2259 ;
769 2194 921 2265 quod
943 2205 1126 2253 tamen
1155 2215 1269 2252 non
1293 2198 1624 2264 consuevit3
1656 2216 1762 2254 nec
1783 2197 2043 2273 expedit3
2072 2216 2203 2254 nam
2224 2197 2363 2255 ordo
2380 2216 2606 2254 servan-

413 2291 520 2348 dus
549 2303 655 2349 est.
709 2293 1178 2368 Appellationum
1206 2293 1274 2350 ad
1291 2294 1503 2353 Sedem
1527 2296 1915 2371 Apostolicam
1939 2296 2334 2366 antiquissima
2354 2305 2487 2352 sunt
2505 2314 2602 2353 ex-

417 2389 640 2464 empla:
697 2409 847 2448 anno
897 2392 1115 2449 scilicet
1159 2398 1300 2459 252,
1348 2393 1694 2451 Fortunatus
1741 2394 1947 2467 aliique
1992 2394 2273 2451 Africanae
2321 2393 2602 2450 Ecclesiae

416 2488 773 2563 presbyteri;
832 2508 981 2547 anno
1031 2501 1215 2547 autem
1260 2494 1402 2557 262,
1447 2491 1731 2549 Basilides
1774 2493 2178 2560 Asturicensis,
2228 2502 2283 2548 et
2324 2491 2598 2549 Martialis

419 2586 802 2644 Emeritensis
844 2589 1151 2664 episcopus
1182 2588 1401 2663 Papam
1442 2590 1821 2664 appellarunt.
1902 2590 2010 2646 Jus
2053 2589 2444 2664 appellationis
2487 2606 2602 2646 non

417 2684 717 2761 impugnat
745 2684 1098 2762 Cyprianus,
1123 2689 1386 2758 quamvis
1409 2682 1800 2763 obreptionem
1826 2687 2158 2763 appellantis
2179 2677 2608 2762 reprehendat.²

417 2782 532 2847 Qui
572 2784 968 2858 appellationis
1009 2785 1290 2842 beneficio
1318 2786 1391 2843 ob
1431 2795 1654 2861 tempus
1696 2787 1952 2861 elapsum
1996 2786 2233 2842 aliamve
2262 2804 2491 2842 causam
2518 2780 2603 2841 uti

413 2899 529 2938 non
558 2890 764 2956 potest,
810 2881 1250 2941 restitutionem
1293 2883 1360 2941 in
1401 2883 1715 2963 integrum
1756 2882 2058 2955 aliquando
2088 2872 2247 2959 petit,
2292 2878 2423 2954 quae'
2461 2883 2605 2939 intra

412 2980 560 3054 juris
587 2979 798 3036 limites
827 2980 1161 3038 conceditur
1187 3002 1218 3038 a
1237 2981 1438 3057 judice
1467 2982 1784 3057 Superiori,
1809 3000 1876 3037 v:
1907 3000 1976 3056 g:
2010 2981 2411 3056 Metropolita3
2442 2989 2604 3037 extra

419 3094 568 3147 vero*
583 3076 690 3134 hos
729 3079 999 3136 terminos
1040 3099 1073 3135 a
1119 3080 1424 3137 Pontifice.
1507 3080 1827 3137 Restitutus
1862 3090 2049 3137 autem
2094 3088 2283 3155 potest
2326 3079 2603 3136 actionem

417 3178 688 3251 prosequi
718 3196 877 3234 more
909 3173 1366 3253 appellantium.³

502 3277 597 3332 19.
640 3275 781 3340 Quae
822 3276 892 3333 de
928 3276 1272 3352 judiciorum
1317 3276 1515 3336 ordine
1558 3276 1813 3335 diximus
1854 3276 1952 3334 vix⁷
1996 3276 2145 3354 apud
2175 3295 2281 3335 nou
2308 3275 2476 3333 aliam
2504 3275 2603 3332 ha·

414 3373 548 3428 bent
573 3374 890 3443 utilitatem,
921 3393 1092 3447 quam
1121 3386 1182 3432 ut
1221 3376 1428 3433 sciatur
1469 3385 1680 3446 quanto
1720 3376 1909 3433 studio
1950 3375 2213 3432 Ecclesia
2242 3375 2477 3451 justitiae
2506 3373 2601 3430 ad-

417 3471 800 3528 ministrandae
830 3473 1198 3539 consuluerit,
1221 3473 1317 3529 ubi
1337 3474 1392 3529 ei
1412 3492 1516 3548 per
1535 3473 1760 3530 civilem
1784 3481 2119 3547 potestatem
2144 3472 2367 3529 licuerit
2382 3469 2603 3547 judicia

415 3567 666 3630 solemni
691 3570 799 3625 ritu
827 3570 1070 3625 habere:
1117 3568 1267 3640 quod
1297 3571 1410 3626 sibi
1449 3571 1745 3645 exemplar
1784 3570 2154 3644 proposuisse
2194 3568 2489 3626 indubium
2518 3578 2605 3625 est

416 3665 880 3739 qui-judiciorum
922 3667 1179 3725 ordinem
1225 3653 1378 3742 apud
1419 3667 1638 3743 Anglos
1684 3677 2015 3733 statuerunt,
2062 3668 2232 3724 veluti
2278 3668 2403 3743 jure
2447 3684 2600 3722 com-

413 3763 572 3821 muni
603 3764 806 3821 innixi.
865 3764 1150 3822 Caeterum
1180 3764 1488 3841 optandum
1515 3775 1579 3821 ut
1603 3766 1917 3823 inhaereant
1942 3766 2201 3841 episcopi
2228 3763 2411 3821 ordini
2431 3764 2599 3841 juris,

415 3851 694 3933 quatenus
723 3881 823 3939 per
851 3881 1033 3920 rerum
1065 3863 1324 3939 adjuncta
1349 3863 1550 3930 liceat;
1595 3884 1667 3921 ex
1695 3882 1765 3921 eo
1792 3864 1942 3921 enim
1974 3864 2125 3935 quod
2168 3864 2437 3939 pleraque
2466 3861 2595 3918 diri-

415 3969 642 4019 mantur
667 3981 699 4017 a
726 3970 904 4018 stante
934 3960 1078 4037 pede
1107 3962 1162 4018 in
1189 3980 1326 4028 unc,
1367 3971 1430 4018 ut
1471 3961 1638 4018 habet
1678 3964 2063 4037 proverbium,
2111 3962 2281 4019 facile
2318 3962 2596 4037 contingit

415 4075 590 4127 error,
633 4061 942 4134 praesertim
986 4061 1046 4118 in
1085 4060 1176 4117 his
1220 4080 1345 4132 quae
1387 4062 1875 4119 matrimoniorum
1916 4062 2170 4119 valorem
2206 4071 2495 4138 spectant:
2540 4070 2597 4117 et

748 4264 832 4327 (1)
874 4261 1044 4309 Const.
1069 4261 1254 4311 Bened.
1275 4261 1373 4310 xiv·
1393 4279 1498 4324 quie
1521 4263 1720 4325 incipit=
1767 4262 2008 4312 Romana
2040 4263 2227 4315 Curia.

751 4348 835 4411 (2)
875 4345 971 4409 Ep.
992 4346 1141 4394 lxviii.
1164 4346 1238 4395 ed.
1264 4346 1461 4405 Balutii,
1486 4346 1614 4394 Ven.
1644 4346 1787 4395 1728.

747 4430 831 4494 (3)
871 4428 995 4495 Cap.
1018 4430 1082 4481 iv.
1105 4429 1163 4480 de
1185 4430 1340 4482 restit.
1363 4430 1426 4481 L.
1445 4430 1496 4482 ii.
1517 4429 1569 4479 ff.
1590 4430 1647 4480 de
1670 4435 1781 4483 rest.
1804 4430 1863 4483 in
1884 4430 2039 4499 integ.
