3117 5217
662 575 777 635 DE
818 575 1085 634 FAMAE
1129 574 1247 634 ET
1286 573 1672 636 HONORIS
1713 575 2132 638 LAESIONE.
2379 580 2493 634 105

327 743 601 806 recenset.¹
642 745 971 819 Aliquando
996 754 1183 804 tamen
1202 748 1335 824 jure
1362 747 1582 823 optimo
1609 748 1994 824 corripiuntur
2019 747 2268 826 improbi
2295 749 2486 808 verbis

330 847 628 914 acrioribuS,
657 846 748 903 vel
772 847 1089 903 excitantur
1127 845 1317 902 minus
1356 844 1583 903 fervidi.
1667 848 1768 904 Sic
1808 845 2077 906 Christus
2117 865 2274 924 soepe
2301 847 2488 925 hypo-

330 947 473 1003 critas
499 946 719 1003 vocavit
743 945 1090 1012 Pharisaeos,
1119 963 1370 1017 suosque
1397 943 1709 1021 discipulos
1736 946 1938 1004 stultos
1967 945 2306 1023 designavit,
2335 947 2490 1020 quod

332 1045 611 1120 Scripturae
638 1043 863 1101 oracula
890 1045 1081 1100 minus
1109 1043 1505 1120 intelligerent.
1591 1043 1656 1102 S.
1700 1044 1914 1102 Paulus
1961 1045 2130 1104 etiam
2173 1045 2483 1104 exclamat:

332 1143 425 1200 “O
454 1144 723 1200 insensati
754 1143 974 1200 Galatae
999 1132 1091 1199 ΕΜ
1170 1141 1289 1199 Sed
1327 1142 1616 1200 rarissime
1661 1151 1884 1220 oportet
1925 1143 2198 1203 severiori
2237 1143 2492 1222 increpa·

329 1243 459 1299 tione
510 1244 608 1310 uti,
650 1260 721 1298 ne
773 1242 1137 1299 exulceretur
1186 1241 1429 1298 animus.
1516 1241 1748 1318 Scripto
1799 1243 2146 1301 contumelia
2185 1244 2358 1302 etiarn
2402 1243 2488 1312 fit,

330 1340 617 1417 injuriaque
644 1350 879 1416 augetur
903 1339 1039 1398 dum
1066 1339 1329 1415 plurimis
1355 1340 1677 1398 innotescit.
1761 1340 1960 1410 Facto,
1979 1361 2082 1400 seu
2103 1361 2190 1408 re,
2211 1343 2488 1420 irrogatur

332 1440 663 1506 contumelia,
713 1437 849 1496 dum
892 1437 1056 1495 labiis
1105 1438 1472 1514 compressis,
1516 1439 1609 1495 vel
1653 1439 1818 1515 alapa
1854 1441 2122 1517 impacta,
2176 1442 2270 1498 vel
2307 1441 2484 1508 calce.

336 1538 535 1595 alterius
563 1538 767 1597 honori
794 1537 1125 1594 detrahitur.
1170 1538 1270 1594 Sic
1290 1538 1461 1596 etiam
1488 1537 1712 1614 effigies
1741 1538 1984 1616 alicujus
2009 1557 2114 1615 per
2137 1538 2294 1596 vicos
2321 1547 2492 1598 tracta

334 1635 569 1696 incendio
596 1637 971 1704 consumitur,
1001 1636 1087 1693 vel
1123 1637 1261 1694 alias
1290 1635 1718 1695 dehonestatur.

400 1741 525 1794 165.
568 1735 776 1794 Honor
801 1736 1021 1811 injuste.
1060 1735 1277 1792 ablatus
1318 1736 1698 1794 restituendus
1725 1745 1832 1803 est,
1869 1755 2004 1794 nam
2031 1736 2242 1813 injuria
2265 1735 2330 1792 fit
2357 1734 2492 1794 dum

334 1836 442 1905 quis
475 1837 637 1893 alium
667 1835 1033 1900 contumelia,
1078 1835 1168 1891 vel
1196 1833 1305 1890 alia
1338 1835 1579 1903 ratione,
1619 1834 1904 1894 immerito
1947 1834 2142 1902 afficit,
2171 1852 2296 1906 quae
2323 1843 2387 1891 ut
2407 1853 2494 1892 re-

335 1943 551 2008 paretur,
579 1936 765 1993 honor
808 1945 895 1992 est
936 1934 1075 1991 laeso
1102 1932 1493 2010 praestandus:
1537 1935 1796 2009 plerique
1835 1936 2048 2010 quippe
2075 1933 2254 2011 pluris
2280 1933 2496 1992 faciunt

336 2031 587 2093 honorem
617 2052 790 2107 quam
837 2033 1079 2090 divitias.
1164 2032 1280 2098 Qui
1314 2031 1535 2090 secreto
1579 2034 1810 2091 abstulit
1845 2033 2004 2092 alteri
2027 2032 2330 2101 honorem,
2357 2051 2492 2092 eum
2541 2061 2552 2074 .

337 2133 569 2206 privatim
594 2131 873 2198 laedend0‚
902 2130 1070 2189 debet
1096 2132 1149 2188 ei
1184 2131 1307 2206 pari
1334 2132 1551 2189 ratione
1593 2133 1958 2191 satisfacere:
2001 2134 2100 2204 qui
2141 2151 2335 2190 coram
2361 2131 2490 2190 aliis

337 2248 448 2288 eum
486 2233 643 2300 laesit,
674 2231 961 2309 publicam
1010 2230 1178 2288 debet
1216 2230 1682 2289 satisfactionem.
1767 2232 2036 2289 Attamen
2061 2246 2494 2302 nonnumquam

339 2329 562 2390 redditur
586 2331 771 2388 honor
797 2331 981 2386 amica
1006 2329 1362 2396 salutatione,
1403 2330 1722 2388 honorifica
1759 2329 2074 2398 mentione,
2099 2329 2292 2387 locum
2317 2328 2498 2386 hono-

339 2430 572 2486 ratiorem
611 2431 703 2488 vel
747 2447 957 2494 munus
996 2427 1383 2496 concedende,
1410 2429 1503 2486 vel
1544 2428 1656 2488 alia
1727 2447 2088 2502 quacumque
2114 2429 2333 2487 ratione
2367 2445 2494 2500 quoe

342 2525 453 2584 laeso
472 2529 543 2585 sit
562 2537 737 2605 grata.
823 2527 973 2585 Satis
1002 2537 1089 2583 est
1113 2526 1447 2601 plerumque
1475 2527 1566 2583 sic
1589 2527 1728 2585 laeso
1756 2527 2075 2604 gratificari,
2105 2526 2418 2601 praesertirn
2443 2526 2496 2582 si

342 2624 576 2700 injuriam
618 2625 872 2684 intulerit
908 2626 1187 2700 superior,
1228 2627 1323 2698 qui
1365 2625 1463 2682 vix
1502 2633 1711 2700 potest,
1749 2624 1904 2682 salva
1941 2623 2288 2689 auctoritate,
2335 2641 2398 2680 se
2424 2621 2496 2678 ad

346 2741 512 2796 preces
551 2724 882 2783 demittere:
944 2731 1001 2780 at
1042 2724 1269 2796 quoties
1318 2723 1658 2800 gravissima
1707 2731 1798 2780 est
1853 2721 2100 2797 injuria..
2133 2718 2378 2796 petenda
2413 2726 2501 2777 est

347 2823 501 2890 venia,
528 2825 577 2880 si
602 2825 679 2882 ita
704 2823 897 2898 exigat
920 2821 1111 2892 laesus,
1140 2830 1197 2879 et
1220 2822 1457 2880 alterius
1485 2822 1726 2899 patiatur
1751 2819 2021 2880 conditio.

716 3007 801 3075 (1)
842 3003 1037 3058 Romi.
1061 3005 1142 3054 30.
1689 3005 1774 3074 (2)
1816 3001 1926 3054 Gal.
1950 3001 2017 3058 iii.
2045 3005 2090 3060 1.
