3117 5217
471 573 600 628 404
1341 568 1625 628 APPEN
1630 565 1775 627 mx
1783 608 1800 624 .

555 738 654 793 35.
701 734 890 793 Unico
917 734 1110 792 officio
1137 744 1326 811 potest
1351 737 1478 810 quis
1505 736 1835 795 satisfacere
1862 736 2079 811 duplici
2120 743 2405 811 praecepto
2433 752 2537 809 pro
2566 733 2661 792 die

481 834 744 908 proesenti
769 834 828 889 δι
855 835 1124 891 crastino.

561 936 660 990 36.
704 932 1020 1009 Regulares
1043 943 1284 1007 possunt
1309 934 1366 991 in
1395 934 1520 991 foro
1543 936 1913 993 conscientiae
1940 936 2021 993 uti
2040 933 2351 1010 privilegiis
2378 933 2519 999 suis,
2544 950 2675 1004 quae

478 1042 610 1087 sunt
635 1050 906 1107 expresse
935 1042 1196 1089 revocata
1221 1050 1324 1108 per
1352 1030 1538 1090 Cone.
1568 1032 1833 1091 Trident.

555 1135 654 1188 37.
701 1129 1078 1205 Indulgentiae
1105 1149 1394 1189 concessae
1437 1132 1840 1209 Regularibus,
1884 1132 1943 1189 dc
1988 1141 2265 1190 revocatae
2307 1150 2339 1187 a
2379 1129 2561 1188 Paulo
2591 1130 2668 1185 V.

476 1226 648 1285 hodie
677 1239 808 1285 sunt
836 1229 1176 1287 revalidatae.

557 1332 658 1385 38.
703 1326 1041 1387 Mandatum
1069 1328 1396 1387 Tridentini
1423 1329 1635 1387 sactum
1676 1328 1972 1388 Sacerdoti
1998 1329 2341 1387 sacrificanti
2368 1346 2445 1385 ex
2472 1344 2673 1385 neces-

471 1428 634 1485 sitate
661 1444 792 1483 cum
821 1436 1053 1502 peccato
1081 1429 1322 1495 mortali,
1363 1428 1671 1487 confitendi
1712 1430 2161 1505 quamprimum,
2200 1438 2291 1485 est
2332 1425 2659 1493 consilium,

483 1546 600 1585 non
627 1536 998 1602 praeceptum.

559 1628 658 1683 39.
702 1623 808 1682 Illa
849 1625 1143 1701 particula,
1171 1626 1648 1702 quamprimum,
1676 1626 2028 1703 intelligitur,
2071 1644 2202 1684 cum
2244 1623 2527 1683 Sacerdos
2564 1640 2673 1679 suo

481 1737 738 1799 tempore
759 1725 1140 1783 confitebitur.

559 1828 659 1881 40.
705 1823 816 1879 Est
843 1824 1152 1899 probabilis
1179 1823 1399 1899 opinio,
1430 1842 1556 1895 quae
1598 1824 1735 1883 dicit
1760 1842 1887 1881 esse
1914 1834 2131 1883 tantum
2158 1824 2381 1883 veniale
2408 1821 2673 1880 osculnm

479 1921 732 1979 habitum
773 1923 850 1979 ob
893 1923 1326 1981 delectationem
1366 1923 1651 1981 carnalem
1692 1922 1753 1978 <sn
1792 1923 2144 1991 sensibilem,
2186 1941 2312 1995 quae
2354 1940 2430 1979 ex
2464 1919 2672 1978 osculo

481 2021 692 2085 oritur;
737 2019 964 2077 secluso
995 2019 1248 2095 periculo
1275 2037 1595 2078 consensus
1626 2021 1933 2088 ulterioriS‚
1962 2022 2023 2079 dr
2050 2022 2403 2097 pollutionis.

562 2122 660 2175 41.
707 2118 846 2176 Non
875 2130 965 2177 est
989 2117 1322 2194 obligandus
1351 2119 1787 2177 concubinarius
1814 2118 1885 2177 ad
1912 2120 2247 2196 ejiciendam
2275 2118 2671 2184 concubinam,

481 2220 533 2275 si
561 2218 682 2275 haec
701 2219 874 2275 nimis
903 2217 1056 2277 utilis
1076 2227 1229 2277 esset
1247 2216 1318 2274 ad
1334 2218 1813 2278 oblectamentum
1828 2220 2232 2286 concubinarii,
2250 2218 2419 2294 vulgo
2438 2214 2671 2293 regale,

489 2316 625 2377 dum
655 2316 956 2375 deficiente
993 2317 1110 2383 illo,
1151 2317 1326 2374 nimis
1371 2334 1520 2393 aegre
1561 2328 1753 2394 ageret
1791 2319 1984 2385 vitam,
2026 2317 2085 2375 ὣ
2124 2318 2251 2377 aliae
2282 2317 2465 2393 epnlae
2502 2315 2677 2373 taedio

485 2434 692 2491 magno
719 2416 1180 2473 concubinarium
1209 2414 1519 2483 afficerent,
1548 2416 1609 2473 Sc
1648 2401 1757 2474 alia
1794 2415 2005 2475 famula
2044 2418 2215 2475 nimis
2256 2415 2489 2475 difficile
2514 2416 2675 2473 inve-

481 2516 714 2573 niretur.
779 2566 786 2573 .

558 2618 658 2671 42.
701 2613 948 2673 Licitum
977 2624 1068 2671 est
1093 2614 1371 2672 mutuanti
1397 2614 1611 2686 aliquid
1650 2615 1797 2673 ultra
1836 2623 2048 2696 sortem
2074 2615 2326 2690 exigere,
2357 2616 2407 2672 si
2436 2632 2499 2672 se
2526 2614 2671 2671 obli-

481 2724 576 2787 get
601 2713 672 2769 ad
701 2732 816 2770 non
845 2713 1210 2789 repetendam
1239 2722 1450 2771 sortem
1471 2732 1657 2786 usque
1686 2712 1757 2771 ad
1782 2723 1997 2772 certum
2023 2725 2273 2789 tempus.

559 2817 660 2869 43.
704 2793 976 2871 Annuum
1021 2812 1272 2889 legatum
1313 2830 1416 2888 pro
1457 2814 1651 2871 anima
1688 2812 1973 2881 relictum,
2016 2831 2134 2871 non
2172 2813 2337 2871 durat
2362 2811 2671 2888 plusquam

479 2928 583 2985 per
609 2910 809 2969 decem
839 2930 1038 2969 annos.

563 3013 662 3067 44.
707 3010 910 3076 Quoad
939 3011 1124 3069 forum
1165 3010 1548 3078 conscientiae,
1576 3029 1675 3069 reo
1711 3020 1984 3078 correcto,
2028 3012 2269 3087 ejusque
2315 3010 2673 3067 contumacia

481 3119 760 3178 cessante,
791 3107 1018 3167 cess‘ant
1043 3127 1316 3166 censurae.

560 3211 660 3263 45.
705 3208 862 3264 Libri
903 3207 1194 3282 prohibiti,
1233 3206 1418 3263 donec
1457 3218 1866 3283 expurgentur,
1922 3218 2166 3285 possunt
2206 3209 2454 3274 retineri,
2484 3224 2669 3277 usque

479 3301 614 3362 dum
642 3303 890 3361 adhibita
915 3303 1210 3381 diligentia
1233 3303 1604 3379 corrigantur.

482 3528 533 3601 §.
564 3527 671 3583 IV.
715 3530 813 3583 65.
845 3524 1303 3603 Propositiones
1329 3525 1608 3594 morales,
1637 3545 1788 3604 quas
1830 3527 2041 3587 Innoc.
2092 3527 2205 3585 XI.
2246 3528 2471 3586 decreto
2515 3526 2667 3584 anni

563 3628 740 3684 1679.
766 3624 1102 3692 damnavit,
1124 3632 1194 3682 ut
1211 3625 1539 3683 minimum
1559 3634 1870 3703 tamquam
1888 3627 2297 3694 scandalo-sae,
2320 3630 2370 3698 δι’
2392 3627 2460 3685 in
2477 3625 2670 3703 praxi

553 3723 954 3802 perniciosae,
1002 3742 1268 3802 quasque
1315 3724 1563 3792 edoceri,
1596 3728 1647 3796 ᾅ-
1674 3724 1757 3783 ad
1787 3726 2040 3803 praxim
2081 3726 2295 3785 deduci
2329 3724 2665 3803 prohibuit,

563 3824 672 3881 sub
691 3842 873 3901 poena
903 3824 1546 3883 eor-communicationis
1574 3822 1711 3881 latoe
1740 3826 2045 3883 sententiae
2080 3822 2330 3883 Summo
2351 3824 2669 3902 Pontifici,

477 3920 480 3929 '
549 3929 956 3999 praeterquam
985 3924 1052 3982 in
1079 3922 1334 3982 articulo
1363 3923 1602 3989 mortis,
1633 3929 1965 3982 reservatae.

479 4084 484 4093 ’
567 4096 619 4149 1.
663 4092 804 4149 Non
831 4106 919 4150 est
943 4094 1200 4151 illicitum
1227 4094 1286 4151 in
1325 4094 1711 4151 sacramentis
1738 4093 2099 4153 conferendis
2142 4095 2305 4166 sequi
2332 4094 2670 4170 opinionem

474 4190 825 4270 probabilem
872 4191 944 4249 de
983 4193 1172 4250 valore
1211 4192 1569 4251 Sacramenti
1610 4192 1804 4251 relicta
1827 4181 2065 4259 'tutiore,
2106 4193 2217 4251 nisi
2256 4192 2313 4249 id
2354 4202 2507 4249 vetet
2538 4192 2661 4260 lex,

481 4292 806 4360 conventio,
835 4300 931 4349 aut
955 4291 1268 4369 periculum
1307 4292 1496 4368 gravis
1536 4291 1729 4350 damni
1771 4292 2110 4350 incurrendi.
2198 4290 2353 4348 Hinc
2388 4294 2675 4349 sententia

483 4392 764 4467 probabili
791 4400 1002 4449 tantum
1045 4389 1319 4449 utendum
1361 4409 1476 4449 non
1517 4402 1606 4447 est
1643 4392 1701 4448 in
1740 4391 2041 4449 collatione
2085 4390 2385 4468 Baptismi,
2428 4389 2669 4447 Ordinis

486 4488 885 4557 Sacerdotalis,
915 4499 1010 4547 aut
1035 4488 1423 4565 Episcopalis.
