3117 5217
1114 525 1228 585 DE
1271 524 1887 585 FORTITUDINE.
1914 532 1923 539 '
2534 528 2601 583 11

421 690 552 749 fecti
579 701 636 748 et
660 690 883 767 integ-ri,
927 690 988 747 in
1029 689 1187 748 nullo
1229 682 1657 746 deficientes.'’¹
1738 696 1777 723 ‘⁶
1800 687 2085 746 Patientia
2126 689 2279 745 enim
2324 689 2484 745 vobis
2513 706 2611 746 ne-

419 791 662 846 cessaria
713 787 864 855 est,’'
919 788 1104 859 inquit
1153 788 1218 844 S.
1273 788 1507 855 Paulu3‚
1571 796 1609 823 ‘⁴
1632 796 1695 843 ut
1738 786 2083 844 voluntatem
2132 785 2245 844 Dei
2303 785 2601 854 facientes,

424 889 720 965 reportetis
748 882 1288 962 promissionem.”²
1345 886 1607 943 Perfecta
1631 885 1900 961 patientia
1918 905 1992 943 ex
2012 886 2125 943 Dei
2152 884 2455 943 dilectione
2482 905 2609 961 pro·

421 985 585 1043 cedat
609 1004 843 1043 necesse
871 994 976 1053 est,
1013 993 1226 1042 namf‘
1245 985 1485 1043 charitas
1529 984 1751 1061 patiens
1791 977 1975 1041 est.”³
2056 984 2419 1061 Impatientia
2460 1004 2607 1043 mor-

420 1084 544 1141 talis
584 1086 844 1144 ,noscitur
887 1103 962 1141 ex
1014 1084 1308 1141 effectibus
1360 1084 1693 1175 praesertim,
1741 1083 1970 1155 quando
2023 1084 2239 1141 scilicet
2284 1082 2415 1165 quis
2462 1084 2603 1141 adeo

421 1184 768 1258 perturbatur
805 1184 997 1241 animo
1024 1183 1096 1239 ob
1137 1201 1227 1239 res
1267 1182 1554 1251 adversas,
1598 1194 1663 1239 ut
1701 1181 1893 1241 Deum
1934 1184 2177 1250 incuset,
2208 1183 2297 1239 vel
2340 1184 2609 1259 proximo

421 1281 624 1339 inferat
648 1300 878 1358 gravem
906 1281 1332 1348 contumeliam,
1359 1282 1451 1337 vel
1475 1300 1645 1357 grave
1674 1282 1727 1338 ei
1753 1291 1989 1359 exoptet
2013 1282 2245 1339 malum.

498 1384 599 1437 23.
642 1380 1076 1437 Perseverantia
1100 1388 1186 1435 est
1219 1380 1393 1439 animi
1434 1372 1611 1439 virtus
1654 1398 1767 1451 qua
1806 1381 2100 1457 proposito
2141 1382 2294 1438 bono
2340 1380 2599 1447 inhaeret‚

419 1478 591 1535 etiam
641 1478 990 1536 obstantibus
1043 1478 1305 1553 plurimis
1357 1488 1414 1535 et
1463 1480 1819 1557 gravissimis
1870 1480 2148 1537 obicibus.
2258 1479 2605 1537 Necessaria

418 1578 615 1649 utique
641 1584 728 1633 est
753 1576 920 1644 forti3
964 1594 1068 1634 nec
1093 1577 1248 1634 enim
1290 1578 1404 1634 nisi
1443 1598 1520 1635 ex
1563 1579 1877 1636 constantia
1918 1577 2025 1634 hac
2066 1578 2251 1636 elucet
2290 1578 2467 1635 animi
2504 1596 2603 1635 ex-

415 1676 554 1733 imia
579 1675 865 1733 fortitudo.
950 1676 1182 1747 Absque
1209 1678 1389 1752 gratia
1415 1676 1528 1735 Dei
1570 1676 2013 1753 speciali-nemo
2052 1677 2113 1734 in
2152 1677 2372 1734 virtutis
2401 1678 2604 1735 semita

417 1773 490 1832 ad
537 1774 712 1832 finem
766 1792 948 1846 usque
1000 1784 1341 1851 perseverat,
1395 1796 1520 1849 quae
1574 1776 1787 1834 idcirco
1830 1774 2189 1852 supplicibus
2236 1777 2500 1852 precibus
2546 1786 2604 1833 et

417 1873 772 1932 enixissimis
815 1873 1058 1949 petenda
1101 1884 1222 1931 est:
1269 1883 1307 1910 ‘⁴
1327 1874 1495 1943 Quia,
1535 1894 1669 1933 cum
1709 1870 1949 1934 liberum
1992 1876 2279 1933 arbitrium
2324 1874 2395 1931 de
2430 1892 2493 1931 se
2532 1877 2605 1933 sit

416 1973 692 2042 vertibile,
735 1983 792 2030 et
829 1974 941 2031 hoc
985 1974 1041 2031 ei
1085 1992 1202 2031 non
1241 1974 1463 2032 tollatur
1499 1994 1605 2051 per
1639 1974 1985 2033 habitualem
2022 1976 2259 2050 gratiam
2300 1975 2599 2049 praesentis

417 2071 563 2140 vitae,
593 2091 711 2130 non
735 2073 930 2130 subest
955 2072 1220 2149 potestati
1242 2073 1406 2130 liberi
1431 2074 1641 2132 arbitrii
1668 2075 1839 2132 etiam
1866 2092 1970 2149 per
1988 2075 2223 2149 gratiam
2250 2074 2513 2149 reparati,
2536 2083 2601 2131 ut

415 2191 478 2229 se
506 2158 869 2230 immobiliter
893 2172 954 2229 in
979 2173 1134 2230 bono
1158 2181 1378 2240 statuat,
1414 2172 1548 2231 licet
1586 2169 1663 2231 sit
1698 2176 1759 2231 in
1800 2181 2077 2249 potestate
2118 2174 2263 2249 ejus,
2296 2172 2449 2244 quod
2491 2171 2605 2230 hoc

413 2272 603 2347 eligat.
685 2270 1034 2344 Plerumque
1063 2272 1218 2329 enim
1245 2271 1393 2329 cadit
1435 2272 1498 2329 in
1535 2282 1729 2331 nostra
1766 2252 2043 2349 potestate
2084 2272 2310 2339 electi0,
2340 2271 2445 2329 sed
2484 2290 2603 2330 non

413 2364 779 2427 executio.'’⁴
817 2370 1140 2428 Pertinacia
1164 2379 1250 2427 est
1277 2388 1575 2439 excessus,
1606 2392 1717 2445 qua
1744 2373 1872 2445 quis
1901 2371 2195 2448 proposito
2223 2371 2400 2429 animi
2428 2372 2603 2429 nimis

417 2468 679 2535 inhaeret,
706 2469 924 2527 ratione
950 2480 1324 2547 repugnante.
1411 2470 1623 2529 Gravis
1651 2470 1999 2544 quandoque
2038 2479 2127 2526 est
2164 2470 2353 2546 culpa,
2378 2469 2606 2541 quando

413 2567 636 2625 scilicet
659 2568 844 2642 gravis
870 2569 1062 2626 damni
1089 2568 1252 2625 affert
1287 2564 1623 2644 periculum.
1708 2570 1995 2626 Caeterum
2036 2570 2213 2643 animi
2250 2567 2470 2626 indoles
2498 2570 2599 2627 ali-

417 2684 562 2741 quos
591 2676 844 2734 excusat,
886 2668 986 2740 qui
1017 2666 1240 2745 judicio
1279 2686 1484 2734 errare,
1531 2668 1722 2743 potius
1765 2686 1937 2740 quam
1980 2665 2287 2733 voluntate,
2330 2666 2605 2723 censendi

412 2774 563 2823 sunt.
647 2764 876 2823 Levitas
904 2767 1078 2824 animi
1105 2776 1162 2823 et
1187 2750 1581 2835 inconstantia,
1614 2786 1725 2839 qua
1751 2767 1880 2840 quis
1909 2765 2077 2825 facile
2118 2784 2151 2821 a
2189 2765 2485 2842 proposito
2515 2784 2600 2823 re-

413 2862 579 2931 cedit,
607 2862 887 2940 culpanda
911 2873 1018 2932 est,
1061 2874 1119 2923 et
1155 2884 1324 2942 grave
1366 2866 1583 2924 inducit
1620 2877 1938 2943 peccatum,
1968 2866 2032 2922 -εἰ
2078 2864 2149 2922 de
2195 2878 2256 2922 re
2297 2874 2601 2942 praecepta,

413 2962 505 3020 vel
530 2971 683 3029 voto,
711 2963 804 3019 vel
831 2961 902 3019 de
928 2981 989 3021 re
1017 2981 1147 3022 cum
1175 2965 1432 3041 periculo
1459 2966 1617 3042 gravi
1643 2967 1947 3043 conjuncta
1974 2974 2193 3041 agatur.

488 3143 571 3207 (l)
611 3141 714 3191 Jac.
737 3142 770 3191 i.
793 3144 843 3189 4.
1248 3144 1331 3208 (2)
1371 3142 1498 3192 Heh.
1515 3158 1565 3191 1.
1590 3144 1671 3190 36.
1806 3150 1813 3154 ·
2040 3141 2125 3205 (3)
2170 3143 2193 3187 1
2226 3138 2338 3189 Cor.
2362 3140 2463 3191 xiii.
2486 3144 2537 3191 4.

785 3230 872 3293 (l)
926 3227 960 3275 3
977 3262 988 3275 .
1039 3226 1086 3275 Τ
1102 3226 1168 3275 ho
1184 3242 1249 3275 m.
1277 3230 1324 3275 2.
1348 3231 1394 3275 2.
1418 3243 1501 3291 qu.
1525 3226 1740 3277 cxxxvii.
1770 3232 1856 3275 art.
1879 3226 1943 3274 iv,
1989 3260 2000 3273 .
2019 3224 2173 3293 Resp.
