3117 5217
1203 556 1318 615 DE
1360 558 1893 621 FORTITUDIN
1898 560 1975 617 E.
2612 562 2649 615 9

449 720 734 796 praecipue
749 738 882 779 cum
897 721 1185 780 doloribus
1199 725 1579 799 corporalium
1600 723 2081 783 tormentorum.”
2093 721 2114 754 ¹
2172 732 2211 760 ‘⁴
2226 724 2319 782 Ad
2334 724 2645 801 perfectam

447 818 722 877 rationem
751 822 1008 897 martyrii
1033 823 1356 893 requiritur,
1386 824 1540 894 quod
1568 824 1773 897 aliquis
1820 834 2069 883 mortem
2108 825 2645 900 sustineat-propter
2733 820 2754 831 ‘

451 914 851 975 Christum.”2
915 918 1201 979 Caeterum
1231 924 1494 997 martyris
1522 942 1735 981 nomen
1762 923 2072 996 antiquitus
2100 923 2401 981 consuevit
2424 922 2547 981 dari
2572 922 2642 979 iis

451 1016 548 1086 qui
576 1017 806 1089 aliquod
831 1017 966 1075 fidei
989 1038 1160 1075 causa
1197 1021 1354 1095 passi
1393 1032 1552 1087 erant
1588 1023 1959 1098 supplicium,
1991 1040 2235 1093 quorum
2265 1021 2529 1097 precibus
2556 1023 2644 1079 in·

451 1111 740 1190 dulgentia
780 1116 1013 1175 dabatur
1052 1118 1252 1193 lapsis,
1299 1118 1384 1175 uti
1425 1122 1644 1195 passim
1690 1120 1843 1196 apud
1887 1120 2253 1197 cyprianum
2295 1120 2487 1178 videre
2528 1128 2636 1177 est.

451 1211 692 1272 Virtutis
739 1216 1044 1292 cujuslibet
1081 1219 1523 1293 supernaturalis
1571 1239 1743 1279 causa
1784 1222 1835 1277 si
1888 1220 2015 1291 quis
2060 1229 2305 1277 mortem
2344 1220 2639 1285 sustineat,

447 1324 666 1387 martyr
706 1315 911 1371 merito
949 1314 1221 1382 habetur;
1263 1335 1397 1373 nam
1441 1325 1482 1351 ‘⁶
1501 1321 1758 1377 omnium
1798 1319 2065 1376 virtutum
2104 1337 2281 1394 opera
2319 1318 2637 1376 secundum

449 1409 606 1479 quod
648 1409 968 1489 referuntur
1011 1412 1072 1469 in
1117 1412 1330 1489 Deum,
1379 1424 1512 1473 sunt
1553 1418 2299 1494 quaedam-protestationes
2344 1417 2500 1483 fidei,
2541 1434 2643 1491 per

449 1524 623 1577 quam
651 1508 816 1565 nobis
842 1510 1148 1568 innotescit
1173 1511 1327 1583 quod
1355 1513 1516 1571 Deus
1556 1500 1909 1593 hujusmodi'
1928 1534 2105 1591 opera
2129 1534 2162 1571 a
2188 1515 2353 1573 nobis
2380 1516 2636 1586 requirit,

447 1612 506 1659 et
529 1624 636 1664 nos
662 1624 768 1680 pro
813 1608 895 1664 eis
932 1619 1288 1667 remunerat:
1335 1620 1390 1667 et
1433 1613 1751 1673 secundum
1777 1615 1890 1673 hoc
1930 1622 2174 1689 possunt
2211 1632 2339 1671 esse
2381 1614 2639 1690 martyrii

445 1721 632 1760 causa.
699 1704 870 1763 Unde
897 1716 954 1763 et
980 1706 1143 1765 Beati
1168 1708 1206 1765 J
1211 1710 1412 1767 oannis
1442 1710 1717 1787 Baptistae
1746 1713 2082 1788 martyrium
2100 1712 2169 1769 ‚in
2196 1712 2463 1771 Ecclesia
2488 1713 2635 1769 cele-

447 1800 656 1870 bratur,
687 1806 788 1876 qui
827 1822 944 1863 non
985 1824 1090 1881 pro
1130 1806 1388 1882 neganda
1425 1808 1560 1877 fide,
1604 1810 1707 1866 sed
1750 1829 1854 1887 pro
1892 1811 2339 1886 reprehensione
2380 1811 2639 1868 adulterii

445 1910 690 1959 mortem
718 1900 1080 1961 sustinuit.”³
1163 1906 1264 1963 Sic
1303 1917 1360 1964 et
1399 1907 1463 1964 S.
1492 1908 1749 1967 Joannes
1793 1910 2245 1986 Nepomucenus
2284 1919 2503 1985 martyr
2540 1909 2637 1965 ha-

444 1999 624 2068 betur,
667 2004 787 2074 qui,
819 2022 1086 2061 arcanum
1125 2005 1506 2063 consessionis
1547 2007 1787 2083 prodere
1826 2008 2050 2077 nolenS,
2072 2010 2243 2085 jussu
2270 2009 2422 2085 regis
2452 2007 2634 2065 Wen·

446 2098 621 2156 ceslai
650 2101 954 2159 trucidatus
981 2110 1088 2161 est.
1934 2086 1939 2091 ι

529 2202 623 2256 16.
667 2198 1010 2259 Fortitudini
1035 2201 1364 2259 adversatur
1401 2203 1693 2272 timiditas,
1722 2223 1835 2277 qua
1864 2206 2091 2279 aliquis,
2120 2224 2193 2263 ne
2221 2206 2282 2263 in
2310 2205 2459 2263 mala
2486 2223 2638 2277 quae·

445 2295 578 2353 dam
605 2299 937 2375 temporalia
961 2301 1223 2369 incurrat,
1256 2320 1290 2359 a
1311 2320 1546 2361 munere
1568 2304 1856 2379 explendo
1880 2302 2121 2362 desistit.
2164 2303 2313 2363 Haec
2340 2310 2637 2379 peccatum

446 2394 666 2453 inducit
689 2398 944 2466 mortale,
975 2399 1195 2471 quoties
1223 2400 1294 2457 de
1319 2420 1380 2457 re
1409 2402 1655 2477 graviter
1680 2412 1963 2478 praecepta
1989 2403 2079 2460 vel
2105 2402 2389 2479 prohibita
2412 2401 2631 2477 agitur:

448 2503 744 2567 peccatum
771 2496 904 2554 vero
932 2498 1176 2565 veniale,
1207 2499 1256 2555 si
1283 2499 1354 2557 de
1378 2518 1440 2556 re
1467 2501 1581 2558 levi
1608 2495 1855 2576 agatur.⁴
1934 2501 2085 2559 Sunt
2110 2500 2343 2572 quidam
2370 2500 2503 2557 vero
2532 2518 2628 2557 na-

450 2600 573 2648 tura
607 2592 678 2649 ad
717 2596 972 2653 timorem
1019 2598 1328 2673 proclives,
1373 2599 1474 2668 qui
1519 2616 1692 2655 sensu
1738 2599 1839 2656 illo
1886 2600 2067 2659 nimio
2111 2600 2355 2675 periculi
2399 2616 2637 2675 peccare
2720 2644 2723 2647 .

443 2692 713 2749 censendi
739 2712 854 2753 non
879 2704 1029 2763 sunt,
1059 2696 1285 2767 quoties
1314 2696 1573 2754 voluntas
1618 2696 1809 2753 virtuti
1850 2695 2116 2752 adhaeret.
2201 2696 2491 2753 Oaeterum
2518 2695 2631 2753 for·

447 2788 625 2847 titudo
649 2810 766 2850 non
792 2792 973 2868 exigit
995 2804 1058 2851 ut
1082 2796 1270 2852 omnis
1293 2813 1530 2869 prorsus
1559 2795 1780 2853 timoris
1822 2812 2027 2853 sensus
2062 2804 2337 2861 exuatur3
2380 2812 2515 2853 nam
2540 2812 2637 2851 na-

449 2896 574 2944 tura
598 2889 674 2945 ita
699 2893 1012 2967 comparati
1049 2910 1269 2959 sumus,
1311 2902 1374 2949 ut
1413 2892 1471 2950 id
1511 2893 1637 2951 fieri
1674 2901 1937 2965 nequeat,
1978 2901 2035 2951 et
2069 2894 2213 2953 ratio
2248 2892 2450 2952 suadet
2485 2892 2635 2951 mala

447 3002 577 3043 esse
619 2988 901 3047 timenda:
961 3002 1304 3066 quapropter
1347 2992 1419 3049 ad
1460 2992 1637 3049 animi
1677 3002 1967 3068 stuporem
2008 3002 2065 3051 et
2108 2994 2311 3051 vitium
2350 2992 2633 3067 superbioe

446 3084 774 3145 referendus
815 3097 902 3145 est
952 3106 1148 3149 eorum
1195 3100 1556 3165 contemptus
1604 3091 1912 3149 absolutus.
2009 3090 2267 3150 Audacia
2311 3099 2501 3149 autem
2544 3100 2635 3148 est

447 3181 788 3243 fortitudinis
815 3205 1109 3255 excessus,
1139 3208 1254 3262 quo
1279 3190 1408 3261 quis
1435 3198 1651 3249 temere
1678 3190 1877 3266 objicit
1916 3207 1979 3247 se
2022 3190 2309 3267 periculis.
2394 3188 2635 3267 Ignavia

447 3291 533 3359 est
556 3283 834 3354 defectus,
866 3304 980 3359 quo
1009 3288 1142 3358 quis
1169 3307 1202 3345 a
1229 3270 1500 3363 periculis
1529 3289 1699 3346 nimis
1736 3288 1965 3347 recedit.

531 3387 625 3441 17.
670 3384 1114 3461 Magnanimitas
1155 3385 1498 3445 fortimdinis
1544 3390 1779 3464 propria
1821 3396 1927 3454 est,
1974 3388 2074 3460 qui
2114 3388 2271 3446 enirn
2316 3396 2405 3445 est
2446 3386 2627 3453 fortis,

443 3499 652 3557 magno
680 3485 871 3541 animo
897 3486 1114 3560 spernit
1135 3504 1226 3543 res
1253 3484 1515 3553 caducas,
1543 3500 1601 3545 et
1620 3486 1794 3546 ardua
1818 3487 2143 3564 aggreditur
2181 3505 2390 3563 magno
2412 3485 2628 3543 honore

446 3578 652 3657 digna:
699 3591 737 3617 ‘⁶
760 3584 871 3640 eris
899 3584 1337 3660 magnanimus?
1367 3586 1555 3658 inquit
1582 3586 1824 3653 Seneca,
1856 3596 1893 3622 ‘⁶
1912 3586 1963 3643 si
1987 3585 2238 3661 pericula
2263 3603 2370 3643 nec
2397 3592 2629 3658 appetas

443 3688 506 3736 ut
533 3683 881 3749 temerariuS,
908 3702 1014 3741 nec
1045 3682 1318 3741 formides
1349 3694 1408 3741 ut
1449 3675 1785 3743 timidus.”⁶
1867 3693 1905 3720 ‘⁶
1926 3684 2041 3740 Pro
2068 3682 2161 3740 his
2188 3700 2313 3753 quae
2341 3698 2472 3737 vere
2498 3692 2633 3739 sunt

445 3796 669 3854 magna,
698 3782 1096 3857 magnanimus
1123 3783 1552 3859 promptissime
1580 3803 1643 3840 se
1684 3781 1950 3857 periculis
1980 3772 2320 3856 exponit.”⁷
2386 3776 2633 3840 Fiducia

444 3875 516 3933 ad
541 3880 1065 3954 magnanimitatem
1092 3882 1366 3957 pertinet:
1414 3891 1454 3918 ‘⁶
1475 3882 1609 3953 quia
1632 3879 1843 3937 fiducia
1860 3878 2129 3957 importat
2149 3879 2434 3953 quoddam
2460 3882 2631 3938 robur

515 4053 597 4117 (1)
636 4052 688 4100 S.
712 4052 890 4101 Thom.
913 4056 962 4101 2.
986 4057 1033 4101 2.
1058 4070 1139 4116 qu.
1163 4054 1324 4102 cxxiv.
1350 4060 1434 4101 art.
1458 4052 1526 4102 iii.
1596 4052 1743 4118 Κεφ.
1883 4058 1967 4122 (2)
2006 4054 2205 4113 Ibidem,
2230 4061 2315 4103 art.
2341 4054 2403 4103 iv.
2475 4054 2628 4121 Reap.

515 4135 598 4201 (3)
635 4135 834 4195 Ibidem,
857 4142 942 4185 art.
964 4153 1010 4185 v.
1079 4137 1233 4205 Κεφ.
1271 4154 1281 4165 ·
1609 4138 1693 4204 (4)
1732 4136 1930 4198 Ibidem,
1954 4155 2036 4203 qu.
2058 4153 2203 4188 cxxv.
2226 4144 2313 4186 art.
2336 4136 2402 4186 iii.
2472 4136 2625 4202 Resp.

516 4220 600 4285 (5)
638 4220 842 4280 Ibidem,
866 4236 948 4283 qu.
970 4222 1134 4271 cxxvi.
1157 4228 1242 4271 art.
1260 4222 1292 4270 i.
1365 4221 1514 4288 Reep.

513 4304 596 4368 (6)
636 4302 693 4351 1..
710 4305 770 4353 de
793 4312 998 4369 quatuor
1019 4306 1274 4357 virtutibus
1291 4322 1332 4355 c.
1356 4306 1416 4354 de
1435 4307 1669 4368 Magnan.

517 4388 603 4455 (7)
641 4389 694 4438 S.
720 4389 900 4441 Thom.
924 4394 972 4441 2.
995 4395 1043 4440 2.
1065 4407 1146 4455 qu.
1170 4392 1337 4443 cxxix.
1360 4399 1445 4441 art.
1467 4409 1512 4443 v.
1582 4391 1670 4442 Ad
1686 4389 1978 4442 secundum.
