3117 5217
1231 536 1344 595 DE
1388 536 1836 596 CENSURIS.
2518 542 2637 597 355

452 697 820 757 Interdictum
849 708 906 755 et
931 699 1236 775 suspensio
1254 700 1389 777 jure
1409 694 1526 759 lota
1537 708 1654 759 non
1672 701 2075 773 contrahuntur
2100 701 2171 757 ab
2190 700 2503 781 episcopis,
2526 702 2639 761 nisi

454 795 525 853 de
551 796 622 853 iis
646 797 862 866 ‚mentio
887 798 988 855 fiat
1009 790 1332 873 expressa.¹

931 1032 992 1105 -§.
1035 1030 1115 1089 11.
1201 1032 1352 1097 Qum:
1395 1050 1492 1089 srr
1532 1024 1827 1090 ansURAE'
1866 1052 2158 1091 munau.

527 1230 627 1283 23.
672 1226 763 1282 Ad
790 1225 1234 1285 contrahendam
1262 1246 1560 1285 censuram
1590 1230 1894 1299 requiritur
1917 1228 2253 1303 plerumque
2289 1228 2455 1303 culpa
2480 1246 2630 1286 mor-

453 1323 599 1391 talis,
629 1332 881 1391 externa,
911 1342 985 1389 ex
1011 1325 1368 1384 contumacia
1395 1324 1643 1383 admissa
1682 1336 1875 1382 contra
1906 1334 2251 1400 praeceptum
2292 1326 2632 1383 ecclesiasti·

450 1439 599 1479 cum.
683 1408 971 1492 Equidem
1015 1440 1190 1493 quum
1231 1440 1468 1479 censura
1506 1424 1693 1498 gravis
1734 1424 1809 1479 sit
1834 1440 2021 1497 poena,
2062 1441 2172 1494 qua
2211 1422 2430 1479 seilicet
2452 1423 2629 1481 homo

453 1519 676 1593 magnis
703 1518 953 1593 privatur
976 1518 1141 1575 bonis
1169 1520 1577 1594 spiritualibus,
1606 1521 1836 1578 nonnisi
1862 1522 1934 1577 ob
1962 1536 2191 1595 gravem
2231 1521 2456 1595 culpam
2496 1540 2632 1581 con-

455 1617 704 1674 trahitur.
792 1614 1092 1691 Contingit
1132 1616 1362 1689 quidem
1405 1618 1710 1691 aliquando
1750 1618 2054 1691 quemdam
2096 1636 2127 1673 a
2166 1634 2398 1675 munere
2435 1618 2633 1694 praedi-

408 1700 417 1708 ’
453 1714 640 1781 candi,
669 1714 760 1771 vel
787 1712 1052 1771 audiendi
1093 1716 1500 1784 confessioneS,
1545 1718 1613 1774 ab
1653 1717 1926 1791 episcopo
1967 1716 2195 1782 retrahi,
2233 1716 2386 1773 nulla
2424 1716 2635 1803 praevia

455 1814 643 1888 culpa,
673 1810 774 1868 sed
802 1830 875 1867 ex
905 1830 974 1869 eo
1002 1813 1156 1884 quod
1181 1816 1403 1873 muneri
1432 1814 1671 1872 idoneus
1698 1833 1813 1871 non
1855 1815 1945 1883 sit,
1974 1814 2068 1869 cui
2096 1822 2283 1871 tamen
2312 1814 2467 1871 nulla
2492 1815 2631 1872 irro-

452 1920 612 1986 gatur
637 1928 912 1967 censura:
957 1910 1260 1986 prohibitio
1282 1912 1436 1969 enim
1463 1914 1655 1988 potius
1685 1912 1925 1969 dicenda
1951 1920 2055 1968 est.
2138 1911 2250 1968 Est
2286 1912 2453 1967 etiam
2482 1930 2632 1983 quae-

451 2007 579 2069 dam
615 2026 854 2065 censura
884 2009 1088 2076 minor,
1119 2012 1638 2068 excommunicatio
1676 2011 1861 2067 minor
1895 2008 2063 2076 dicta,
2095 2026 2219 2080 quae
2243 2009 2627 2078 contrahitur,

444 2107 615 2181 juxta
641 2105 968 2180 plerosque,
997 2107 1069 2162 ob
1095 2106 1318 2181 culpam
1348 2108 1649 2173 venialem,
1679 2107 1953 2179 colloquii
1971 2106 2214 2165 ‘scilicet
2239 2126 2368 2164 cum
2400 2126 2632 2166 excom-

453 2203 757 2260 municato.
842 2204 986 2261 Item
1031 2211 1068 2237 ‘⁶
1092 2204 1394 2278 suspensio
1433 2216 1525 2262 aut
1559 2204 1923 2274 interdictum
1966 2206 2033 2261 ad
2075 2206 2246 2260 breve
2287 2214 2532 2279 tempuS,
2578 2216 2633 2263 et

453 2302 682 2375 privans
725 2301 913 2371 aliquo
953 2310 1167 2359 tantum
1209 2320 1315 2357 usu
1352 2302 1631 2361 bon'orum
1661 2302 2040 2377 spiritualium
2081 2300 2631 2378 ob'levem*culpam

450 2399 586 2457 ferri
611 2406 800 2473 potest
822 2390 916 2465 ;”2
940 2398 1040 2454 sed
1067 2398 1136 2455 de
1165 2414 1402 2458 censura
1430 2402 1588 2477 gravi
1618 2402 1857 2472 quaestio
1884 2420 2035 2458 nunc
2063 2409 2167 2457 est.

530 2500 631 2553 24.
674 2494 918 2568 Externi
945 2502 1156 2553 tantum
1188 2504 1345 2553 actus
1385 2500 1681 2573 subjacent
1707 2516 1979 2565 censurae,
2009 2496 2207 2573 cordis⁸
2232 2500 2386 2557 enim
2430 2493 2632 2568 arcana

451 2592 582 2653 Deo
609 2592 719 2651 soli
740 2601 950 2667 patent,
973 2612 1158 2664 neque
1187 2594 1254 2651 ad
1283 2596 1535 2671 regimen
1567 2584 1845 2653 Ecclesiae
1873 2597 2115 2669 pertinet
2139 2604 2387 2669 potestas
2417 2614 2483 2653 ea
2511 2616 2631 2654 mo-

451 2691 683 2762 derandi
723 2700 780 2746 et
813 2690 1107 2765 puniendi.
1192 2692 1357 2749 Sicut
1395 2695 1565 2769 igitur
1602 2711 1715 2750 non
1750 2692 1972 2767 judicat
1996 2692 2065 2749 de
2106 2686 2396 2762 occultis',³
2423 2712 2529 2751 nec
2566 2712 2633 2751 ea

450 2790 638 2865 poenis
677 2787 920 2864 plectere
957 2790 1246 2849 censenda
1280 2802 1385 2848 est.
1470 2793 1648 2848 Actus
1688 2790 1855 2852 debet
1892 2808 2019 2846 esse
2059 2790 2376 2865 comple-tus
2405 2811 2470 2848 ac
2506 2810 2630 2867 per·

449 2887 632 2944 fectus
661 2886 719 2944 in
747 2904 852 2941 sua
877 2889 1070 2961 specie
1097 2884 1317 2955 morali,
1347 2898 1410 2946 ut
1435 2908 1675 2946 censura
1700 2888 1971 2946 habeatur
1996 2898 2311 2955 contracta3
2342 2908 2446 2947 nec
2473 2890 2625 2947 enim

451 2984 627 3042 animi
667 2983 993 3051 consilium,
1021 3004 1127 3041 nec
1169 2995 1473 3053 tentamen‚
1503 2986 1605 3043 sed
1646 2989 1771 3061 ipse
1812 2994 1988 3051 actus,
2019 2985 2241 3057 qualem
2284 2988 2429 3063 legis
2458 2989 2627 3046 verba

449 3081 794 3147 describunt,
823 3099 1049 3155 poenam
1077 3100 1273 3139 secum
1315 3084 1498 3141 trahit.
1585 3085 1685 3142 Sic
1725 3102 1965 3141 censura
1990 3085 2063 3141 ob
2091 3084 2370 3143 incestum
2397 3086 2506 3146 lata
2533 3105 2625 3142 co-

450 3180 639 3257 pulam
669 3190 1116 3237 consummatam
1145 3182 1416 3254 sequitur,
1441 3201 1556 3240 non
1578 3184 1713 3240 item
1742 3190 2081 3239 attentatam.
2167 3182 2284 3238 Sed
2305 3184 2439 3241 licet
2458 3184 2626 3259 legis-

445 3279 608 3336 latori
635 3278 827 3353 ipsum
854 3287 1158 3346 tentamen‚
1187 3280 1238 3336 si
1277 3280 1356 3336 ita
1383 3282 1570 3338 visum
1610 3280 1797 3347 suerit,
1840 3280 1946 3337 sub
1973 3298 2143 3354 poena
2181 3279 2276 3337 illa
2304 3282 2625 3358 prohibere,

448 3376 537 3434 vel
569 3386 755 3433 actum
796 3376 1044 3448 aliquem
1085 3379 1403 3445 externum,
1442 3380 1703 3452 quamvis
1748 3379 1819 3434 ab
1856 3396 2029 3452 opere
2066 3378 2351 3452 completo
2392 3359 2626 3437 omnino

447 3464 750 3531 remotum}
835 3474 934 3529 Sic
961 3474 1215 3549 plerique
1261 3474 1510 3551 theologi
1551 3476 2202 3531 excommunicationem
2244 3477 2413 3534 latam
2449 3478 2506 3533 in
2536 3478 2629 3532 ab·

449 3573 765 3628 solventem
795 3570 1134 3644 complicem
1166 3572 1222 3628 in
1249 3581 1480 3645 peccato
1509 3572 1701 3643 aliquo
1729 3574 1888 3646 turpi.
1911 3580 2106 3629 contra
2132 3581 2354 3629 sextum
2384 3592 2632 3648 praecep-

452 3679 590 3734 tum,
641 3669 1082 3740 interpretantur
1125 3667 1194 3724 de
1241 3687 1603 3742 quocumque
1650 3677 1885 3726 externo
1931 3678 2055 3726 actu
2084 3686 2155 3724 v:
2200 3689 2271 3745 g:
2320 3670 2389 3727 de
2432 3671 2629 3729 osculo

450 3767 642 3824 minus
664 3764 895 3840 pudico,
983 3766 1082 3822 Sic
1109 3776 1164 3823 et
1190 3766 1769 3851 excommunicationi
1799 3768 2053 3842 subjacet
2080 3768 2353 3824 mandans
2382 3768 2629 3840 aliquem

449 3864 887 3922 christianorum
914 3862 1099 3920 occidi
1126 3883 1230 3939 per
1255 3866 1510 3933 sicarios,
1541 3866 1803 3937 quamvis
1830 3876 1983 3921 mors
2025 3883 2138 3921 non
2180 3864 2348 3923 suerit
2384 3862 2631 3924 secuta.¹¹

451 3964 511 4021 N
516 3982 579 4021 ec
597 3961 921 4035 requiritur,
938 3971 1000 4018 ut
1025 3970 1182 4019 actus
1212 3964 1546 4031 innotescat,
1570 3981 1702 4020 nam
1725 3962 1957 4021 haeresis
1985 3963 2451 4039 prolata-scripto,
2476 3964 2629 4037 quod

447 4062 733 4138 vulgatum
768 4078 883 4118 non
923 4069 1031 4127 est,
1073 4061 1162 4119 vel
1199 4079 1359 4139 voce,
1401 4046 1931 4153 intra—domesticos
1972 4062 2237 4137 parietes,
2277 4064 2505 4121 nemine
2534 4064 2629 4121 ad·

447 4169 650 4227 stante,
680 4158 1270 4217 excommunicatione
1299 4161 1563 4237 punitu1;
1605 4179 1779 4231 quum
1810 4161 1963 4219 enim
1994 4160 2183 4233 aliquo
2211 4172 2375 4238 pacto
2402 4163 2626 4237 prodie-

517 4345 597 4409 (1)
627 4342 688 4392 C.
709 4343 840 4402 Quia
861 4343 1198 4407 periculosum,
1221 4342 1281 4394 de
1303 4348 1426 4395 eent-
1451 4344 1706 4395 excom-in
1730 4347 1775 4392 6.
1838 4346 1925 4410 (2)
1966 4344 2023 4392 S.
2046 4345 2197 4409 Alph.
2222 4346 2254 4395 l.
2278 4345 2359 4394 vii.
2382 4361 2431 4393 n.
2456 4348 2537 4393 30.
2636 4412 2646 4419 ι

522 4428 606 4493 (3)
646 4427 706 4476 C.
724 4414 982 4478 'xxxiii-‘de
1002 4427 1234 4479 simonia.
1846 4430 1931 4496 (4)
1972 4428 2095 4493 Gap.
2118 4430 2150 4478 i.
2172 4428 2233 4479 de
2256 4428 2484 4479 homicid.
2507 4430 2560 4479 in
2577 4433 2623 4481 6.

2164 4578 2193 4588 ,Α
