<?xml version="1.0" encoding="UTF-8"?>
<!DOCTYPE html PUBLIC "-//W3C//DTD XHTML 1.0 Transitional//EN"
    "http://www.w3.org/TR/xhtml1/DTD/xhtml1-transitional.dtd">
<html xmlns="http://www.w3.org/1999/xhtml" xml:lang="en" lang="en">
 <head>
  <title>
</title>
<meta http-equiv="Content-Type" content="text/html;charset=utf-8" />
  <meta name='ocr-system' content='tesseract 3.04.00' />
  <meta name='ocr-capabilities' content='ocr_page ocr_carea ocr_par ocr_line ocrx_word'/>
</head>
<body>
  <div class='ocr_page' id='page_1' title='image "./theologiaemoral00unkngoog_0208.png"; bbox 0 0 3117 5217; ppageno 0'>
   <div class='ocr_carea' id='block_1_1' title="bbox 490 542 1885 603">
    <p class='ocr_par' dir='ltr' id='par_1_1' title="bbox 490 542 1885 603">
     <span class='ocr_line' id='line_1_1' title="bbox 490 542 1885 603; baseline 0 -2"><span class='ocrx_word' id='word_1_1' title='bbox 490 548 604 603; x_wconf 79' lang='lat'><strong>194</strong></span> <span class='ocrx_word' id='word_1_2' title='bbox 1258 542 1372 602; x_wconf 93' lang='lat' dir='ltr'><strong>DE</strong></span> <span class='ocrx_word' id='word_1_3' title='bbox 1416 542 1885 603; x_wconf 82' lang='lat' dir='ltr'><strong>MONTIBUS.</strong></span> 
     </span>
    </p>
   </div>
   <div class='ocr_carea' id='block_1_2' title="bbox 485 708 2673 2079">
    <p class='ocr_par' dir='ltr' id='par_1_2' title="bbox 485 708 2673 2079">
     <span class='ocr_line' id='line_1_2' title="bbox 486 708 2667 785; baseline -0.002 -17"><span class='ocrx_word' id='word_1_4' title='bbox 486 711 579 769; x_wconf 75' lang='lat' dir='ltr'><strong>vel</strong></span> <span class='ocrx_word' id='word_1_5' title='bbox 606 710 842 767; x_wconf 88' lang='lat' dir='ltr'><strong>minoris</strong></span> <span class='ocrx_word' id='word_1_6' title='bbox 868 708 1150 768; x_wconf 82' lang='lat' dir='ltr'><strong>vendibile</strong></span> <span class='ocrx_word' id='word_1_7' title='bbox 1177 716 1266 767; x_wconf 81' lang='lat' dir='ltr'><strong>est</strong></span> <span class='ocrx_word' id='word_1_8' title='bbox 1288 718 1456 785; x_wconf 89' lang='lat' dir='ltr'><strong>prout</strong></span> <span class='ocrx_word' id='word_1_9' title='bbox 1479 709 1865 768; x_wconf 86' lang='lat' dir='ltr'><strong>emolumenta</strong></span> <span class='ocrx_word' id='word_1_10' title='bbox 1902 716 2035 765; x_wconf 89' lang='lat' dir='ltr'><strong>sunt</strong></span> <span class='ocrx_word' id='word_1_11' title='bbox 2058 709 2274 785; x_wconf 85' lang='lat' dir='ltr'><strong>majora</strong></span> <span class='ocrx_word' id='word_1_12' title='bbox 2312 717 2372 765; x_wconf 91' lang='lat' dir='ltr'><strong>et</strong></span> <span class='ocrx_word' id='word_1_13' title='bbox 2408 708 2667 773; x_wconf 77' lang='lat' dir='ltr'>certiora,</span> 
     </span>
     <span class='ocr_line' id='line_1_3' title="bbox 485 806 2669 886; baseline -0.002 -21"><span class='ocrx_word' id='word_1_14' title='bbox 485 809 576 866; x_wconf 86' lang='lat' dir='ltr'><strong>vel</strong></span> <span class='ocrx_word' id='word_1_15' title='bbox 603 810 824 867; x_wconf 87' lang='lat' dir='ltr'><strong>minora</strong></span> <span class='ocrx_word' id='word_1_16' title='bbox 849 816 904 865; x_wconf 83' lang='lat' dir='ltr'><strong>et</strong></span> <span class='ocrx_word' id='word_1_17' title='bbox 927 809 1261 875; x_wconf 79' lang='lat' dir='ltr'><strong>incertiora3</strong></span> <span class='ocrx_word' id='word_1_18' title='bbox 1290 826 1447 886; x_wconf 82' lang='lat' dir='ltr'><strong>ergo.</strong></span> <span class='ocrx_word' id='word_1_19' title='bbox 1479 851 1494 866; x_wconf 89' lang='lat'><strong>.</strong></span> <span class='ocrx_word' id='word_1_20' title='bbox 1527 850 1542 866; x_wconf 89' lang='lat'><strong>.</strong></span> <span class='ocrx_word' id='word_1_21' title='bbox 1578 850 1591 865; x_wconf 90' lang='lat'><strong><em>.</em></strong></span> <span class='ocrx_word' id='word_1_22' title='bbox 1674 807 1889 866; x_wconf 87' lang='lat' dir='ltr'><strong>Licitas</strong></span> <span class='ocrx_word' id='word_1_23' title='bbox 1916 826 2045 865; x_wconf 88' lang='lat' dir='ltr'><strong>esse</strong></span> <span class='ocrx_word' id='word_1_24' title='bbox 2076 808 2259 865; x_wconf 83' lang='lat' dir='ltr'><strong>varias</strong></span> <span class='ocrx_word' id='word_1_25' title='bbox 2298 806 2669 883; x_wconf 82' lang='lat' dir='ltr'><strong>pecuniarum</strong></span> 
     </span>
     <span class='ocr_line' id='line_1_4' title="bbox 485 905 2669 984; baseline -0.002 -19"><span class='ocrx_word' id='word_1_26' title='bbox 485 908 889 965; x_wconf 78' lang='lat' dir='ltr'><strong>collocationes</strong></span> <span class='ocrx_word' id='word_1_27' title='bbox 937 925 1064 979; x_wconf 78' lang='lat' dir='ltr'><strong>quae</strong></span> <span class='ocrx_word' id='word_1_28' title='bbox 1107 908 1253 965; x_wconf 88' lang='lat' dir='ltr'><strong>fiunt</strong></span> <span class='ocrx_word' id='word_1_29' title='bbox 1295 907 1356 965; x_wconf 92' lang='lat' dir='ltr'><strong>in</strong></span> <span class='ocrx_word' id='word_1_30' title='bbox 1401 908 1546 965; x_wconf 84' lang='lat' dir='ltr'><strong>arcis</strong></span> <span class='ocrx_word' id='word_1_31' title='bbox 1591 907 1793 984; x_wconf 77' lang='lat' dir='ltr'>gallice</span> <span class='ocrx_word' id='word_1_32' title='bbox 1838 907 2003 965; x_wconf 88' lang='lat' dir='ltr'><strong>dictis</strong></span> <span class='ocrx_word' id='word_1_33' title='bbox 2050 906 2267 965; x_wconf 72' lang='lat' dir='ltr'><strong>coisses</strong></span> <span class='ocrx_word' id='word_1_34' title='bbox 2320 905 2669 983; x_wconf 82' lang='lat' dir='ltr'><strong>d’epargne,</strong></span> 
     </span>
     <span class='ocr_line' id='line_1_5' title="bbox 487 1003 2672 1085; baseline -0.002 -22"><span class='ocrx_word' id='word_1_35' title='bbox 487 1006 720 1083; x_wconf 80' lang='lat' dir='ltr'><strong>banque</strong></span> <span class='ocrx_word' id='word_1_36' title='bbox 740 1006 810 1063; x_wconf 84' lang='lat' dir='ltr'><strong>de</strong></span> <span class='ocrx_word' id='word_1_37' title='bbox 831 1003 1230 1085; x_wconf 78' lang='lat' dir='ltr'><strong>pre‘voyance,</strong></span> <span class='ocrx_word' id='word_1_38' title='bbox 1253 1023 1508 1085; x_wconf 76' lang='lat' dir='ltr'><strong>agences</strong></span> <span class='ocrx_word' id='word_1_39' title='bbox 1535 1005 1607 1063; x_wconf 84' lang='lat' dir='ltr'><strong>de</strong></span> <span class='ocrx_word' id='word_1_40' title='bbox 1622 1004 1987 1084; x_wconf 79' lang='lat' dir='ltr'><strong>placemens,</strong></span> <span class='ocrx_word' id='word_1_41' title='bbox 2006 1013 2067 1063; x_wconf 92' lang='lat' dir='ltr'><strong>et</strong></span> <span class='ocrx_word' id='word_1_42' title='bbox 2088 1005 2373 1063; x_wconf 78' lang='lat' dir='ltr'>similibus</span> <span class='ocrx_word' id='word_1_43' title='bbox 2394 1022 2519 1076; x_wconf 84' lang='lat' dir='ltr'><strong>quae</strong></span> <span class='ocrx_word' id='word_1_44' title='bbox 2540 1020 2672 1061; x_wconf 89' lang='lat' dir='ltr'><strong>cum</strong></span> 
     </span>
     <span class='ocr_line' id='line_1_6' title="bbox 487 1102 2671 1181; baseline -0.002 -18"><span class='ocrx_word' id='word_1_45' title='bbox 487 1107 777 1181; x_wconf 84' lang='lat' dir='ltr'><strong>emptione</strong></span> <span class='ocrx_word' id='word_1_46' title='bbox 803 1123 1078 1163; x_wconf 83' lang='lat' dir='ltr'><strong>censuum</strong></span> <span class='ocrx_word' id='word_1_47' title='bbox 1105 1114 1200 1161; x_wconf 90' lang='lat' dir='ltr'><strong>aut</strong></span> <span class='ocrx_word' id='word_1_48' title='bbox 1224 1106 1514 1163; x_wconf 86' lang='lat' dir='ltr'><strong>actionum</strong></span> <span class='ocrx_word' id='word_1_49' title='bbox 1539 1104 1973 1171; x_wconf 80' lang='lat' dir='ltr'><strong>coordinantur;</strong></span> <span class='ocrx_word' id='word_1_50' title='bbox 2002 1105 2163 1171; x_wconf 88' lang='lat' dir='ltr'><strong>ratio,</strong></span> <span class='ocrx_word' id='word_1_51' title='bbox 2190 1104 2323 1177; x_wconf 89' lang='lat' dir='ltr'><strong>quia</strong></span> <span class='ocrx_word' id='word_1_52' title='bbox 2348 1104 2471 1161; x_wconf 81' lang='lat' dir='ltr'><strong>istae</strong></span> <span class='ocrx_word' id='word_1_53' title='bbox 2492 1102 2671 1159; x_wconf 88' lang='lat' dir='ltr'><strong>socie-</strong></span> 
     </span>
     <span class='ocr_line' id='line_1_7' title="bbox 489 1201 2672 1279; baseline -0.002 -18"><span class='ocrx_word' id='word_1_54' title='bbox 489 1214 630 1261; x_wconf 82' lang='lat' dir='ltr'><strong>tates</strong></span> <span class='ocrx_word' id='word_1_55' title='bbox 657 1204 888 1262; x_wconf 89' lang='lat' dir='ltr'><strong>nomine</strong></span> <span class='ocrx_word' id='word_1_56' title='bbox 916 1204 1215 1261; x_wconf 80' lang='lat' dir='ltr'><strong>collective</strong></span> <span class='ocrx_word' id='word_1_57' title='bbox 1241 1213 1441 1263; x_wconf 90' lang='lat' dir='ltr'><strong>emunt</strong></span> <span class='ocrx_word' id='word_1_58' title='bbox 1465 1222 1540 1262; x_wconf 90' lang='lat' dir='ltr'><strong>ex</strong></span> <span class='ocrx_word' id='word_1_59' title='bbox 1568 1205 1826 1279; x_wconf 87' lang='lat' dir='ltr'><strong>pecuniis</strong></span> <span class='ocrx_word' id='word_1_60' title='bbox 1854 1204 1961 1261; x_wconf 91' lang='lat' dir='ltr'><strong>sibi</strong></span> <span class='ocrx_word' id='word_1_61' title='bbox 1989 1201 2217 1261; x_wconf 88' lang='lat' dir='ltr'><strong>creditis</strong></span> <span class='ocrx_word' id='word_1_62' title='bbox 2254 1220 2463 1261; x_wconf 89' lang='lat' dir='ltr'><strong>census</strong></span> <span class='ocrx_word' id='word_1_63' title='bbox 2489 1201 2672 1278; x_wconf 91' lang='lat' dir='ltr'><strong>publi-</strong></span> 
     </span>
     <span class='ocr_line' id='line_1_8' title="bbox 489 1300 2673 1378; baseline -0.003 -17"><span class='ocrx_word' id='word_1_64' title='bbox 489 1321 611 1370; x_wconf 73' lang='lat' dir='ltr'><strong>coS,</strong></span> <span class='ocrx_word' id='word_1_65' title='bbox 641 1312 736 1360; x_wconf 86' lang='lat' dir='ltr'><strong>aut</strong></span> <span class='ocrx_word' id='word_1_66' title='bbox 763 1304 1011 1361; x_wconf 83' lang='lat' dir='ltr'><strong>actiones</strong></span> <span class='ocrx_word' id='word_1_67' title='bbox 1038 1321 1279 1375; x_wconf 89' lang='lat' dir='ltr'><strong>quorum</strong></span> <span class='ocrx_word' id='word_1_68' title='bbox 1314 1302 1565 1363; x_wconf 85' lang='lat' dir='ltr'><strong>redditus</strong></span> <span class='ocrx_word' id='word_1_69' title='bbox 1606 1302 1945 1361; x_wconf 84' lang='lat' dir='ltr'><strong>distribuunt</strong></span> <span class='ocrx_word' id='word_1_70' title='bbox 1982 1302 2128 1360; x_wconf 88' lang='lat' dir='ltr'><strong>inter</strong></span> <span class='ocrx_word' id='word_1_71' title='bbox 2164 1302 2533 1378; x_wconf 83' lang='lat' dir='ltr'><strong>pecuniarum</strong></span> <span class='ocrx_word' id='word_1_72' title='bbox 2559 1300 2673 1356; x_wconf 91' lang='lat' dir='ltr'><strong>col-</strong></span> 
     </span>
     <span class='ocr_line' id='line_1_9' title="bbox 487 1398 2669 1478; baseline -0.002 -19"><span class='ocrx_word' id='word_1_73' title='bbox 487 1403 692 1459; x_wconf 82' lang='lat' dir='ltr'><strong>latores</strong></span> <span class='ocrx_word' id='word_1_74' title='bbox 720 1402 1146 1478; x_wconf 89' lang='lat' dir='ltr'><strong>proportionate</strong></span> <span class='ocrx_word' id='word_1_75' title='bbox 1173 1400 1243 1459; x_wconf 90' lang='lat' dir='ltr'><strong>ad</strong></span> <span class='ocrx_word' id='word_1_76' title='bbox 1284 1401 1761 1460; x_wconf 89' lang='lat' dir='ltr'><strong>contributionem</strong></span> <span class='ocrx_word' id='word_1_77' title='bbox 1800 1399 2123 1478; x_wconf 84' lang='lat' dir='ltr'><strong>cujuslibet,</strong></span> <span class='ocrx_word' id='word_1_78' title='bbox 2152 1400 2295 1459; x_wconf 89' lang='lat' dir='ltr'><strong>adeo</strong></span> <span class='ocrx_word' id='word_1_79' title='bbox 2336 1409 2399 1457; x_wconf 91' lang='lat' dir='ltr'><strong>ut</strong></span> <span class='ocrx_word' id='word_1_80' title='bbox 2426 1398 2669 1472; x_wconf 88' lang='lat' dir='ltr'><strong>quisque</strong></span> 
     </span>
     <span class='ocr_line' id='line_1_10' title="bbox 491 1499 2671 1577; baseline -0.003 -19"><span class='ocrx_word' id='word_1_81' title='bbox 491 1502 794 1577; x_wconf 86' lang='lat' dir='ltr'><strong>pecuniam</strong></span> <span class='ocrx_word' id='word_1_82' title='bbox 834 1500 1130 1557; x_wconf 88' lang='lat' dir='ltr'><strong>conferens</strong></span> <span class='ocrx_word' id='word_1_83' title='bbox 1169 1500 1232 1559; x_wconf 87' lang='lat' dir='ltr'><strong>in</strong></span> <span class='ocrx_word' id='word_1_84' title='bbox 1257 1499 1540 1577; x_wconf 82' lang='lat' dir='ltr'><strong>praedictis</strong></span> <span class='ocrx_word' id='word_1_85' title='bbox 1582 1500 1725 1557; x_wconf 87' lang='lat' dir='ltr'><strong>arcis</strong></span> <span class='ocrx_word' id='word_1_86' title='bbox 1766 1510 1863 1557; x_wconf 91' lang='lat' dir='ltr'><strong>aut</strong></span> <span class='ocrx_word' id='word_1_87' title='bbox 1900 1500 2146 1575; x_wconf 80' lang='lat' dir='ltr'><strong>campsis</strong></span> <span class='ocrx_word' id='word_1_88' title='bbox 2186 1511 2397 1557; x_wconf 82' lang='lat' dir='ltr'><strong>sortem</strong></span> <span class='ocrx_word' id='word_1_89' title='bbox 2438 1515 2671 1573; x_wconf 88' lang='lat' dir='ltr'><strong>prorsus</strong></span> 
     </span>
     <span class='ocr_line' id='line_1_11' title="bbox 491 1596 2673 1675; baseline -0.003 -18"><span class='ocrx_word' id='word_1_90' title='bbox 491 1601 718 1658; x_wconf 87' lang='lat' dir='ltr'><strong>alienet.</strong></span> <span class='ocrx_word' id='word_1_91' title='bbox 751 1642 766 1657; x_wconf 89' lang='lat'><strong>.</strong></span> <span class='ocrx_word' id='word_1_92' title='bbox 799 1642 813 1657; x_wconf 91' lang='lat'><strong><em>.</em></strong></span> <span class='ocrx_word' id='word_1_93' title='bbox 898 1600 975 1657; x_wconf 90' lang='lat' dir='ltr'><strong>D.</strong></span> <span class='ocrx_word' id='word_1_94' title='bbox 1005 1599 1264 1667; x_wconf 88' lang='lat' dir='ltr'><strong>Dufetre,</strong></span> <span class='ocrx_word' id='word_1_95' title='bbox 1291 1600 1402 1657; x_wconf 86' lang='lat' dir='ltr'><strong>vic.</strong></span> <span class='ocrx_word' id='word_1_96' title='bbox 1431 1617 1565 1675; x_wconf 86' lang='lat' dir='ltr'><strong>gen.</strong></span> <span class='ocrx_word' id='word_1_97' title='bbox 1594 1599 1975 1665; x_wconf 85' lang='lat' dir='ltr'><strong>Turonensis,</strong></span> <span class='ocrx_word' id='word_1_98' title='bbox 2000 1598 2143 1655; x_wconf 88' lang='lat' dir='ltr'><strong>mihi</strong></span> <span class='ocrx_word' id='word_1_99' title='bbox 2168 1596 2416 1656; x_wconf 85' lang='lat' dir='ltr'><strong>ostendit</strong></span> <span class='ocrx_word' id='word_1_100' title='bbox 2438 1613 2673 1670; x_wconf 78' lang='lat' dir='ltr'><strong>respon—</strong></span> 
     </span>
     <span class='ocr_line' id='line_1_12' title="bbox 491 1693 2670 1771; baseline -0.003 -16"><span class='ocrx_word' id='word_1_101' title='bbox 491 1717 618 1757; x_wconf 89' lang='lat' dir='ltr'><strong>sum</strong></span> <span class='ocrx_word' id='word_1_102' title='bbox 647 1697 802 1771; x_wconf 93' lang='lat' dir='ltr'><strong>quod</strong></span> <span class='ocrx_word' id='word_1_103' title='bbox 830 1698 894 1755; x_wconf 88' lang='lat' dir='ltr'><strong>S.</strong></span> <span class='ocrx_word' id='word_1_104' title='bbox 936 1698 1364 1756; x_wconf 85' lang='lat' dir='ltr'><strong>Poenitentiaria</strong></span> <span class='ocrx_word' id='word_1_105' title='bbox 1389 1697 1673 1755; x_wconf 84' lang='lat' dir='ltr'><strong>direxerat</strong></span> <span class='ocrx_word' id='word_1_106' title='bbox 1701 1702 1775 1756; x_wconf 83' lang='grc'><strong>17</strong></span> <span class='ocrx_word' id='word_1_107' title='bbox 1816 1697 2175 1765; x_wconf 77' lang='lat' dir='ltr'><strong>DecembriS,</strong></span> <span class='ocrx_word' id='word_1_108' title='bbox 2204 1714 2353 1755; x_wconf 90' lang='lat' dir='ltr'><strong>anno</strong></span> <span class='ocrx_word' id='word_1_109' title='bbox 2397 1699 2571 1759; x_wconf 83' lang='lat'><strong>1832,</strong></span> <span class='ocrx_word' id='word_1_110' title='bbox 2600 1693 2670 1750; x_wconf 90' lang='lat' dir='ltr'><strong>ad</strong></span> 
     </span>
     <span class='ocr_line' id='line_1_13' title="bbox 490 1794 2671 1877; baseline -0.002 -23"><span class='ocrx_word' id='word_1_111' title='bbox 490 1798 816 1877; x_wconf 72' lang='lat' dir='ltr'><strong>Parochum</strong></span> <span class='ocrx_word' id='word_1_112' title='bbox 855 1796 1120 1854; x_wconf 87' lang='lat' dir='ltr'><strong>dioecesis</strong></span> <span class='ocrx_word' id='word_1_113' title='bbox 1161 1795 1621 1855; x_wconf 83' lang='lat' dir='ltr'><strong>Claromontanae</strong></span> <span class='ocrx_word' id='word_1_114' title='bbox 1662 1795 1721 1853; x_wconf 89' lang='lat' dir='ltr'><strong>in</strong></span> <span class='ocrx_word' id='word_1_115' title='bbox 1774 1796 2255 1853; x_wconf 87' lang='lat' dir='ltr'><strong>confirmationem</strong></span> <span class='ocrx_word' id='word_1_116' title='bbox 2299 1806 2355 1853; x_wconf 86' lang='lat' dir='ltr'><strong>et</strong></span> <span class='ocrx_word' id='word_1_117' title='bbox 2398 1794 2671 1871; x_wconf 86' lang='lat' dir='ltr'><strong>approba-</strong></span> 
     </span>
     <span class='ocr_line' id='line_1_14' title="bbox 487 1893 2668 1971; baseline -0.002 -19"><span class='ocrx_word' id='word_1_118' title='bbox 487 1896 698 1953; x_wconf 88' lang='lat' dir='ltr'><strong>tionem</strong></span> <span class='ocrx_word' id='word_1_119' title='bbox 727 1895 1192 1971; x_wconf 83' lang='lat' dir='ltr'><strong>proelaudatarum</strong></span> <span class='ocrx_word' id='word_1_120' title='bbox 1220 1913 1599 1971; x_wconf 88' lang='lat' dir='ltr'><strong>campsarum.</strong></span> <span class='ocrx_word' id='word_1_121' title='bbox 1682 1895 1865 1971; x_wconf 87' lang='lat' dir='ltr'><strong>Igitur</strong></span> <span class='ocrx_word' id='word_1_122' title='bbox 1883 1904 1997 1953; x_wconf 85' lang='lat' dir='ltr'><strong>tuta</strong></span> <span class='ocrx_word' id='word_1_123' title='bbox 2012 1895 2356 1953; x_wconf 88' lang='lat' dir='ltr'><strong>conscientia</strong></span> <span class='ocrx_word' id='word_1_124' title='bbox 2382 1902 2555 1969; x_wconf 86' lang='lat' dir='ltr'><strong>agunt</strong></span> <span class='ocrx_word' id='word_1_125' title='bbox 2570 1893 2668 1964; x_wconf 89' lang='lat' dir='ltr'><strong>qui</strong></span> 
     </span>
     <span class='ocr_line' id='line_1_15' title="bbox 491 1985 1931 2079; baseline 0 -28"><span class='ocrx_word' id='word_1_126' title='bbox 491 2012 619 2051; x_wconf 84' lang='lat' dir='ltr'><strong>earn</strong></span> <span class='ocrx_word' id='word_1_127' title='bbox 645 1994 863 2070; x_wconf 86' lang='lat' dir='ltr'><strong>eligunt</strong></span> <span class='ocrx_word' id='word_1_128' title='bbox 885 1985 1036 2051; x_wconf 76' lang='lat' dir='ltr'><strong>viam&#39;</strong></span> <span class='ocrx_word' id='word_1_129' title='bbox 1063 1992 1135 2051; x_wconf 91' lang='lat' dir='ltr'><strong>ad</strong></span> <span class='ocrx_word' id='word_1_130' title='bbox 1159 1993 1494 2079; x_wconf 78' lang='lat' dir='ltr'><strong>lucrandum</strong></span> <span class='ocrx_word' id='word_1_131' title='bbox 1522 2012 1597 2051; x_wconf 88' lang='lat' dir='ltr'><strong>ex</strong></span> <span class='ocrx_word' id='word_1_132' title='bbox 1623 1993 1931 2070; x_wconf 88' lang='lat' dir='ltr'><strong>pecunia.”</strong></span> 
     </span>
    </p>
   </div>
   <div class='ocr_carea' id='block_1_3' title="bbox 1166 2228 2001 2302">
    <p class='ocr_par' dir='ltr' id='par_1_3' title="bbox 1166 2228 2001 2302">
     <span class='ocr_line' id='line_1_16' title="bbox 1166 2228 2001 2302; baseline 0 -17"><span class='ocrx_word' id='word_1_133' title='bbox 1166 2228 1217 2302; x_wconf 89' lang='lat'><strong>§.</strong></span> <span class='ocrx_word' id='word_1_134' title='bbox 1259 2229 1367 2287; x_wconf 89' lang='lat' dir='ltr'><strong>IV.</strong></span> <span class='ocrx_word' id='word_1_135' title='bbox 1410 2229 1506 2287; x_wconf 71' lang='lat' dir='ltr'><strong>Du</strong></span> <span class='ocrx_word' id='word_1_136' title='bbox 1547 2246 1625 2286; x_wconf 74' lang='lat' dir='ltr'><strong>nn</strong></span> <span class='ocrx_word' id='word_1_137' title='bbox 1668 2246 2001 2287; x_wconf 67' lang='lat' dir='ltr'><strong>noum-Am.</strong></span> 
     </span>
    </p>
   </div>
   <div class='ocr_carea' id='block_1_4' title="bbox 435 2408 2692 4261">
    <p class='ocr_par' dir='ltr' id='par_1_4' title="bbox 435 2408 2692 4261">
     <span class='ocr_line' id='line_1_17' title="bbox 581 2408 2692 2490; baseline 0 -23"><span class='ocrx_word' id='word_1_138' title='bbox 581 2415 716 2469; x_wconf 83' lang='lat'><strong>120.</strong></span> <span class='ocrx_word' id='word_1_139' title='bbox 758 2410 914 2469; x_wconf 90' lang='lat' dir='ltr'><strong>Olim</strong></span> <span class='ocrx_word' id='word_1_140' title='bbox 943 2411 1094 2486; x_wconf 86' lang='lat' dir='ltr'><strong>apud</strong></span> <span class='ocrx_word' id='word_1_141' title='bbox 1123 2413 1424 2488; x_wconf 88' lang='lat' dir='ltr'><strong>plerasque</strong></span> <span class='ocrx_word' id='word_1_142' title='bbox 1451 2422 1648 2490; x_wconf 85' lang='lat' dir='ltr'><strong>gentes</strong></span> <span class='ocrx_word' id='word_1_143' title='bbox 1676 2432 1813 2471; x_wconf 86' lang='lat' dir='ltr'><strong>auro</strong></span> <span class='ocrx_word' id='word_1_144' title='bbox 1838 2422 1899 2471; x_wconf 87' lang='lat' dir='ltr'><strong>et</strong></span> <span class='ocrx_word' id='word_1_145' title='bbox 1930 2423 2162 2489; x_wconf 86' lang='lat' dir='ltr'><strong>argento</strong></span> <span class='ocrx_word' id='word_1_146' title='bbox 2190 2413 2433 2487; x_wconf 86' lang='lat' dir='ltr'><strong>pecunia</strong></span> <span class='ocrx_word' id='word_1_147' title='bbox 2456 2408 2692 2469; x_wconf 49' lang='lat' dir='ltr'><strong>consta?</strong></span> 
     </span>
     <span class='ocr_line' id='line_1_18' title="bbox 499 2502 2675 2587; baseline 0 -21"><span class='ocrx_word' id='word_1_148' title='bbox 499 2510 612 2577; x_wconf 86' lang='lat' dir='ltr'><strong>bat,</strong></span> <span class='ocrx_word' id='word_1_149' title='bbox 639 2528 816 2585; x_wconf 89' lang='lat' dir='ltr'><strong>cupro</strong></span> <span class='ocrx_word' id='word_1_150' title='bbox 842 2511 1012 2570; x_wconf 87' lang='lat' dir='ltr'><strong>etiam</strong></span> <span class='ocrx_word' id='word_1_151' title='bbox 1041 2510 1111 2567; x_wconf 91' lang='lat' dir='ltr'><strong>ad</strong></span> <span class='ocrx_word' id='word_1_152' title='bbox 1139 2512 1386 2569; x_wconf 83' lang='lat' dir='ltr'><strong>valorem</strong></span> <span class='ocrx_word' id='word_1_153' title='bbox 1415 2513 1745 2571; x_wconf 85' lang='lat' dir='ltr'><strong>inferiorem</strong></span> <span class='ocrx_word' id='word_1_154' title='bbox 1770 2511 2159 2570; x_wconf 89' lang='lat' dir='ltr'><strong>exhibendum</strong></span> <span class='ocrx_word' id='word_1_155' title='bbox 2182 2502 2505 2587; x_wconf 61' lang='lat' dir='ltr'><strong>&#39;usui-pato:</strong></span> <span class='ocrx_word' id='word_1_156' title='bbox 2550 2528 2675 2581; x_wconf 84' lang='lat' dir='ltr'><strong>quoe</strong></span> 
     </span>
     <span class='ocr_line' id='line_1_19' title="bbox 500 2607 2681 2687; baseline -0 -21"><span class='ocrx_word' id='word_1_157' title='bbox 500 2607 850 2667; x_wconf 81' lang='lat' dir='ltr'><strong>consuetudo</strong></span> <span class='ocrx_word' id='word_1_158' title='bbox 877 2610 936 2665; x_wconf 88' lang='lat' dir='ltr'><strong>in</strong></span> <span class='ocrx_word' id='word_1_159' title='bbox 963 2609 1199 2687; x_wconf 89' lang='lat' dir='ltr'><strong>Europa</strong></span> <span class='ocrx_word' id='word_1_160' title='bbox 1225 2610 1412 2669; x_wconf 90' lang='lat' dir='ltr'><strong>adhuc</strong></span> <span class='ocrx_word' id='word_1_161' title='bbox 1436 2612 1547 2669; x_wconf 89' lang='lat' dir='ltr'><strong>late</strong></span> <span class='ocrx_word' id='word_1_162' title='bbox 1578 2612 1745 2687; x_wconf 82' lang='lat' dir='ltr'><strong>viget.</strong></span> <span class='ocrx_word' id='word_1_163' title='bbox 1815 2611 2055 2677; x_wconf 82' lang='lat' dir='ltr'><strong>Quoties</strong></span> <span class='ocrx_word' id='word_1_164' title='bbox 2088 2610 2313 2667; x_wconf 87' lang='lat' dir='ltr'><strong>metalla</strong></span> <span class='ocrx_word' id='word_1_165' title='bbox 2338 2610 2483 2675; x_wconf 88' lang='lat' dir='ltr'><strong>haec,</strong></span> <span class='ocrx_word' id='word_1_166' title='bbox 2516 2610 2681 2684; x_wconf 86' lang='lat' dir='ltr'><strong>juxta</strong></span> 
     </span>
     <span class='ocr_line' id='line_1_20' title="bbox 503 2698 2681 2784; baseline -0.001 -19"><span class='ocrx_word' id='word_1_167' title='bbox 503 2725 868 2766; x_wconf 87' lang='lat' dir='ltr'><strong>communem</strong></span> <span class='ocrx_word' id='word_1_168' title='bbox 907 2708 1208 2768; x_wconf 85' lang='lat' dir='ltr'><strong>hominum</strong></span> <span class='ocrx_word' id='word_1_169' title='bbox 1248 2698 1703 2777; x_wconf 80' lang='lat' dir='ltr'><strong>aestimationem,</strong></span> <span class='ocrx_word' id='word_1_170' title='bbox 1732 2710 1910 2767; x_wconf 83' lang='lat' dir='ltr'><strong>valori</strong></span> <span class='ocrx_word' id='word_1_171' title='bbox 1948 2722 2209 2776; x_wconf 86' lang='lat' dir='ltr'><strong>externo,</strong></span> <span class='ocrx_word' id='word_1_172' title='bbox 2238 2708 2334 2780; x_wconf 89' lang='lat' dir='ltr'><strong>qui</strong></span> <span class='ocrx_word' id='word_1_173' title='bbox 2373 2708 2545 2784; x_wconf 85' lang='lat' dir='ltr'><strong>regia,</strong></span> <span class='ocrx_word' id='word_1_174' title='bbox 2588 2706 2681 2764; x_wconf 86' lang='lat' dir='ltr'><strong>vel</strong></span> 
     </span>
     <span class='ocr_line' id='line_1_21' title="bbox 503 2806 2685 2884; baseline -0.001 -21"><span class='ocrx_word' id='word_1_175' title='bbox 503 2806 612 2864; x_wconf 83' lang='lat' dir='ltr'><strong>alia</strong></span> <span class='ocrx_word' id='word_1_176' title='bbox 663 2824 930 2881; x_wconf 87' lang='lat' dir='ltr'><strong>suprema</strong></span> <span class='ocrx_word' id='word_1_177' title='bbox 972 2809 1296 2865; x_wconf 87' lang='lat' dir='ltr'><strong>auctoritate</strong></span> <span class='ocrx_word' id='word_1_178' title='bbox 1337 2808 1727 2875; x_wconf 86' lang='lat' dir='ltr'><strong>definiebatur,</strong></span> <span class='ocrx_word' id='word_1_179' title='bbox 1763 2808 2199 2884; x_wconf 86' lang='lat' dir='ltr'><strong>respondebant,</strong></span> <span class='ocrx_word' id='word_1_180' title='bbox 2241 2808 2339 2864; x_wconf 85' lang='lat' dir='ltr'><strong>vix</strong></span> <span class='ocrx_word' id='word_1_181' title='bbox 2372 2806 2521 2865; x_wconf 90' lang='lat' dir='ltr'><strong>ullus</strong></span> <span class='ocrx_word' id='word_1_182' title='bbox 2566 2816 2685 2863; x_wconf 90' lang='lat' dir='ltr'><strong>erat</strong></span> 
     </span>
     <span class='ocr_line' id='line_1_22' title="bbox 504 2892 2680 2983; baseline 0 -23"><span class='ocrx_word' id='word_1_183' title='bbox 504 2904 913 2976; x_wconf 64' lang='lat' dir='ltr'><strong>quaestionibus</strong></span> <span class='ocrx_word' id='word_1_184' title='bbox 937 2892 1130 2963; x_wconf 85' lang='lat' dir='ltr'><strong>locus:</strong></span> <span class='ocrx_word' id='word_1_185' title='bbox 1175 2904 1278 2962; x_wconf 85' lang='lat' dir='ltr'><strong>sed</strong></span> <span class='ocrx_word' id='word_1_186' title='bbox 1311 2925 1717 2979; x_wconf 88' lang='lat' dir='ltr'><strong>nonnunquam</strong></span> <span class='ocrx_word' id='word_1_187' title='bbox 1744 2908 1804 2965; x_wconf 90' lang='lat' dir='ltr'><strong>in</strong></span> <span class='ocrx_word' id='word_1_188' title='bbox 1836 2926 2025 2965; x_wconf 84' lang='lat' dir='ltr'><strong>rerum</strong></span> <span class='ocrx_word' id='word_1_189' title='bbox 2064 2905 2339 2983; x_wconf 85' lang='lat' dir='ltr'><strong>angustiis</strong></span> <span class='ocrx_word' id='word_1_190' title='bbox 2366 2906 2535 2963; x_wconf 85' lang='lat' dir='ltr'><strong>vilius</strong></span> <span class='ocrx_word' id='word_1_191' title='bbox 2562 2922 2680 2961; x_wconf 87' lang='lat' dir='ltr'><strong>me-</strong></span> 
     </span>
     <span class='ocr_line' id='line_1_23' title="bbox 503 3002 2681 3081; baseline 0 -22"><span class='ocrx_word' id='word_1_192' title='bbox 503 3002 703 3060; x_wconf 89' lang='lat' dir='ltr'><strong>tallum</strong></span> <span class='ocrx_word' id='word_1_193' title='bbox 731 3002 984 3078; x_wconf 88' lang='lat' dir='ltr'><strong>pretioso</strong></span> <span class='ocrx_word' id='word_1_194' title='bbox 1011 3004 1452 3072; x_wconf 86' lang='lat' dir='ltr'><strong>immiscebatur‚</strong></span> <span class='ocrx_word' id='word_1_195' title='bbox 1482 3006 1573 3063; x_wconf 85' lang='lat' dir='ltr'><strong>vel</strong></span> <span class='ocrx_word' id='word_1_196' title='bbox 1598 3005 1835 3081; x_wconf 89' lang='lat' dir='ltr'><strong>ponderi</strong></span> <span class='ocrx_word' id='word_1_197' title='bbox 1862 3006 2075 3078; x_wconf 85' lang='lat' dir='ltr'><strong>aliquid</strong></span> <span class='ocrx_word' id='word_1_198' title='bbox 2102 3004 2513 3072; x_wconf 84' lang='lat' dir='ltr'><strong>detrahebatur,</strong></span> <span class='ocrx_word' id='word_1_199' title='bbox 2542 3003 2681 3075; x_wconf 90' lang='lat' dir='ltr'><strong>quin</strong></span> 
     </span>
     <span class='ocr_line' id='line_1_24' title="bbox 505 3100 2684 3179; baseline 0 -22"><span class='ocrx_word' id='word_1_200' title='bbox 505 3102 758 3176; x_wconf 85' lang='lat' dir='ltr'><strong>pecuniae</strong></span> <span class='ocrx_word' id='word_1_201' title='bbox 785 3100 944 3158; x_wconf 83' lang='lat' dir='ltr'><strong>valor</strong></span> <span class='ocrx_word' id='word_1_202' title='bbox 969 3114 1240 3161; x_wconf 83' lang='lat' dir='ltr'><strong>externus</strong></span> <span class='ocrx_word' id='word_1_203' title='bbox 1267 3104 1646 3162; x_wconf 86' lang='lat' dir='ltr'><strong>minueretur:</strong></span> <span class='ocrx_word' id='word_1_204' title='bbox 1676 3104 1826 3162; x_wconf 89' lang='lat' dir='ltr'><strong>unde</strong></span> <span class='ocrx_word' id='word_1_205' title='bbox 1854 3105 2065 3162; x_wconf 87' lang='lat' dir='ltr'><strong>factum</strong></span> <span class='ocrx_word' id='word_1_206' title='bbox 2104 3113 2168 3160; x_wconf 85' lang='lat' dir='ltr'><strong>ut</strong></span> <span class='ocrx_word' id='word_1_207' title='bbox 2204 3102 2684 3179; x_wconf 83' lang='lat' dir='ltr'><strong>plurimae&#39;nasce-</strong></span> 
     </span>
     <span class='ocr_line' id='line_1_25' title="bbox 503 3197 2683 3269; baseline 0.001 -14"><span class='ocrx_word' id='word_1_208' title='bbox 503 3208 696 3256; x_wconf 89' lang='lat' dir='ltr'><strong>rentur</strong></span> <span class='ocrx_word' id='word_1_209' title='bbox 721 3197 1075 3257; x_wconf 87' lang='lat' dir='ltr'><strong>difficultates</strong></span> <span class='ocrx_word' id='word_1_210' title='bbox 1103 3200 1174 3258; x_wconf 92' lang='lat' dir='ltr'><strong>de</strong></span> <span class='ocrx_word' id='word_1_211' title='bbox 1202 3201 1476 3259; x_wconf 88' lang='lat' dir='ltr'><strong>solvendo</strong></span> <span class='ocrx_word' id='word_1_212' title='bbox 1503 3220 1613 3259; x_wconf 81' lang='lat' dir='ltr'><strong>aere</strong></span> <span class='ocrx_word' id='word_1_213' title='bbox 1642 3203 1847 3269; x_wconf 83' lang='lat' dir='ltr'><strong>alieno,</strong></span> <span class='ocrx_word' id='word_1_214' title='bbox 1868 3212 2059 3261; x_wconf 88' lang='lat' dir='ltr'><strong>utrum</strong></span> <span class='ocrx_word' id='word_1_215' title='bbox 2086 3203 2305 3260; x_wconf 87' lang='lat' dir='ltr'><strong>scilicet</strong></span> <span class='ocrx_word' id='word_1_216' title='bbox 2328 3202 2683 3259; x_wconf 87' lang='lat' dir='ltr'><strong>metallorum</strong></span> 
     </span>
     <span class='ocr_line' id='line_1_26' title="bbox 503 3296 2688 3377; baseline 0.001 -24"><span class='ocrx_word' id='word_1_217' title='bbox 503 3298 764 3372; x_wconf 78' lang='lat' dir='ltr'><strong>ipsorum</strong></span> <span class='ocrx_word' id='word_1_218' title='bbox 794 3296 1052 3355; x_wconf 86' lang='lat' dir='ltr'><strong>habenda</strong></span> <span class='ocrx_word' id='word_1_219' title='bbox 1089 3299 1236 3357; x_wconf 87' lang='lat' dir='ltr'><strong>soret</strong></span> <span class='ocrx_word' id='word_1_220' title='bbox 1274 3301 1435 3367; x_wconf 85' lang='lat' dir='ltr'><strong>rati0,</strong></span> <span class='ocrx_word' id='word_1_221' title='bbox 1474 3302 1567 3359; x_wconf 85' lang='lat' dir='ltr'><strong>vel</strong></span> <span class='ocrx_word' id='word_1_222' title='bbox 1604 3300 1777 3359; x_wconf 86' lang='lat' dir='ltr'><strong>edicti</strong></span> <span class='ocrx_word' id='word_1_223' title='bbox 1813 3303 1956 3377; x_wconf 87' lang='lat' dir='ltr'><strong>regii</strong></span> <span class='ocrx_word' id='word_1_224' title='bbox 1994 3311 2051 3359; x_wconf 85' lang='lat' dir='ltr'><strong>et</strong></span> <span class='ocrx_word' id='word_1_225' title='bbox 2084 3302 2293 3359; x_wconf 81' lang='lat' dir='ltr'><strong>valoris</strong></span> <span class='ocrx_word' id='word_1_226' title='bbox 2336 3319 2406 3357; x_wconf 88' lang='lat' dir='ltr'><strong>eo</strong></span> <span class='ocrx_word' id='word_1_227' title='bbox 2444 3299 2688 3362; x_wconf 54' lang='lat' dir='ltr'><strong>definiti„</strong></span> 
     </span>
     <span class='ocr_line' id='line_1_27' title="bbox 503 3394 2683 3477; baseline 0 -24"><span class='ocrx_word' id='word_1_228' title='bbox 503 3394 604 3455; x_wconf 79' lang='lat' dir='ltr'><strong>Sic</strong></span> <span class='ocrx_word' id='word_1_229' title='bbox 627 3396 800 3455; x_wconf 82' lang='lat' dir='ltr'><strong>etiam</strong></span> <span class='ocrx_word' id='word_1_230' title='bbox 826 3414 1003 3468; x_wconf 88' lang='lat' dir='ltr'><strong>quum</strong></span> <span class='ocrx_word' id='word_1_231' title='bbox 1029 3399 1088 3456; x_wconf 92' lang='lat' dir='ltr'><strong>i-n</strong></span> <span class='ocrx_word' id='word_1_232' title='bbox 1115 3400 1307 3474; x_wconf 87' lang='lat' dir='ltr'><strong>regnis</strong></span> <span class='ocrx_word' id='word_1_233' title='bbox 1334 3397 1575 3457; x_wconf 85' lang='lat' dir='ltr'><strong>diversis</strong></span> <span class='ocrx_word' id='word_1_234' title='bbox 1602 3400 1759 3457; x_wconf 86' lang='lat' dir='ltr'><strong>valor</strong></span> <span class='ocrx_word' id='word_1_235' title='bbox 1786 3402 2039 3477; x_wconf 85' lang='lat' dir='ltr'><strong>pecuniae</strong></span> <span class='ocrx_word' id='word_1_236' title='bbox 2066 3420 2185 3459; x_wconf 90' lang='lat' dir='ltr'><strong>non</strong></span> <span class='ocrx_word' id='word_1_237' title='bbox 2224 3400 2423 3457; x_wconf 82' lang='lat' dir='ltr'><strong>eadem</strong></span> <span class='ocrx_word' id='word_1_238' title='bbox 2466 3398 2683 3457; x_wconf 76' lang='lat' dir='ltr'><strong>ratione</strong></span> 
     </span>
     <span class='ocr_line' id='line_1_28' title="bbox 505 3494 2681 3567; baseline 0 -16"><span class='ocrx_word' id='word_1_239' title='bbox 505 3494 919 3564; x_wconf 81' lang='lat' dir='ltr'><strong>decerneretur,</strong></span> <span class='ocrx_word' id='word_1_240' title='bbox 950 3514 1066 3554; x_wconf 90' lang='lat' dir='ltr'><strong>non</strong></span> <span class='ocrx_word' id='word_1_241' title='bbox 1093 3496 1232 3553; x_wconf 86' lang='lat' dir='ltr'><strong>adeo</strong></span> <span class='ocrx_word' id='word_1_242' title='bbox 1263 3497 1428 3555; x_wconf 86' lang='lat' dir='ltr'><strong>facile</strong></span> <span class='ocrx_word' id='word_1_243' title='bbox 1469 3515 1833 3556; x_wconf 82' lang='lat' dir='ltr'><strong>nummorum</strong></span> <span class='ocrx_word' id='word_1_244' title='bbox 1881 3499 2249 3557; x_wconf 85' lang='lat' dir='ltr'><strong>commutatio</strong></span> <span class='ocrx_word' id='word_1_245' title='bbox 2273 3499 2444 3555; x_wconf 85' lang='lat' dir='ltr'><strong>fiebat</strong></span> <span class='ocrx_word' id='word_1_246' title='bbox 2468 3498 2681 3567; x_wconf 82' lang='lat' dir='ltr'><strong>absque</strong></span> 
     </span>
     <span class='ocr_line' id='line_1_29' title="bbox 495 3594 2681 3674; baseline -0 -23"><span class='ocrx_word' id='word_1_247' title='bbox 495 3594 728 3670; x_wconf 84' lang='lat' dir='ltr'><strong>justitiae</strong></span> <span class='ocrx_word' id='word_1_248' title='bbox 755 3594 1014 3653; x_wconf 85' lang='lat' dir='ltr'><strong>laesione.</strong></span> <span class='ocrx_word' id='word_1_249' title='bbox 1096 3596 1188 3663; x_wconf 87' lang='lat' dir='ltr'><strong>De</strong></span> <span class='ocrx_word' id='word_1_250' title='bbox 1215 3596 1306 3653; x_wconf 87' lang='lat' dir='ltr'><strong>his</strong></span> <span class='ocrx_word' id='word_1_251' title='bbox 1332 3597 1550 3655; x_wconf 88' lang='lat' dir='ltr'><strong>erudite</strong></span> <span class='ocrx_word' id='word_1_252' title='bbox 1578 3596 1845 3655; x_wconf 86' lang='lat' dir='ltr'><strong>disseruit</strong></span> <span class='ocrx_word' id='word_1_253' title='bbox 1872 3598 1941 3655; x_wconf 89' lang='lat' dir='ltr'><strong>P.</strong></span> <span class='ocrx_word' id='word_1_254' title='bbox 1970 3599 2187 3656; x_wconf 84' lang='lat' dir='ltr'><strong>Paulus</strong></span> <span class='ocrx_word' id='word_1_255' title='bbox 2225 3597 2528 3674; x_wconf 79' lang='lat' dir='ltr'><strong>Laymann</strong></span> <span class='ocrx_word' id='word_1_256' title='bbox 2555 3614 2586 3651; x_wconf 92' lang='lat' dir='ltr'><strong>e</strong></span> <span class='ocrx_word' id='word_1_257' title='bbox 2614 3594 2681 3651; x_wconf 81' lang='lat' dir='ltr'><strong>S.</strong></span> 
     </span>
     <span class='ocr_line' id='line_1_30' title="bbox 435 3684 2681 3773; baseline 0.001 -24"><span class='ocrx_word' id='word_1_258' title='bbox 435 3692 440 3697; x_wconf 73' lang='grc'><em>’</em></span> <span class='ocrx_word' id='word_1_259' title='bbox 501 3684 715 3764; x_wconf 54' lang='lat' dir='ltr'><strong>J.²1qui</strong></span> <span class='ocrx_word' id='word_1_260' title='bbox 741 3694 814 3750; x_wconf 91' lang='lat' dir='ltr'><strong>iis</strong></span> <span class='ocrx_word' id='word_1_261' title='bbox 841 3695 1188 3769; x_wconf 87' lang='lat' dir='ltr'><strong>temporibus</strong></span> <span class='ocrx_word' id='word_1_262' title='bbox 1216 3694 1411 3753; x_wconf 86' lang='lat' dir='ltr'><strong>floruit</strong></span> <span class='ocrx_word' id='word_1_263' title='bbox 1437 3696 1496 3753; x_wconf 90' lang='lat' dir='ltr'><strong>in</strong></span> <span class='ocrx_word' id='word_1_264' title='bbox 1521 3696 1727 3768; x_wconf 87' lang='lat' dir='ltr'><strong>quibus</strong></span> <span class='ocrx_word' id='word_1_265' title='bbox 1754 3698 1963 3773; x_wconf 88' lang='lat' dir='ltr'><strong>saepius</strong></span> <span class='ocrx_word' id='word_1_266' title='bbox 1992 3714 2356 3754; x_wconf 85' lang='lat' dir='ltr'><strong>nummorum</strong></span> <span class='ocrx_word' id='word_1_267' title='bbox 2376 3694 2533 3752; x_wconf 79' lang='lat' dir='ltr'><strong>valor</strong></span> <span class='ocrx_word' id='word_1_268' title='bbox 2558 3712 2681 3751; x_wconf 88' lang='lat' dir='ltr'><strong>mu-</strong></span> 
     </span>
     <span class='ocr_line' id='line_1_31' title="bbox 503 3790 2681 3871; baseline 0.001 -24"><span class='ocrx_word' id='word_1_269' title='bbox 503 3799 648 3847; x_wconf 90' lang='lat' dir='ltr'><strong>tatus</strong></span> <span class='ocrx_word' id='word_1_270' title='bbox 675 3801 783 3849; x_wconf 88' lang='lat' dir='ltr'><strong>est.</strong></span> <span class='ocrx_word' id='word_1_271' title='bbox 868 3790 1112 3850; x_wconf 82' lang='lat' dir='ltr'><strong>Censuit</strong></span> <span class='ocrx_word' id='word_1_272' title='bbox 1148 3794 1272 3870; x_wconf 89' lang='lat' dir='ltr'><strong>ipse</strong></span> <span class='ocrx_word' id='word_1_273' title='bbox 1299 3795 1498 3870; x_wconf 88' lang='lat' dir='ltr'><strong>populi</strong></span> <span class='ocrx_word' id='word_1_274' title='bbox 1526 3812 1893 3861; x_wconf 83' lang='lat' dir='ltr'><strong>consensum,</strong></span> <span class='ocrx_word' id='word_1_275' title='bbox 1930 3804 2135 3871; x_wconf 81' lang='lat' dir='ltr'><strong>praeter</strong></span> <span class='ocrx_word' id='word_1_276' title='bbox 2158 3814 2389 3853; x_wconf 71' lang='lat' dir='ltr'><strong>causam</strong></span> <span class='ocrx_word' id='word_1_277' title='bbox 2416 3792 2681 3870; x_wconf 84' lang='lat' dir='ltr'><strong>gravissi-</strong></span> 
     </span>
     <span class='ocr_line' id='line_1_32' title="bbox 504 3888 2687 3965; baseline 0.003 -24"><span class='ocrx_word' id='word_1_278' title='bbox 504 3906 685 3955; x_wconf 87' lang='lat' dir='ltr'><strong>mam,</strong></span> <span class='ocrx_word' id='word_1_279' title='bbox 713 3888 1046 3965; x_wconf 85' lang='lat' dir='ltr'><strong>plerumque</strong></span> <span class='ocrx_word' id='word_1_280' title='bbox 1072 3892 1306 3964; x_wconf 76' lang='lat' dir='ltr'><strong>requiri,</strong></span> <span class='ocrx_word' id='word_1_281' title='bbox 1321 3902 1384 3949; x_wconf 91' lang='lat' dir='ltr'><strong>ut</strong></span> <span class='ocrx_word' id='word_1_282' title='bbox 1407 3902 1764 3951; x_wconf 88' lang='lat' dir='ltr'><strong>monetarum</strong></span> <span class='ocrx_word' id='word_1_283' title='bbox 1790 3894 1945 3952; x_wconf 87' lang='lat' dir='ltr'><strong>valor</strong></span> <span class='ocrx_word' id='word_1_284' title='bbox 1970 3904 2234 3961; x_wconf 71' lang='lat' dir='ltr'><strong>mutetur,</strong></span> <span class='ocrx_word' id='word_1_285' title='bbox 2254 3894 2511 3951; x_wconf 83' lang='lat' dir='ltr'><strong>omniurn</strong></span> <span class='ocrx_word' id='word_1_286' title='bbox 2530 3891 2687 3948; x_wconf 86' lang='lat' dir='ltr'><strong>enim</strong></span> 
     </span>
     <span class='ocr_line' id='line_1_33' title="bbox 504 3982 2684 4069; baseline 0.001 -26"><span class='ocrx_word' id='word_1_287' title='bbox 504 3988 757 4054; x_wconf 89' lang='lat' dir='ltr'><strong>interest,</strong></span> <span class='ocrx_word' id='word_1_288' title='bbox 801 3996 860 4044; x_wconf 88' lang='lat' dir='ltr'><strong>et</strong></span> <span class='ocrx_word' id='word_1_289' title='bbox 903 3996 941 4023; x_wconf 80' lang='lat'><strong>‘⁴</strong></span> <span class='ocrx_word' id='word_1_290' title='bbox 965 3989 1117 4061; x_wconf 91' lang='lat' dir='ltr'><strong>quod</strong></span> <span class='ocrx_word' id='word_1_291' title='bbox 1163 4008 1364 4047; x_wconf 86' lang='lat' dir='ltr'><strong>omnes</strong></span> <span class='ocrx_word' id='word_1_292' title='bbox 1411 3993 1607 4067; x_wconf 84' lang='lat' dir='ltr'><strong>tangit,</strong></span> <span class='ocrx_word' id='word_1_293' title='bbox 1654 3992 1723 4047; x_wconf 86' lang='lat' dir='ltr'><strong>ab</strong></span> <span class='ocrx_word' id='word_1_294' title='bbox 1768 3993 2033 4051; x_wconf 85' lang='lat' dir='ltr'><strong>omnibus</strong></span> <span class='ocrx_word' id='word_1_295' title='bbox 2076 3993 2374 4069; x_wconf 86' lang='lat' dir='ltr'><strong>approbari</strong></span> <span class='ocrx_word' id='word_1_296' title='bbox 2416 3982 2684 4048; x_wconf 79' lang='lat' dir='ltr'><strong>debet.”²</strong></span> 
     </span>
     <span class='ocr_line' id='line_1_34' title="bbox 507 4085 2685 4167; baseline 0.001 -25"><span class='ocrx_word' id='word_1_297' title='bbox 507 4085 828 4143; x_wconf 88' lang='lat' dir='ltr'><strong>Mutatione</strong></span> <span class='ocrx_word' id='word_1_298' title='bbox 873 4096 1060 4143; x_wconf 89' lang='lat' dir='ltr'><strong>autem</strong></span> <span class='ocrx_word' id='word_1_299' title='bbox 1107 4087 1270 4155; x_wconf 88' lang='lat' dir='ltr'><strong>facta,</strong></span> <span class='ocrx_word' id='word_1_300' title='bbox 1312 4098 1630 4147; x_wconf 88' lang='lat' dir='ltr'><strong>contractus</strong></span> <span class='ocrx_word' id='word_1_301' title='bbox 1676 4092 1835 4165; x_wconf 90' lang='lat' dir='ltr'><strong>prius</strong></span> <span class='ocrx_word' id='word_1_302' title='bbox 1879 4091 2003 4149; x_wconf 91' lang='lat' dir='ltr'><strong>initi</strong></span> <span class='ocrx_word' id='word_1_303' title='bbox 2046 4090 2377 4167; x_wconf 85' lang='lat' dir='ltr'><strong>perficiendi</strong></span> <span class='ocrx_word' id='word_1_304' title='bbox 2421 4089 2685 4145; x_wconf 87' lang='lat' dir='ltr'><strong>videntur</strong></span> 
     </span>
     <span class='ocr_line' id='line_1_35' title="bbox 506 4184 2683 4261; baseline 0.002 -22"><span class='ocrx_word' id='word_1_305' title='bbox 506 4184 697 4241; x_wconf 83' lang='lat' dir='ltr'><strong>valore</strong></span> <span class='ocrx_word' id='word_1_306' title='bbox 725 4184 1082 4242; x_wconf 88' lang='lat' dir='ltr'><strong>metallorum</strong></span> <span class='ocrx_word' id='word_1_307' title='bbox 1104 4195 1208 4261; x_wconf 89' lang='lat' dir='ltr'><strong>per</strong></span> <span class='ocrx_word' id='word_1_308' title='bbox 1231 4204 1294 4243; x_wconf 85' lang='lat' dir='ltr'><strong>se</strong></span> <span class='ocrx_word' id='word_1_309' title='bbox 1335 4196 1605 4261; x_wconf 81' lang='lat' dir='ltr'><strong>spectato,</strong></span> <span class='ocrx_word' id='word_1_310' title='bbox 1635 4184 1733 4261; x_wconf 79' lang='lat' dir='ltr'><strong>qu&#39;i</strong></span> <span class='ocrx_word' id='word_1_311' title='bbox 1772 4190 1925 4248; x_wconf 90' lang='lat' dir='ltr'><strong>enim</strong></span> <span class='ocrx_word' id='word_1_312' title='bbox 1966 4201 2193 4249; x_wconf 88' lang='lat' dir='ltr'><strong>centum</strong></span> <span class='ocrx_word' id='word_1_313' title='bbox 2226 4208 2427 4247; x_wconf 89' lang='lat' dir='ltr'><strong>aureos</strong></span> <span class='ocrx_word' id='word_1_314' title='bbox 2455 4197 2683 4245; x_wconf 88' lang='lat' dir='ltr'><strong>mutuos</strong></span> 
     </span>
    </p>
   </div>
   <div class='ocr_carea' id='block_1_5' title="bbox 578 4367 2676 4525">
    <p class='ocr_par' dir='ltr' id='par_1_5' title="bbox 578 4367 2676 4525">
     <span class='ocr_line' id='line_1_36' title="bbox 578 4367 2676 4447; baseline 0.002 -25"><span class='ocrx_word' id='word_1_315' title='bbox 578 4375 662 4440; x_wconf 87' lang='lat' dir='ltr'><strong>(l)</strong></span> <span class='ocrx_word' id='word_1_316' title='bbox 703 4373 780 4423; x_wconf 85' lang='lat' dir='ltr'><strong>De</strong></span> <span class='ocrx_word' id='word_1_317' title='bbox 800 4374 830 4423; x_wconf 89' lang='lat' dir='ltr'>J</span> <span class='ocrx_word' id='word_1_318' title='bbox 833 4373 997 4423; x_wconf 85' lang='lat' dir='ltr'><strong>ustitia</strong></span> <span class='ocrx_word' id='word_1_319' title='bbox 1018 4374 1181 4423; x_wconf 80' lang='lat' dir='ltr'><strong>Tract.</strong></span> <span class='ocrx_word' id='word_1_320' title='bbox 1202 4375 1269 4425; x_wconf 84' lang='lat' dir='ltr'><strong>iii.</strong></span> <span class='ocrx_word' id='word_1_321' title='bbox 1291 4391 1392 4440; x_wconf 78' lang='lat' dir='ltr'><strong>par.</strong></span> <span class='ocrx_word' id='word_1_322' title='bbox 1414 4378 1446 4426; x_wconf 90' lang='lat' dir='ltr'><strong>i.</strong></span> <span class='ocrx_word' id='word_1_323' title='bbox 1469 4392 1574 4441; x_wconf 83' lang='lat' dir='ltr'><strong>cap.</strong></span> <span class='ocrx_word' id='word_1_324' title='bbox 1596 4394 1642 4426; x_wconf 82' lang='lat' dir='ltr'><strong>v.</strong></span> <span class='ocrx_word' id='word_1_325' title='bbox 1682 4379 1759 4429; x_wconf 84' lang='lat' dir='ltr'><strong>De</strong></span> <span class='ocrx_word' id='word_1_326' title='bbox 1780 4384 1987 4429; x_wconf 62' lang='lat' dir='ltr'><strong>monetae</strong></span> <span class='ocrx_word' id='word_1_327' title='bbox 2008 4378 2283 4447; x_wconf 77' lang='lat' dir='ltr'><strong>falsatione</strong></span> <span class='ocrx_word' id='word_1_328' title='bbox 2304 4396 2363 4431; x_wconf 82' lang='lat' dir='ltr'><strong>ac</strong></span> <span class='ocrx_word' id='word_1_329' title='bbox 2384 4367 2676 4429; x_wconf 60' lang='lat' dir='ltr'><strong>mutatione.</strong></span> 
     </span>
     <span class='ocr_line' id='line_1_37' title="bbox 579 4459 1126 4525; baseline 0 -18"><span class='ocrx_word' id='word_1_330' title='bbox 579 4460 663 4525; x_wconf 82' lang='lat'><strong>(2)</strong></span> <span class='ocrx_word' id='word_1_331' title='bbox 702 4459 820 4520; x_wconf 82' lang='lat' dir='ltr'><strong>ch.</strong></span> <span class='ocrx_word' id='word_1_332' title='bbox 843 4459 981 4507; x_wconf 84' lang='lat' dir='ltr'><strong>xxix.</strong></span> <span class='ocrx_word' id='word_1_333' title='bbox 1002 4459 1056 4509; x_wconf 89' lang='lat' dir='ltr'><strong>in</strong></span> <span class='ocrx_word' id='word_1_334' title='bbox 1079 4462 1126 4507; x_wconf 88' lang='grc'><strong>6.</strong></span> 
     </span>
    </p>
   </div>
   <div class='ocr_carea' id='block_1_6' title="bbox 3101 1074 3106 1741">
    <p class='ocr_par' dir='ltr' id='par_1_6' title="bbox 3101 1074 3106 1741">
     <span class='ocr_line' id='line_1_38' title="bbox 3101 1074 3106 1741; baseline 0 0"><span class='ocrx_word' id='word_1_335' title='bbox 3101 1074 3106 1741; x_wconf 95' lang='lat' dir='ltr'><strong> </strong></span> 
     </span>
    </p>
   </div>
  </div>
 </body>
</html>
