3117 5217
1239 575 1354 637 DE
1397 576 1787 638 DOMINIS.
2538 585 2617 638 45

431 757 546 806 tem
573 749 630 807 ei
655 747 762 805 hac
804 749 1020 808 ratione
1047 748 1346 825 contingit,
1391 748 1485 807 vel
1523 750 1827 807 occasione
1867 747 2213 827 baptizandi,
2255 748 2346 805 vel
2392 749 2620 825 nuptias

429 847 772 915 celebrandi,
813 847 904 905 vel
947 848 1105 916 alias,
1138 847 1308 924 juxta
1346 848 1472 925 pias
1511 857 1571 904 et
1618 846 1927 905 laudabiles
1968 846 2427 915 consuetudines,
2474 849 2621 905 inter

432 946 579 1003 bona
603 948 766 1017 quasi
808 947 1224 1023 patrimonialia
1259 955 1605 1014 recensetur,
1654 964 1895 1019 quorum
1932 947 2176 1005 liberum
2217 945 2535 1005 dominium
2564 946 2619 1003 ei

435 1042 804 1103 conceditur:
835 1046 916 1103 uti
941 1064 1018 1103 ex
1041 1046 1416 1123 responsione
1437 1045 1504 1103 S.
1527 1044 1968 1103 Poenitentiariae
1987 1046 2106 1122 jam
2125 1044 2349 1103 laudata
2364 1044 2620 1102 habetur.

431 1141 546 1199 His
571 1154 759 1201 autem
787 1146 864 1201 ita
887 1146 972 1203 uti
995 1153 1238 1221 oportet,
1265 1154 1328 1201 ut
1365 1162 1526 1201 sacra
1551 1145 1673 1201 auri
1699 1144 1851 1202 fame
1878 1162 1993 1203 non
2034 1154 2247 1221 agatur,
2276 1143 2377 1201 sed
2405 1160 2617 1220 paupe·

431 1241 584 1297 ribus
611 1244 944 1310 subveniat;
985 1243 1274 1301 charitatis
1301 1243 1454 1301 enim
1492 1242 1624 1317 lege
1648 1244 1935 1319 praecipue
1973 1242 2221 1319 ligantur
2263 1240 2484 1300 Christi
2516 1242 2622 1299 mi-

433 1340 618 1397 nistri.

513 1441 614 1495 36.
657 1436 956 1510 Quidquid
981 1440 1042 1497 in
1069 1446 1284 1495 certum
1309 1437 1558 1511 aliquem
1586 1458 1752 1498 usum
1778 1460 1811 1497 a
1828 1438 2089 1497 fidelibus
2108 1439 2373 1497 collatum
2394 1448 2517 1505 est;
2544 1456 2617 1495 v:

434 1554 476 1611 g
499 1554 514 1592 ε
544 1538 604 1594 in
631 1537 1021 1612 orphanorum
1047 1538 1539 1605 sustentationem,
1561 1538 1651 1595 vel
1678 1556 1994 1615 pauperum
2014 1538 2297 1606 levamen,
2320 1537 2467 1595 sicut
2490 1555 2625 1595 con·

433 1637 622 1693 suevit
647 1634 792 1702 fieri,
819 1636 1194 1694 concionibus
1223 1654 1364 1708 quas
1397 1635 1593 1694 dicunt
1618 1637 1907 1695 charitatis
1935 1637 2160 1704 habitis,
2190 1645 2381 1695 sancte
2406 1646 2495 1693 est
2520 1636 2625 1693 im·

435 1733 802 1809 pendendum
821 1735 994 1811 juxta
1017 1734 1434 1793 conferentium
1461 1736 1805 1795 consilium:
1848 1754 1954 1795 nec
1994 1736 2119 1794 sine
2148 1736 2419 1812 injustitia
2444 1734 2623 1792 mani-

431 1832 596 1901 festa,
627 1851 754 1905 quae
778 1833 1114 1892 restituendi
1155 1833 1264 1892 sert
1301 1835 1720 1904 necessitatem,
1748 1835 1860 1893 alio
1898 1834 2245 1893 distrahitur.

1085 2060 1137 2131 §.
1177 2059 1286 2117 IV.
1329 2058 1426 2117 DE
1468 2078 1960 2118 mursuflium.

514 2252 614 2307 37.
657 2249 800 2315 Quae
829 2248 1180 2307 filiifamilias
1207 2248 1463 2307 nondum
1483 2248 1825 2326 emancipati
1851 2248 2079 2315 habent,
2102 2248 2273 2305 variis
2299 2249 2627 2306 nominibus

437 2348 646 2423 injure
673 2348 824 2406 civili
849 2349 1264 2425 insigniuntur-3
1293 2348 1648 2415 castrensia,
1678 2346 1913 2415 scilicet,
1935 2346 2115 2427 quasi
2136 2346 2492 2414 castrensia,
2522 2344 2627 2404 ad-

435 2445 712 2513 ventitia,
737 2457 794 2503 et
807 2444 1178 2526 profectitia.
1227 2446 1583 2505 Castrensia
1602 2446 1867 2504 dicuntur
1886 2465 2011 2518 quae
2030 2446 2394 2517 acquiruntur
2411 2445 2627 2503 militiae

439 2544 677 2611 ratione,
707 2544 988 2620 stipendia
1015 2543 1298 2613 faciendo,
1317 2544 1409 2602 vel
1437 2546 1494 2602 in
1524 2545 1801 2621 principis
1830 2543 1958 2601 aula
1983 2544 2259 2615 obsequia
2278 2543 2625 2619 praestando,

437 2642 528 2699 vel
557 2643 616 2699 in
643 2643 787 2699 arcis
815 2643 1092 2701 custodia.
1177 2643 1406 2701 Horum
1437 2643 1670 2718 plenum
1696 2642 2017 2699 dominium
2042 2651 2101 2698 et
2125 2659 2263 2698 usus
2290 2641 2360 2697 iis
2393 2641 2624 2717 permit·

437 2750 648 2798 tuntur.
739 2739 1292 2811 Quasi-castrensia
1315 2749 1607 2807 vocantur,
1638 2758 1765 2812 quae
1791 2739 2163 2796 castrensium
2190 2738 2369 2795 instar
2400 2739 2460 2795 in
2498 2738 2627 2815 lege

435 2839 733 2907 habentur,
756 2839 1012 2899 dominio
1039 2852 1098 2898 et
1119 2860 1226 2899 usu
1250 2858 1446 2899 eorum
1466 2838 1783 2906 concessis,
1806 2838 1943 2895 licet
1965 2855 2163 2913 reapse
2185 2854 2216 2893 a
2239 2837 2625 2895 castrensibus

435 2938 781 3021 discrepent.
867 2940 968 2997 Sic
1013 2958 1139 3011 quae
1185 2941 1426 2998 clericus
1469 2956 1543 2995 ex
1583 2938 1863 2995 beneficio
1904 2936 2311 3005 ecclesiastico,
2360 2935 2451 2993 vel
2488 2937 2625 2994 alias

438 3046 568 3113 post
607 3038 956 3105 clericatum,
1005 3039 1224 3113 recipit,
1265 3038 1388 3113 ejus
1433 3038 1867 3096 committuntur
1904 3036 2151 3094 arbitrio·
2236 3035 2379 3101 Quae
2420 3037 2625 3109 aliquis

439 3137 678 3208 acquirit
721 3156 794 3194 ex
837 3136 1032 3195 officio
1071 3136 1300 3213 publico
1338 3134 1490 3193 haud
1528 3136 1885 3203 mechanico,
1918 3154 1971 3191 v.
2002 3154 2062 3211 g.
2093 3133 2387 3202 advocati;
2416 3135 2507 3193 vel
2549 3154 2625 3192 ex

437 3235 794 3311 professione
821 3237 1074 3294 scientiae
1103 3246 1162 3293 et
1185 3237 1318 3293 artis
1357 3234 1607 3293 liberalis
1648 3235 1769 3311 pari
1811 3233 2111 3311 privilegio
2152 3232 2415 3309 gaudent.
2498 3231 2623 3291 Ad-

433 3334 690 3393 ventitia
741 3345 1142 3412 nuncupantur
1183 3354 1311 3407 quae
1345 3332 1737 3392 filio-familias
1778 3331 2102 3399 adveniunt,
2144 3350 2329 3404 neque
2370 3353 2402 3390 a
2440 3343 2620 3409 patre,

434 3452 620 3506 neque
649 3436 774 3511 ejus
802 3436 1004 3494 intuitu
1033 3455 1047 3493 ε
1089 3454 1159 3492 v:
1204 3453 1278 3511 g:
1323 3453 1398 3491 ex
1424 3433 1735 3492 amicorum
1764 3431 2088 3499 donatione,
2120 3430 2209 3487 vel
2252 3434 2621 3489 successione

434 3534 496 3591 in
522 3533 670 3590 bona
696 3543 966 3603 materna,
988 3536 1078 3593 vel
1103 3533 1294 3592 labore
1323 3532 1619 3591 artificiali.
1686 3528 2050 3611 Prqfectitia
2071 3528 2316 3601 denique
2339 3540 2470 3586 sunt
2496 3548 2625 3602 quse

437 3631 591 3689 filius
633 3633 874 3705 acquirit
910 3634 1000 3693 vel
1041 3653 1113 3692 ex
1155 3634 1330 3709 patris
1356 3632 1541 3701 bonis,
1573 3633 1645 3690 iis
1684 3628 2166 3693 administrandis,
2195 3626 2283 3683 vel
2326 3629 2499 3702 patris
2540 3628 2625 3684 in·

437 3732 602 3797 tuitu,
633 3742 766 3806 puta
791 3731 944 3791 dono
971 3733 1143 3809 patris
1169 3750 1308 3809 ergo
1332 3733 1388 3790 ei
1414 3731 1567 3789 dato.
1652 3730 1879 3787 Horum
1908 3726 2222 3785 dominium
2252 3734 2311 3782 et
2338 3724 2438 3800 jus
2478 3727 2623 3801 patri

438 3829 686 3887 tribuunt
723 3830 880 3906 leges
921 3832 1230 3899 Romanae;
1275 3849 1401 3903 quae
1440 3840 1498 3887 et
1529 3828 1963 3886 adventitiorum
1994 3824 2538 3882 administrationem
2568 3834 2626 3882 et

437 3929 852 3989 usumfructum
871 3932 922 3990 ei
942 3930 1248 3997 vindicant,
1277 3948 1475 3987 eorum
1503 3926 1761 3985 dominio
1786 3924 1981 3984 relicto
2006 3916 2174 3983 filio.¹
2259 3923 2369 3982 Hae
2395 3923 2627 3983 distinc-

439 4026 621 4085 tiones
649 4047 763 4088 non
794 4032 1148 4106 reperiuntur
1176 4030 1234 4087 in
1262 4028 1481 4103 legibus
1510 4025 1717 4099 quibus
1746 4025 1978 4092 utimur,
2008 4042 2113 4082 nec
2142 4024 2200 4081 in
2228 4024 2513 4101 Anglicis‚
2536 4021 2628 4080 vel

441 4124 684 4198 Gallicis
702 4127 993 4187 hodiernis
1012 4120 1062 4186 ε*
1086 4127 1188 4186 sed
1213 4145 1340 4200 quae
1369 4125 1438 4184 ad
1463 4126 1647 4185 filium
1676 4134 1827 4184 certo
1856 4125 2102 4200 quodam
2134 4122 2292 4196 titulo
2321 4124 2622 4201 pertinent,

1041 4326 1127 4392 (1)
1166 4324 1725 4375 L.ii.1nst.intit.9.·

1041 4412 1127 4476 (2)
1166 4409 1290 4460 cod.
1308 4409 2050 4461 civ.abart.371.adart.489.
