<?xml version="1.0" encoding="UTF-8"?>
<!DOCTYPE html PUBLIC "-//W3C//DTD XHTML 1.0 Transitional//EN"
    "http://www.w3.org/TR/xhtml1/DTD/xhtml1-transitional.dtd">
<html xmlns="http://www.w3.org/1999/xhtml" xml:lang="en" lang="en">
 <head>
  <title>
</title>
<meta http-equiv="Content-Type" content="text/html;charset=utf-8" />
  <meta name='ocr-system' content='tesseract 3.04.00' />
  <meta name='ocr-capabilities' content='ocr_page ocr_carea ocr_par ocr_line ocrx_word'/>
</head>
<body>
  <div class='ocr_page' id='page_1' title='image "./theologiaemoral00unkngoog_0271.png"; bbox 0 0 3117 5217; ppageno 0'>
   <div class='ocr_carea' id='block_1_1' title="bbox 1206 574 2638 635">
    <p class='ocr_par' dir='ltr' id='par_1_1' title="bbox 1206 574 2638 635">
     <span class='ocr_line' id='line_1_1' title="bbox 1206 574 2638 635; baseline -0.001 0"><span class='ocrx_word' id='word_1_1' title='bbox 1206 576 1319 635; x_wconf 90' lang='lat' dir='ltr'>DE</span> <span class='ocrx_word' id='word_1_2' title='bbox 1364 576 1537 635; x_wconf 92' lang='lat' dir='ltr'>BEN</span> <span class='ocrx_word' id='word_1_3' title='bbox 1542 574 1873 635; x_wconf 88' lang='lat' dir='ltr'>EFICIIS.</span> <span class='ocrx_word' id='word_1_4' title='bbox 2519 578 2638 633; x_wconf 77' lang='lat'>257</span> 
     </span>
    </p>
   </div>
   <div class='ocr_carea' id='block_1_2' title="bbox 458 738 2706 4356">
    <p class='ocr_par' dir='ltr' id='par_1_2' title="bbox 459 738 2642 895">
     <span class='ocr_line' id='line_1_2' title="bbox 459 738 2642 816; baseline 0.001 -21"><span class='ocrx_word' id='word_1_5' title='bbox 459 738 623 795; x_wconf 88' lang='lat' dir='ltr'>malis</span> <span class='ocrx_word' id='word_1_6' title='bbox 677 739 889 814; x_wconf 84' lang='lat' dir='ltr'><strong>pandit.</strong></span> <span class='ocrx_word' id='word_1_7' title='bbox 992 740 1275 807; x_wconf 84' lang='lat' dir='ltr'>Provisio‚</span> <span class='ocrx_word' id='word_1_8' title='bbox 1341 740 1564 797; x_wconf 89' lang='lat' dir='ltr'>scilicet</span> <span class='ocrx_word' id='word_1_9' title='bbox 1606 740 1706 816; x_wconf 86' lang='lat' dir='ltr'>jus</span> <span class='ocrx_word' id='word_1_10' title='bbox 1749 738 1884 811; x_wconf 76' lang='lat' dir='ltr'>inde</span> <span class='ocrx_word' id='word_1_11' title='bbox 1931 747 2214 807; x_wconf 82' lang='lat' dir='ltr'>secutum,</span> <span class='ocrx_word' id='word_1_12' title='bbox 2287 739 2502 799; x_wconf 87' lang='lat' dir='ltr'>nullius</span> <span class='ocrx_word' id='word_1_13' title='bbox 2553 748 2642 797; x_wconf 86' lang='lat' dir='ltr'>est</span> 
     </span>
     <span class='ocr_line' id='line_1_3' title="bbox 468 832 740 895; baseline 0.004 -2"><span class='ocrx_word' id='word_1_14' title='bbox 468 832 740 895; x_wconf 85' lang='lat' dir='ltr'>roboris.¹</span> 
     </span>
    </p>

    <p class='ocr_par' dir='ltr' id='par_1_3' title="bbox 458 930 2706 1801">
     <span class='ocr_line' id='line_1_4' title="bbox 542 930 2686 1011; baseline 0.001 -19"><span class='ocrx_word' id='word_1_15' title='bbox 542 939 641 993; x_wconf 83' lang='grc'>96.</span> <span class='ocrx_word' id='word_1_16' title='bbox 682 936 790 993; x_wconf 88' lang='lat' dir='ltr'>Jus</span> <span class='ocrx_word' id='word_1_17' title='bbox 818 945 1139 1011; x_wconf 86' lang='lat' dir='ltr'>patronatus</span> <span class='ocrx_word' id='word_1_18' title='bbox 1168 937 1489 1009; x_wconf 88' lang='lat' dir='ltr'>acquiritur,</span> <span class='ocrx_word' id='word_1_19' title='bbox 1518 936 1627 994; x_wconf 85' lang='lat' dir='ltr'>soli</span> <span class='ocrx_word' id='word_1_20' title='bbox 1666 936 1725 993; x_wconf 90' lang='lat' dir='ltr'>in</span> <span class='ocrx_word' id='word_1_21' title='bbox 1752 954 1868 1008; x_wconf 88' lang='lat' dir='ltr'>quo</span> <span class='ocrx_word' id='word_1_22' title='bbox 1895 934 2162 993; x_wconf 90' lang='lat' dir='ltr'>fundetur</span> <span class='ocrx_word' id='word_1_23' title='bbox 2201 930 2441 993; x_wconf 75' lang='lat' dir='ltr'>ecclesia</span> <span class='ocrx_word' id='word_1_24' title='bbox 2467 936 2640 995; x_wconf 89' lang='lat' dir='ltr'>dona·</span> <span class='ocrx_word' id='word_1_25' title='bbox 2679 974 2686 979; x_wconf 90' lang='lat'><em>·</em></span> 
     </span>
     <span class='ocr_line' id='line_1_5' title="bbox 462 1033 2641 1115; baseline 0.002 -26"><span class='ocrx_word' id='word_1_26' title='bbox 462 1034 634 1101; x_wconf 90' lang='lat' dir='ltr'>tione,</span> <span class='ocrx_word' id='word_1_27' title='bbox 664 1053 789 1106; x_wconf 86' lang='lat' dir='ltr'>quae</span> <span class='ocrx_word' id='word_1_28' title='bbox 816 1034 1021 1094; x_wconf 83' lang='lat' dir='ltr'>dicitur</span> <span class='ocrx_word' id='word_1_29' title='bbox 1038 1034 1437 1115; x_wconf 82' lang='lat' dir='ltr'><strong><em>fundatione,</em></strong></span> <span class='ocrx_word' id='word_1_30' title='bbox 1465 1034 1722 1091; x_wconf 88' lang='lat' dir='ltr'>ecclesiae</span> <span class='ocrx_word' id='word_1_31' title='bbox 1761 1034 2178 1112; x_wconf 57' lang='lat' dir='ltr'>aedificatione,</span> <span class='ocrx_word' id='word_1_32' title='bbox 2220 1044 2278 1091; x_wconf 89' lang='lat' dir='ltr'>et</span> <span class='ocrx_word' id='word_1_33' title='bbox 2315 1033 2641 1102; x_wconf 82' lang='lat' dir='ltr'>dotatione,</span> 
     </span>
     <span class='ocr_line' id='line_1_6' title="bbox 466 1132 2646 1211; baseline 0 -22"><span class='ocrx_word' id='word_1_34' title='bbox 466 1132 775 1191; x_wconf 78' lang='lat' dir='ltr'><strong>redditibus</strong></span> <span class='ocrx_word' id='word_1_35' title='bbox 802 1132 1130 1211; x_wconf 75' lang='lat' dir='ltr'>adsignatis,</span> <span class='ocrx_word' id='word_1_36' title='bbox 1215 1135 1281 1191; x_wconf 85' lang='lat' dir='ltr'>Si</span> <span class='ocrx_word' id='word_1_37' title='bbox 1308 1134 1376 1191; x_wconf 88' lang='lat' dir='ltr'>ab</span> <span class='ocrx_word' id='word_1_38' title='bbox 1402 1132 1606 1191; x_wconf 89' lang='lat' dir='ltr'>eodem</span> <span class='ocrx_word' id='word_1_39' title='bbox 1633 1133 1828 1190; x_wconf 89' lang='lat' dir='ltr'>omnia</span> <span class='ocrx_word' id='word_1_40' title='bbox 1865 1132 2018 1199; x_wconf 89' lang='lat' dir='ltr'>fiant,</span> <span class='ocrx_word' id='word_1_41' title='bbox 2056 1133 2154 1208; x_wconf 90' lang='lat' dir='ltr'>jus</span> <span class='ocrx_word' id='word_1_42' title='bbox 2185 1143 2513 1208; x_wconf 88' lang='lat' dir='ltr'>patronatus</span> <span class='ocrx_word' id='word_1_43' title='bbox 2553 1143 2646 1191; x_wconf 88' lang='lat' dir='ltr'>est</span> 
     </span>
     <span class='ocr_line' id='line_1_7' title="bbox 458 1231 2644 1307; baseline 0.001 -21"><span class='ocrx_word' id='word_1_44' title='bbox 458 1248 635 1305; x_wconf 86' lang='lat' dir='ltr'>penes</span> <span class='ocrx_word' id='word_1_45' title='bbox 663 1250 829 1289; x_wconf 88' lang='lat' dir='ltr'>eum:</span> <span class='ocrx_word' id='word_1_46' title='bbox 873 1233 923 1289; x_wconf 87' lang='lat' dir='ltr'>si</span> <span class='ocrx_word' id='word_1_47' title='bbox 950 1252 982 1289; x_wconf 88' lang='lat' dir='ltr'>a</span> <span class='ocrx_word' id='word_1_48' title='bbox 1007 1233 1285 1307; x_wconf 88' lang='lat' dir='ltr'>pluribus,</span> <span class='ocrx_word' id='word_1_49' title='bbox 1314 1242 1403 1287; x_wconf 88' lang='lat' dir='ltr'>est</span> <span class='ocrx_word' id='word_1_50' title='bbox 1428 1250 1606 1306; x_wconf 88' lang='lat' dir='ltr'>penes</span> <span class='ocrx_word' id='word_1_51' title='bbox 1640 1237 1869 1298; x_wconf 72' lang='lat' dir='ltr'>omnes;</span> <span class='ocrx_word' id='word_1_52' title='bbox 1895 1250 1968 1289; x_wconf 84' lang='lat' dir='ltr'>ex</span> <span class='ocrx_word' id='word_1_53' title='bbox 2009 1231 2255 1306; x_wconf 88' lang='lat' dir='ltr'>plurium</span> <span class='ocrx_word' id='word_1_54' title='bbox 2289 1231 2518 1290; x_wconf 89' lang='lat' dir='ltr'>arbitrio</span> <span class='ocrx_word' id='word_1_55' title='bbox 2545 1252 2644 1289; x_wconf 79' lang='lat' dir='ltr'>ex·-</span> 
     </span>
     <span class='ocr_line' id='line_1_8' title="bbox 459 1328 2643 1405; baseline 0.001 -20"><span class='ocrx_word' id='word_1_56' title='bbox 459 1328 785 1387; x_wconf 84' lang='lat' dir='ltr'>ercendum.</span> <span class='ocrx_word' id='word_1_57' title='bbox 871 1330 1111 1387; x_wconf 89' lang='lat' dir='ltr'>Nullum</span> <span class='ocrx_word' id='word_1_58' title='bbox 1140 1331 1447 1402; x_wconf 86' lang='lat' dir='ltr'>acquiritur</span> <span class='ocrx_word' id='word_1_59' title='bbox 1473 1328 1803 1405; x_wconf 87' lang='lat' dir='ltr'>hujusmodi</span> <span class='ocrx_word' id='word_1_60' title='bbox 1836 1331 1933 1405; x_wconf 88' lang='lat' dir='ltr'>jus</span> <span class='ocrx_word' id='word_1_61' title='bbox 1963 1329 2234 1387; x_wconf 85' lang='lat' dir='ltr'>aedificata</span> <span class='ocrx_word' id='word_1_62' title='bbox 2261 1331 2506 1387; x_wconf 88' lang='lat' dir='ltr'>ecclesia</span> <span class='ocrx_word' id='word_1_63' title='bbox 2533 1350 2643 1388; x_wconf 84' lang='lat' dir='ltr'>aere</span> 
     </span>
     <span class='ocr_line' id='line_1_9' title="bbox 462 1425 2706 1503; baseline 0.001 -20"><span class='ocrx_word' id='word_1_64' title='bbox 462 1425 767 1494; x_wconf 79' lang='lat' dir='ltr'>collatit103</span> <span class='ocrx_word' id='word_1_65' title='bbox 805 1429 897 1485; x_wconf 90' lang='lat' dir='ltr'>vel</span> <span class='ocrx_word' id='word_1_66' title='bbox 921 1429 1044 1486; x_wconf 87' lang='lat' dir='ltr'>sola</span> <span class='ocrx_word' id='word_1_67' title='bbox 1068 1428 1227 1486; x_wconf 89' lang='lat' dir='ltr'>fundi</span> <span class='ocrx_word' id='word_1_68' title='bbox 1255 1428 1581 1494; x_wconf 81' lang='lat' dir='ltr'>donatione,</span> <span class='ocrx_word' id='word_1_69' title='bbox 1611 1429 1821 1499; x_wconf 83' lang='lat' dir='ltr'>absque</span> <span class='ocrx_word' id='word_1_70' title='bbox 1850 1429 2084 1503; x_wconf 87' lang='lat' dir='ltr'>speciali</span> <span class='ocrx_word' id='word_1_71' title='bbox 2112 1428 2370 1503; x_wconf 86' lang='lat' dir='ltr'>episcopi</span> <span class='ocrx_word' id='word_1_72' title='bbox 2411 1448 2646 1487; x_wconf 89' lang='lat' dir='ltr'>conces·</span> <span class='ocrx_word' id='word_1_73' title='bbox 2690 1465 2706 1480; x_wconf 85' lang='lat'><strong>·</strong></span> 
     </span>
     <span class='ocr_line' id='line_1_10' title="bbox 462 1514 2648 1606; baseline 0.003 -27"><span class='ocrx_word' id='word_1_74' title='bbox 462 1525 647 1581; x_wconf 91' lang='lat' dir='ltr'>sione.</span> <span class='ocrx_word' id='word_1_75' title='bbox 734 1524 892 1584; x_wconf 91' lang='lat' dir='ltr'>Hinc</span> <span class='ocrx_word' id='word_1_76' title='bbox 918 1528 977 1583; x_wconf 88' lang='lat' dir='ltr'>in</span> <span class='ocrx_word' id='word_1_77' title='bbox 1004 1529 1243 1584; x_wconf 84' lang='lat' dir='ltr'>statibus</span> <span class='ocrx_word' id='word_1_78' title='bbox 1271 1526 1551 1583; x_wconf 85' lang='lat' dir='ltr'>foederatis</span> <span class='ocrx_word' id='word_1_79' title='bbox 1580 1527 1781 1584; x_wconf 88' lang='lat' dir='ltr'>nullibi</span> <span class='ocrx_word' id='word_1_80' title='bbox 1821 1514 2161 1602; x_wconf 79' lang='lat' dir='ltr'>agnoscitur.</span> <span class='ocrx_word' id='word_1_81' title='bbox 2245 1526 2282 1583; x_wconf 88' lang='lat' dir='ltr'>J</span> <span class='ocrx_word' id='word_1_82' title='bbox 2289 1546 2354 1584; x_wconf 88' lang='lat' dir='ltr'>us</span> <span class='ocrx_word' id='word_1_83' title='bbox 2390 1540 2648 1606; x_wconf 82' lang='lat' dir='ltr'>patrona-</span> 
     </span>
     <span class='ocr_line' id='line_1_11' title="bbox 464 1625 2646 1701; baseline 0.002 -24"><span class='ocrx_word' id='word_1_84' title='bbox 464 1630 551 1679; x_wconf 87' lang='lat' dir='ltr'>tus</span> <span class='ocrx_word' id='word_1_85' title='bbox 590 1642 667 1679; x_wconf 79' lang='lat' dir='ltr'>ex</span> <span class='ocrx_word' id='word_1_86' title='bbox 700 1625 845 1682; x_wconf 90' lang='lat' dir='ltr'>serie</span> <span class='ocrx_word' id='word_1_87' title='bbox 876 1626 1211 1701; x_wconf 86' lang='lat' dir='ltr'>longissima</span> <span class='ocrx_word' id='word_1_88' title='bbox 1248 1625 1749 1700; x_wconf 83' lang='lat' dir='ltr'>praescntationum</span> <span class='ocrx_word' id='word_1_89' title='bbox 1791 1626 2014 1700; x_wconf 83' lang='lat' dir='ltr'>probari</span> <span class='ocrx_word' id='word_1_90' title='bbox 2055 1633 2261 1700; x_wconf 88' lang='lat' dir='ltr'>potest,</span> <span class='ocrx_word' id='word_1_91' title='bbox 2303 1626 2408 1682; x_wconf 84' lang='lat' dir='ltr'>etsi</span> <span class='ocrx_word' id='word_1_92' title='bbox 2455 1626 2646 1684; x_wconf 90' lang='lat' dir='ltr'>titulus</span> 
     </span>
     <span class='ocr_line' id='line_1_12' title="bbox 461 1721 2339 1801; baseline 0.001 -24"><span class='ocrx_word' id='word_1_93' title='bbox 461 1739 579 1777; x_wconf 89' lang='lat' dir='ltr'>non</span> <span class='ocrx_word' id='word_1_94' title='bbox 608 1721 745 1779; x_wconf 85' lang='lat' dir='ltr'>alias</span> <span class='ocrx_word' id='word_1_95' title='bbox 774 1722 1003 1795; x_wconf 85' lang='lat' dir='ltr'>liqueat.</span> <span class='ocrx_word' id='word_1_96' title='bbox 1088 1724 1481 1781; x_wconf 77' lang='lat' dir='ltr'>concessione</span> <span class='ocrx_word' id='word_1_97' title='bbox 1510 1724 1686 1799; x_wconf 79' lang='lat' dir='ltr'>Papae</span> <span class='ocrx_word' id='word_1_98' title='bbox 1713 1722 1907 1781; x_wconf 83' lang='lat' dir='ltr'>haberi</span> <span class='ocrx_word' id='word_1_99' title='bbox 1933 1725 2104 1783; x_wconf 85' lang='lat' dir='ltr'>etiam</span> <span class='ocrx_word' id='word_1_100' title='bbox 2131 1732 2339 1801; x_wconf 85' lang='lat' dir='ltr'>potest.</span> 
     </span>
    </p>

    <p class='ocr_par' dir='ltr' id='par_1_4' title="bbox 460 1820 2651 2391">
     <span class='ocr_line' id='line_1_13' title="bbox 540 1820 2651 1899; baseline 0.001 -23"><span class='ocrx_word' id='word_1_101' title='bbox 540 1823 639 1877; x_wconf 87' lang='lat'>97.</span> <span class='ocrx_word' id='word_1_102' title='bbox 679 1821 716 1878; x_wconf 91' lang='lat' dir='ltr'><strong>J</strong></span> <span class='ocrx_word' id='word_1_103' title='bbox 722 1840 789 1878; x_wconf 87' lang='lat' dir='ltr'>us</span> <span class='ocrx_word' id='word_1_104' title='bbox 832 1831 1157 1897; x_wconf 86' lang='lat' dir='ltr'>patronatus</span> <span class='ocrx_word' id='word_1_105' title='bbox 1198 1820 1666 1881; x_wconf 71' lang='lat' dir='ltr'>ecclesiasticum</span> <span class='ocrx_word' id='word_1_106' title='bbox 1705 1820 1927 1890; x_wconf 89' lang='lat' dir='ltr'>dicitur,</span> <span class='ocrx_word' id='word_1_107' title='bbox 1971 1822 2124 1894; x_wconf 90' lang='lat' dir='ltr'>quod</span> <span class='ocrx_word' id='word_1_108' title='bbox 2171 1821 2339 1881; x_wconf 85' lang='lat' dir='ltr'>alicui</span> <span class='ocrx_word' id='word_1_109' title='bbox 2379 1824 2651 1899; x_wconf 88' lang='lat' dir='ltr'>competit</span> 
     </span>
     <span class='ocr_line' id='line_1_14' title="bbox 460 1916 2649 1997; baseline 0.001 -22"><span class='ocrx_word' id='word_1_110' title='bbox 460 1919 676 1976; x_wconf 89' lang='lat' dir='ltr'>ratione</span> <span class='ocrx_word' id='word_1_111' title='bbox 718 1920 983 1979; x_wconf 88' lang='lat' dir='ltr'>beneficii</span> <span class='ocrx_word' id='word_1_112' title='bbox 1028 1920 1181 1993; x_wconf 90' lang='lat' dir='ltr'>quod</span> <span class='ocrx_word' id='word_1_113' title='bbox 1220 1923 1343 1997; x_wconf 87' lang='lat' dir='ltr'>ipse</span> <span class='ocrx_word' id='word_1_114' title='bbox 1386 1920 1662 1996; x_wconf 84' lang='lat' dir='ltr'>possidet,</span> <span class='ocrx_word' id='word_1_115' title='bbox 1704 1940 1773 1976; x_wconf 87' lang='lat' dir='ltr'>v:</span> <span class='ocrx_word' id='word_1_116' title='bbox 1819 1940 1889 1995; x_wconf 88' lang='lat' dir='ltr'>g:</span> <span class='ocrx_word' id='word_1_117' title='bbox 1929 1921 2326 1995; x_wconf 81' lang='lat' dir='ltr'>episcopatus:</span> <span class='ocrx_word' id='word_1_118' title='bbox 2360 1920 2552 1977; x_wconf 79' lang='lat' dir='ltr'>velex</span> <span class='ocrx_word' id='word_1_119' title='bbox 2579 1916 2649 1979; x_wconf 72' lang='grc' dir='ltr'>ἕο</span> 
     </span>
     <span class='ocr_line' id='line_1_15' title="bbox 464 2017 2648 2088; baseline 0.002 -15"><span class='ocrx_word' id='word_1_120' title='bbox 464 2018 617 2087; x_wconf 91' lang='lat' dir='ltr'>quod</span> <span class='ocrx_word' id='word_1_121' title='bbox 643 2018 715 2075; x_wconf 92' lang='lat' dir='ltr'>de</span> <span class='ocrx_word' id='word_1_122' title='bbox 736 2019 897 2077; x_wconf 85' lang='lat' dir='ltr'>bonis</span> <span class='ocrx_word' id='word_1_123' title='bbox 918 2018 1316 2077; x_wconf 86' lang='lat' dir='ltr'>ecclesiasticis</span> <span class='ocrx_word' id='word_1_124' title='bbox 1338 2020 1680 2077; x_wconf 88' lang='lat' dir='ltr'>beneficium</span> <span class='ocrx_word' id='word_1_125' title='bbox 1700 2017 1966 2086; x_wconf 87' lang='lat' dir='ltr'>fundarit,</span> <span class='ocrx_word' id='word_1_126' title='bbox 1989 2019 2080 2075; x_wconf 86' lang='lat' dir='ltr'>vel</span> <span class='ocrx_word' id='word_1_127' title='bbox 2107 2018 2329 2075; x_wconf 89' lang='lat' dir='ltr'>dotarit.</span> <span class='ocrx_word' id='word_1_128' title='bbox 2385 2018 2648 2088; x_wconf 75' lang='lat' dir='ltr'>Laicum</span> 
     </span>
     <span class='ocr_line' id='line_1_16' title="bbox 462 2114 2648 2188; baseline 0.002 -17"><span class='ocrx_word' id='word_1_129' title='bbox 462 2114 667 2173; x_wconf 88' lang='lat' dir='ltr'>dicitur</span> <span class='ocrx_word' id='word_1_130' title='bbox 692 2119 846 2188; x_wconf 91' lang='lat' dir='ltr'>quod</span> <span class='ocrx_word' id='word_1_131' title='bbox 871 2136 947 2174; x_wconf 89' lang='lat' dir='ltr'>ex</span> <span class='ocrx_word' id='word_1_132' title='bbox 972 2116 1220 2184; x_wconf 87' lang='lat' dir='ltr'>fundata,</span> <span class='ocrx_word' id='word_1_133' title='bbox 1250 2118 1541 2184; x_wconf 80' lang='lat' dir='ltr'>aedificata,</span> <span class='ocrx_word' id='word_1_134' title='bbox 1571 2117 1662 2174; x_wconf 88' lang='lat' dir='ltr'>vel</span> <span class='ocrx_word' id='word_1_135' title='bbox 1688 2116 1876 2174; x_wconf 87' lang='lat' dir='ltr'>dotata</span> <span class='ocrx_word' id='word_1_136' title='bbox 1901 2118 2163 2185; x_wconf 89' lang='lat' dir='ltr'>ecclesia,</span> <span class='ocrx_word' id='word_1_137' title='bbox 2187 2137 2220 2175; x_wconf 91' lang='lat' dir='ltr'>a</span> <span class='ocrx_word' id='word_1_138' title='bbox 2245 2136 2330 2185; x_wconf 87' lang='lat' dir='ltr'>se,</span> <span class='ocrx_word' id='word_1_139' title='bbox 2351 2117 2442 2173; x_wconf 86' lang='lat' dir='ltr'>vel</span> <span class='ocrx_word' id='word_1_140' title='bbox 2468 2138 2501 2174; x_wconf 86' lang='lat' dir='ltr'>a</span> <span class='ocrx_word' id='word_1_141' title='bbox 2529 2119 2648 2176; x_wconf 85' lang='lat' dir='ltr'>suis</span> 
     </span>
     <span class='ocr_line' id='line_1_17' title="bbox 460 2200 2644 2291; baseline 0.001 -21"><span class='ocrx_word' id='word_1_142' title='bbox 460 2206 793 2289; x_wconf 71' lang='lat' dir='ltr'>majoribu8‚</span> <span class='ocrx_word' id='word_1_143' title='bbox 834 2218 1028 2274; x_wconf 90' lang='lat' dir='ltr'>oritur.</span> <span class='ocrx_word' id='word_1_144' title='bbox 1112 2200 1348 2274; x_wconf 78' lang='lat' dir='ltr'>Laicum</span> <span class='ocrx_word' id='word_1_145' title='bbox 1390 2216 1732 2281; x_wconf 83' lang='lat' dir='ltr'>censebitur,</span> <span class='ocrx_word' id='word_1_146' title='bbox 1760 2215 1892 2273; x_wconf 91' lang='lat' dir='ltr'>licet</span> <span class='ocrx_word' id='word_1_147' title='bbox 1936 2234 2114 2291; x_wconf 87' lang='lat' dir='ltr'>penes</span> <span class='ocrx_word' id='word_1_148' title='bbox 2155 2214 2508 2273; x_wconf 84' lang='lat' dir='ltr'>sacerdotem</span> <span class='ocrx_word' id='word_1_149' title='bbox 2551 2218 2644 2284; x_wconf 89' lang='lat' dir='ltr'>sit,</span> 
     </span>
     <span class='ocr_line' id='line_1_18' title="bbox 466 2312 1537 2391; baseline 0.004 -24"><span class='ocrx_word' id='word_1_150' title='bbox 466 2312 563 2382; x_wconf 88' lang='lat' dir='ltr'>qui</span> <span class='ocrx_word' id='word_1_151' title='bbox 581 2313 711 2387; x_wconf 87' lang='lat' dir='ltr'>jure</span> <span class='ocrx_word' id='word_1_152' title='bbox 740 2316 1020 2391; x_wconf 88' lang='lat' dir='ltr'>majorum</span> <span class='ocrx_word' id='word_1_153' title='bbox 1050 2333 1282 2372; x_wconf 89' lang='lat' dir='ltr'>suorum</span> <span class='ocrx_word' id='word_1_154' title='bbox 1320 2315 1537 2373; x_wconf 84' lang='lat' dir='ltr'>fruitur.</span> 
     </span>
    </p>

    <p class='ocr_par' dir='ltr' id='par_1_5' title="bbox 459 2410 2656 4135">
     <span class='ocr_line' id='line_1_19' title="bbox 545 2410 2648 2484; baseline 0.003 -19"><span class='ocrx_word' id='word_1_155' title='bbox 545 2412 644 2465; x_wconf 87' lang='grc'>98.</span> <span class='ocrx_word' id='word_1_156' title='bbox 686 2411 933 2468; x_wconf 89' lang='lat' dir='ltr'>Patrono</span> <span class='ocrx_word' id='word_1_157' title='bbox 972 2411 1125 2469; x_wconf 41' lang='lat' dir='ltr'>laico,</span> <span class='ocrx_word' id='word_1_158' title='bbox 1148 2410 1531 2471; x_wconf 87' lang='lat' dir='ltr'>conceduntur</span> <span class='ocrx_word' id='word_1_159' title='bbox 1573 2421 1809 2484; x_wconf 90' lang='lat' dir='ltr'>quatuor</span> <span class='ocrx_word' id='word_1_160' title='bbox 1849 2432 2078 2471; x_wconf 89' lang='lat' dir='ltr'>menses</span> <span class='ocrx_word' id='word_1_161' title='bbox 2108 2433 2140 2469; x_wconf 91' lang='lat' dir='ltr'>a</span> <span class='ocrx_word' id='word_1_162' title='bbox 2165 2412 2257 2470; x_wconf 92' lang='lat' dir='ltr'>die</span> <span class='ocrx_word' id='word_1_163' title='bbox 2285 2431 2398 2484; x_wconf 91' lang='lat' dir='ltr'>quo</span> <span class='ocrx_word' id='word_1_164' title='bbox 2439 2413 2648 2471; x_wconf 90' lang='lat' dir='ltr'>benefi-</span> 
     </span>
     <span class='ocr_line' id='line_1_20' title="bbox 470 2506 2650 2584; baseline 0.004 -23"><span class='ocrx_word' id='word_1_165' title='bbox 470 2506 623 2562; x_wconf 89' lang='lat' dir='ltr'>cium</span> <span class='ocrx_word' id='word_1_166' title='bbox 658 2527 857 2568; x_wconf 86' lang='lat' dir='ltr'>vacare</span> <span class='ocrx_word' id='word_1_167' title='bbox 898 2511 1135 2575; x_wconf 88' lang='lat' dir='ltr'>noverit,</span> <span class='ocrx_word' id='word_1_168' title='bbox 1179 2520 1243 2566; x_wconf 91' lang='lat' dir='ltr'>ut</span> <span class='ocrx_word' id='word_1_169' title='bbox 1278 2519 1583 2584; x_wconf 68' lang='lat' dir='ltr'>praesentet</span> <span class='ocrx_word' id='word_1_170' title='bbox 1620 2508 1886 2567; x_wconf 87' lang='lat' dir='ltr'>idoneum</span> <span class='ocrx_word' id='word_1_171' title='bbox 1930 2511 2233 2569; x_wconf 88' lang='lat' dir='ltr'>clericum:</span> <span class='ocrx_word' id='word_1_172' title='bbox 2278 2530 2383 2567; x_wconf 87' lang='lat' dir='ltr'>sex</span> <span class='ocrx_word' id='word_1_173' title='bbox 2425 2531 2650 2571; x_wconf 88' lang='lat' dir='ltr'>menses</span> 
     </span>
     <span class='ocr_line' id='line_1_21' title="bbox 467 2605 2653 2684; baseline 0.003 -24"><span class='ocrx_word' id='word_1_174' title='bbox 467 2605 853 2665; x_wconf 85' lang='lat' dir='ltr'>conceduntur</span> <span class='ocrx_word' id='word_1_175' title='bbox 878 2607 1301 2665; x_wconf 61' lang='lat' dir='ltr'>ecclesiastica·</span> <span class='ocrx_word' id='word_1_176' title='bbox 1367 2609 1572 2666; x_wconf 86' lang='lat' dir='ltr'>Libere</span> <span class='ocrx_word' id='word_1_177' title='bbox 1601 2607 1822 2663; x_wconf 85' lang='lat' dir='ltr'>confert</span> <span class='ocrx_word' id='word_1_178' title='bbox 1846 2609 2152 2684; x_wconf 86' lang='lat' dir='ltr'>episeopus</span> <span class='ocrx_word' id='word_1_179' title='bbox 2190 2609 2528 2667; x_wconf 84' lang='lat' dir='ltr'>heneficium</span> <span class='ocrx_word' id='word_1_180' title='bbox 2559 2613 2653 2667; x_wconf 88' lang='lat' dir='ltr'>cui</span> 
     </span>
     <span class='ocr_line' id='line_1_22' title="bbox 467 2703 2654 2782; baseline 0.004 -25"><span class='ocrx_word' id='word_1_181' title='bbox 467 2703 725 2771; x_wconf 88' lang='lat' dir='ltr'>voluerit,</span> <span class='ocrx_word' id='word_1_182' title='bbox 749 2715 1004 2781; x_wconf 91' lang='lat' dir='ltr'>tempore</span> <span class='ocrx_word' id='word_1_183' title='bbox 1026 2705 1123 2762; x_wconf 92' lang='lat' dir='ltr'>illo</span> <span class='ocrx_word' id='word_1_184' title='bbox 1140 2706 1350 2779; x_wconf 86' lang='lat' dir='ltr'>absque</span> <span class='ocrx_word' id='word_1_185' title='bbox 1368 2705 1800 2782; x_wconf 81' lang='lat' dir='ltr'>praesentatione</span> <span class='ocrx_word' id='word_1_186' title='bbox 1821 2706 2038 2781; x_wconf 78' lang='lat' dir='ltr'>elapso·</span> <span class='ocrx_word' id='word_1_187' title='bbox 2114 2707 2188 2763; x_wconf 81' lang='lat' dir='ltr'>Si</span> <span class='ocrx_word' id='word_1_188' title='bbox 2214 2705 2406 2781; x_wconf 88' lang='lat' dir='ltr'>plures</span> <span class='ocrx_word' id='word_1_189' title='bbox 2433 2710 2654 2781; x_wconf 86' lang='lat' dir='ltr'>patroni</span> 
     </span>
     <span class='ocr_line' id='line_1_23' title="bbox 467 2768 2655 2881; baseline 0.002 -24"><span class='ocrx_word' id='word_1_190' title='bbox 467 2812 813 2876; x_wconf 67' lang='lat' dir='ltr'>praesentent</span> <span class='ocrx_word' id='word_1_191' title='bbox 836 2804 1113 2871; x_wconf 88' lang='lat' dir='ltr'>diversos,</span> <span class='ocrx_word' id='word_1_192' title='bbox 1140 2804 1235 2862; x_wconf 90' lang='lat' dir='ltr'>ille</span> <span class='ocrx_word' id='word_1_193' title='bbox 1263 2805 1353 2862; x_wconf 91' lang='lat' dir='ltr'>cui</span> <span class='ocrx_word' id='word_1_194' title='bbox 1373 2806 1557 2881; x_wconf 86' lang='lat' dir='ltr'>major</span> <span class='ocrx_word' id='word_1_195' title='bbox 1583 2822 1778 2861; x_wconf 89' lang='lat' dir='ltr'>eorum</span> <span class='ocrx_word' id='word_1_196' title='bbox 1821 2823 1951 2880; x_wconf 88' lang='lat' dir='ltr'>pars</span> <span class='ocrx_word' id='word_1_197' title='bbox 1991 2804 2144 2861; x_wconf 87' lang='lat' dir='ltr'>favet</span> <span class='ocrx_word' id='word_1_198' title='bbox 2180 2804 2509 2880; x_wconf 83' lang='lat' dir='ltr'>praefertur:</span> <span class='ocrx_word' id='word_1_199' title='bbox 2551 2768 2655 2874; x_wconf 58' lang='lat'>§51⁵1</span> 
     </span>
     <span class='ocr_line' id='line_1_24' title="bbox 468 2900 2651 2979; baseline 0.004 -24"><span class='ocrx_word' id='word_1_200' title='bbox 468 2900 518 2955; x_wconf 93' lang='lat' dir='ltr'>si</span> <span class='ocrx_word' id='word_1_201' title='bbox 545 2902 702 2974; x_wconf 89' lang='lat' dir='ltr'>paria</span> <span class='ocrx_word' id='word_1_202' title='bbox 727 2903 843 2960; x_wconf 87' lang='lat' dir='ltr'>sint</span> <span class='ocrx_word' id='word_1_203' title='bbox 869 2902 1158 2977; x_wconf 85' lang='lat' dir='ltr'>suffragia,</span> <span class='ocrx_word' id='word_1_204' title='bbox 1188 2904 1490 2979; x_wconf 88' lang='lat' dir='ltr'>episcopus</span> <span class='ocrx_word' id='word_1_205' title='bbox 1512 2924 1587 2961; x_wconf 87' lang='lat' dir='ltr'>ex</span> <span class='ocrx_word' id='word_1_206' title='bbox 1615 2905 1984 2978; x_wconf 69' lang='lat' dir='ltr'>praesentatis,</span> <span class='ocrx_word' id='word_1_207' title='bbox 2016 2922 2119 2979; x_wconf 89' lang='lat' dir='ltr'>pro</span> <span class='ocrx_word' id='word_1_208' title='bbox 2146 2903 2506 2961; x_wconf 79' lang='lat' dir='ltr'>conscientiae</span> <span class='ocrx_word' id='word_1_209' title='bbox 2534 2922 2651 2963; x_wconf 82' lang='lat' dir='ltr'>suae</span> 
     </span>
     <span class='ocr_line' id='line_1_25' title="bbox 459 2997 2652 3077; baseline 0.004 -24"><span class='ocrx_word' id='word_1_210' title='bbox 459 2997 700 3072; x_wconf 83' lang='lat' dir='ltr'>judicic,</span> <span class='ocrx_word' id='word_1_211' title='bbox 730 2999 1048 3077; x_wconf 85' lang='lat' dir='ltr'>digniorem</span> <span class='ocrx_word' id='word_1_212' title='bbox 1075 3001 1263 3076; x_wconf 89' lang='lat' dir='ltr'>eligit:</span> <span class='ocrx_word' id='word_1_213' title='bbox 1295 3001 1385 3057; x_wconf 89' lang='lat' dir='ltr'>vel</span> <span class='ocrx_word' id='word_1_214' title='bbox 1411 3004 1461 3059; x_wconf 91' lang='lat' dir='ltr'>si</span> <span class='ocrx_word' id='word_1_215' title='bbox 1501 3000 1830 3059; x_wconf 85' lang='lat' dir='ltr'>scandalum</span> <span class='ocrx_word' id='word_1_216' title='bbox 1871 3002 2002 3059; x_wconf 89' lang='lat' dir='ltr'>inde</span> <span class='ocrx_word' id='word_1_217' title='bbox 2041 3004 2316 3059; x_wconf 87' lang='lat' dir='ltr'>oriturum</span> <span class='ocrx_word' id='word_1_218' title='bbox 2357 3003 2450 3069; x_wconf 88' lang='lat' dir='ltr'>sit,</span> <span class='ocrx_word' id='word_1_219' title='bbox 2479 3003 2652 3061; x_wconf 87' lang='lat' dir='ltr'>alium</span> 
     </span>
     <span class='ocr_line' id='line_1_26' title="bbox 467 3091 2652 3177; baseline 0.002 -25"><span class='ocrx_word' id='word_1_220' title='bbox 467 3113 749 3169; x_wconf 87' lang='lat' dir='ltr'>quemque</span> <span class='ocrx_word' id='word_1_221' title='bbox 777 3100 903 3176; x_wconf 87' lang='lat' dir='ltr'>ipse</span> <span class='ocrx_word' id='word_1_222' title='bbox 930 3091 1269 3156; x_wconf 74' lang='lat' dir='ltr'>substituit.²</span> <span class='ocrx_word' id='word_1_223' title='bbox 1351 3099 1417 3156; x_wconf 86' lang='lat' dir='ltr'>Si</span> <span class='ocrx_word' id='word_1_224' title='bbox 1443 3110 1716 3176; x_wconf 87' lang='lat' dir='ltr'>patronus</span> <span class='ocrx_word' id='word_1_225' title='bbox 1756 3099 1932 3157; x_wconf 87' lang='lat' dir='ltr'>laicus</span> <span class='ocrx_word' id='word_1_226' title='bbox 1972 3100 2114 3157; x_wconf 89' lang='lat' dir='ltr'>duos</span> <span class='ocrx_word' id='word_1_227' title='bbox 2155 3110 2475 3176; x_wconf 83' lang='lat' dir='ltr'>praesentet,</span> <span class='ocrx_word' id='word_1_228' title='bbox 2504 3102 2652 3177; x_wconf 86' lang='lat' dir='ltr'>epis-</span> 
     </span>
     <span class='ocr_line' id='line_1_27' title="bbox 466 3196 2653 3275; baseline 0.004 -26"><span class='ocrx_word' id='word_1_229' title='bbox 466 3212 645 3269; x_wconf 87' lang='lat' dir='ltr'>copus</span> <span class='ocrx_word' id='word_1_230' title='bbox 667 3196 989 3256; x_wconf 86' lang='lat' dir='ltr'>alterutrum</span> <span class='ocrx_word' id='word_1_231' title='bbox 1014 3198 1282 3255; x_wconf 88' lang='lat' dir='ltr'>instituit:</span> <span class='ocrx_word' id='word_1_232' title='bbox 1328 3200 1378 3255; x_wconf 86' lang='lat' dir='ltr'>si</span> <span class='ocrx_word' id='word_1_233' title='bbox 1418 3198 1840 3257; x_wconf 87' lang='lat' dir='ltr'>ecclesiasticus</span> <span class='ocrx_word' id='word_1_234' title='bbox 1879 3218 1980 3255; x_wconf 88' lang='lat' dir='ltr'>eos</span> <span class='ocrx_word' id='word_1_235' title='bbox 2021 3207 2342 3273; x_wconf 76' lang='lat' dir='ltr'>praesentet,</span> <span class='ocrx_word' id='word_1_236' title='bbox 2373 3200 2470 3271; x_wconf 86' lang='lat' dir='ltr'>qui</span> <span class='ocrx_word' id='word_1_237' title='bbox 2496 3201 2653 3275; x_wconf 87' lang='lat' dir='ltr'>prior</span> 
     </span>
     <span class='ocr_line' id='line_1_28' title="bbox 463 3290 2653 3373; baseline 0.003 -24"><span class='ocrx_word' id='word_1_238' title='bbox 463 3302 553 3349; x_wconf 89' lang='lat' dir='ltr'>est</span> <span class='ocrx_word' id='word_1_239' title='bbox 590 3300 981 3368; x_wconf 69' lang='lat' dir='ltr'>praesentatus,</span> <span class='ocrx_word' id='word_1_240' title='bbox 1023 3296 1402 3354; x_wconf 88' lang='lat' dir='ltr'>instituendus</span> <span class='ocrx_word' id='word_1_241' title='bbox 1443 3307 1547 3365; x_wconf 89' lang='lat' dir='ltr'>est,</span> <span class='ocrx_word' id='word_1_242' title='bbox 1591 3297 1642 3354; x_wconf 92' lang='lat' dir='ltr'>si</span> <span class='ocrx_word' id='word_1_243' title='bbox 1682 3296 1850 3353; x_wconf 88' lang='lat' dir='ltr'>fuerit</span> <span class='ocrx_word' id='word_1_244' title='bbox 1888 3290 2159 3373; x_wconf 85' lang='lat' dir='ltr'>dignus:³</span> <span class='ocrx_word' id='word_1_245' title='bbox 2200 3298 2252 3353; x_wconf 90' lang='lat' dir='ltr'>si</span> <span class='ocrx_word' id='word_1_246' title='bbox 2293 3298 2497 3373; x_wconf 89' lang='lat' dir='ltr'>dignus</span> <span class='ocrx_word' id='word_1_247' title='bbox 2538 3318 2653 3356; x_wconf 90' lang='lat' dir='ltr'>non</span> 
     </span>
     <span class='ocr_line' id='line_1_29' title="bbox 466 3390 2656 3471; baseline 0.003 -23"><span class='ocrx_word' id='word_1_248' title='bbox 466 3390 655 3460; x_wconf 85' lang='lat' dir='ltr'>fuerit,</span> <span class='ocrx_word' id='word_1_249' title='bbox 676 3396 983 3471; x_wconf 86' lang='lat' dir='ltr'>episcopus</span> <span class='ocrx_word' id='word_1_250' title='bbox 1002 3395 1096 3452; x_wconf 89' lang='lat' dir='ltr'>alii</span> <span class='ocrx_word' id='word_1_251' title='bbox 1122 3396 1480 3467; x_wconf 88' lang='lat' dir='ltr'>cuicumque,</span> <span class='ocrx_word' id='word_1_252' title='bbox 1503 3415 1607 3471; x_wconf 93' lang='lat' dir='ltr'>pro</span> <span class='ocrx_word' id='word_1_253' title='bbox 1634 3396 1996 3453; x_wconf 85' lang='lat' dir='ltr'>conscientiae</span> <span class='ocrx_word' id='word_1_254' title='bbox 2025 3414 2140 3453; x_wconf 85' lang='lat' dir='ltr'>suae</span> <span class='ocrx_word' id='word_1_255' title='bbox 2165 3397 2414 3463; x_wconf 89' lang='lat' dir='ltr'>arbitri0,</span> <span class='ocrx_word' id='word_1_256' title='bbox 2438 3398 2656 3454; x_wconf 85' lang='lat' dir='ltr'>confert</span> 
     </span>
     <span class='ocr_line' id='line_1_30' title="bbox 466 3489 2654 3569; baseline 0.003 -23"><span class='ocrx_word' id='word_1_257' title='bbox 466 3489 827 3561; x_wconf 89' lang='lat' dir='ltr'>beneficium,</span> <span class='ocrx_word' id='word_1_258' title='bbox 856 3494 1275 3551; x_wconf 86' lang='lat' dir='ltr'>ecclesiasticus</span> <span class='ocrx_word' id='word_1_259' title='bbox 1302 3493 1455 3551; x_wconf 90' lang='lat' dir='ltr'>enim</span> <span class='ocrx_word' id='word_1_260' title='bbox 1484 3494 1787 3568; x_wconf 87' lang='lat' dir='ltr'>indignum</span> <span class='ocrx_word' id='word_1_261' title='bbox 1816 3501 2186 3568; x_wconf 85' lang='lat' dir='ltr'>proesentans,</span> <span class='ocrx_word' id='word_1_262' title='bbox 2210 3513 2316 3551; x_wconf 89' lang='lat' dir='ltr'>suo</span> <span class='ocrx_word' id='word_1_263' title='bbox 2343 3493 2494 3550; x_wconf 89' lang='lat' dir='ltr'>cadit</span> <span class='ocrx_word' id='word_1_264' title='bbox 2523 3495 2654 3569; x_wconf 88' lang='lat' dir='ltr'>jure</span> 
     </span>
     <span class='ocr_line' id='line_1_31' title="bbox 468 3586 2652 3667; baseline 0.002 -23"><span class='ocrx_word' id='word_1_265' title='bbox 468 3607 571 3664; x_wconf 89' lang='lat' dir='ltr'>pro</span> <span class='ocrx_word' id='word_1_266' title='bbox 598 3607 664 3645; x_wconf 90' lang='lat' dir='ltr'>ea</span> <span class='ocrx_word' id='word_1_267' title='bbox 692 3592 835 3648; x_wconf 85' lang='lat' dir='ltr'>vice.</span> <span class='ocrx_word' id='word_1_268' title='bbox 920 3593 1201 3650; x_wconf 86' lang='lat' dir='ltr'>Patronus</span> <span class='ocrx_word' id='word_1_269' title='bbox 1228 3590 1379 3647; x_wconf 87' lang='lat' dir='ltr'>haud</span> <span class='ocrx_word' id='word_1_270' title='bbox 1404 3610 1470 3647; x_wconf 90' lang='lat' dir='ltr'>se</span> <span class='ocrx_word' id='word_1_271' title='bbox 1497 3586 1741 3667; x_wconf 81' lang='lat' dir='ltr'>ipsum‚⁴</span> <span class='ocrx_word' id='word_1_272' title='bbox 1767 3590 1868 3647; x_wconf 88' lang='lat' dir='ltr'>sed</span> <span class='ocrx_word' id='word_1_273' title='bbox 1898 3590 2078 3646; x_wconf 87' lang='lat' dir='ltr'>filium</span> <span class='ocrx_word' id='word_1_274' title='bbox 2107 3608 2273 3647; x_wconf 88' lang='lat' dir='ltr'>suurn</span> <span class='ocrx_word' id='word_1_275' title='bbox 2317 3604 2652 3665; x_wconf 66' lang='lat' dir='ltr'>praesentare</span> 
     </span>
     <span class='ocr_line' id='line_1_32' title="bbox 468 3676 2656 3763; baseline 0.002 -21"><span class='ocrx_word' id='word_1_276' title='bbox 468 3695 689 3762; x_wconf 89' lang='lat' dir='ltr'>potest:</span> <span class='ocrx_word' id='word_1_277' title='bbox 721 3697 907 3763; x_wconf 88' lang='lat' dir='ltr'>potest</span> <span class='ocrx_word' id='word_1_278' title='bbox 932 3690 1102 3745; x_wconf 86' lang='lat' dir='ltr'>etiam</span> <span class='ocrx_word' id='word_1_279' title='bbox 1131 3689 1254 3762; x_wconf 89' lang='lat' dir='ltr'>ipse</span> <span class='ocrx_word' id='word_1_280' title='bbox 1281 3678 1624 3745; x_wconf 82' lang='lat' dir='ltr'>beneficium</span> <span class='ocrx_word' id='word_1_281' title='bbox 1651 3687 1965 3763; x_wconf 87' lang='lat' dir='ltr'>possidere,</span> <span class='ocrx_word' id='word_1_282' title='bbox 1990 3676 2266 3762; x_wconf 83' lang='lat' dir='ltr'>episcopo</span> <span class='ocrx_word' id='word_1_283' title='bbox 2285 3698 2487 3763; x_wconf 87' lang='lat' dir='ltr'>sponte</span> <span class='ocrx_word' id='word_1_284' title='bbox 2517 3689 2656 3747; x_wconf 89' lang='lat' dir='ltr'>illud</span> 
     </span>
     <span class='ocr_line' id='line_1_33' title="bbox 469 3784 2656 3861; baseline 0.002 -20"><span class='ocrx_word' id='word_1_285' title='bbox 469 3786 522 3841; x_wconf 89' lang='lat' dir='ltr'>ei</span> <span class='ocrx_word' id='word_1_286' title='bbox 552 3784 896 3854; x_wconf 85' lang='lat' dir='ltr'>conferente,</span> <span class='ocrx_word' id='word_1_287' title='bbox 926 3795 1081 3843; x_wconf 87' lang='lat' dir='ltr'>motu</span> <span class='ocrx_word' id='word_1_288' title='bbox 1108 3784 1329 3842; x_wconf 89' lang='lat' dir='ltr'>scilicet</span> <span class='ocrx_word' id='word_1_289' title='bbox 1352 3787 1585 3861; x_wconf 87' lang='lat' dir='ltr'>proprio</span> <span class='ocrx_word' id='word_1_290' title='bbox 1626 3784 1716 3841; x_wconf 90' lang='lat' dir='ltr'>vel</span> <span class='ocrx_word' id='word_1_291' title='bbox 1754 3786 1878 3860; x_wconf 89' lang='lat' dir='ltr'>ejus</span> <span class='ocrx_word' id='word_1_292' title='bbox 1918 3785 2182 3860; x_wconf 89' lang='lat' dir='ltr'>precibus</span> <span class='ocrx_word' id='word_1_293' title='bbox 2221 3785 2527 3843; x_wconf 86' lang='lat' dir='ltr'>humilibus</span> <span class='ocrx_word' id='word_1_294' title='bbox 2553 3786 2656 3845; x_wconf 70' lang='lat' dir='ltr'>&#39;as-</span> 
     </span>
     <span class='ocr_line' id='line_1_34' title="bbox 468 3882 2656 3959; baseline 0.004 -22"><span class='ocrx_word' id='word_1_295' title='bbox 468 3882 787 3941; x_wconf 81' lang='lat' dir='ltr'>sentiendO.</span> <span class='ocrx_word' id='word_1_296' title='bbox 873 3885 938 3941; x_wconf 80' lang='lat' dir='ltr'>Si</span> <span class='ocrx_word' id='word_1_297' title='bbox 978 3884 1154 3941; x_wconf 88' lang='lat' dir='ltr'>laicus</span> <span class='ocrx_word' id='word_1_298' title='bbox 1195 3892 1497 3958; x_wconf 86' lang='lat' dir='ltr'>praesentet</span> <span class='ocrx_word' id='word_1_299' title='bbox 1534 3883 1857 3959; x_wconf 88' lang='lat' dir='ltr'>indignum,</span> <span class='ocrx_word' id='word_1_300' title='bbox 1898 3882 2216 3941; x_wconf 89' lang='lat' dir='ltr'>monendus</span> <span class='ocrx_word' id='word_1_301' title='bbox 2257 3894 2344 3941; x_wconf 89' lang='lat' dir='ltr'>est</span> <span class='ocrx_word' id='word_1_302' title='bbox 2383 3894 2444 3941; x_wconf 91' lang='lat' dir='ltr'>ut</span> <span class='ocrx_word' id='word_1_303' title='bbox 2483 3887 2656 3945; x_wconf 90' lang='lat' dir='ltr'>alium</span> 
     </span>
     <span class='ocr_line' id='line_1_35' title="bbox 472 3981 2654 4057; baseline 0.004 -22"><span class='ocrx_word' id='word_1_304' title='bbox 472 3991 805 4054; x_wconf 83' lang='lat' dir='ltr'>praesentet:</span> <span class='ocrx_word' id='word_1_305' title='bbox 836 3981 937 4039; x_wconf 86' lang='lat' dir='ltr'>sed</span> <span class='ocrx_word' id='word_1_306' title='bbox 964 3983 1014 4039; x_wconf 88' lang='lat' dir='ltr'>si</span> <span class='ocrx_word' id='word_1_307' title='bbox 1042 3981 1274 4057; x_wconf 89' lang='lat' dir='ltr'>dignum</span> <span class='ocrx_word' id='word_1_308' title='bbox 1304 3991 1626 4057; x_wconf 86' lang='lat' dir='ltr'>praesentet,</span> <span class='ocrx_word' id='word_1_309' title='bbox 1655 3981 1900 4057; x_wconf 88' lang='lat' dir='ltr'>digniori</span> <span class='ocrx_word' id='word_1_310' title='bbox 1927 3981 2327 4056; x_wconf 66' lang='lat' dir='ltr'>praetermisso,</span> <span class='ocrx_word' id='word_1_311' title='bbox 2356 3983 2654 4044; x_wconf 87' lang='lat' dir='ltr'>instituen-</span> 
     </span>
     <span class='ocr_line' id='line_1_36' title="bbox 472 4076 2593 4135; baseline 0.003 -3"><span class='ocrx_word' id='word_1_312' title='bbox 472 4076 579 4133; x_wconf 87' lang='lat' dir='ltr'>dus</span> <span class='ocrx_word' id='word_1_313' title='bbox 606 4088 711 4135; x_wconf 86' lang='lat' dir='ltr'>est.</span> <span class='ocrx_word' id='word_1_314' title='bbox 2579 4080 2593 4095; x_wconf 70' lang='lat'><em>&#39;</em></span> 
     </span>
    </p>

    <p class='ocr_par' dir='ltr' id='par_1_6' title="bbox 471 4163 2656 4356">
     <span class='ocr_line' id='line_1_37' title="bbox 550 4163 2656 4259; baseline 0.005 -29"><span class='ocrx_word' id='word_1_315' title='bbox 550 4177 648 4232; x_wconf 88' lang='grc'>99.</span> <span class='ocrx_word' id='word_1_316' title='bbox 692 4177 917 4234; x_wconf 88' lang='lat' dir='ltr'>Electio</span> <span class='ocrx_word' id='word_1_317' title='bbox 943 4186 1031 4234; x_wconf 90' lang='lat' dir='ltr'>est</span> <span class='ocrx_word' id='word_1_318' title='bbox 1055 4176 1372 4259; x_wconf 85' lang='lat' dir='ltr'>designatio</span> <span class='ocrx_word' id='word_1_319' title='bbox 1399 4163 1508 4253; x_wconf 26' lang='lat' dir='ltr'>per·</span> <span class='ocrx_word' id='word_1_320' title='bbox 1526 4178 1801 4255; x_wconf 87' lang='lat' dir='ltr'>suffragia</span> <span class='ocrx_word' id='word_1_321' title='bbox 1826 4176 1971 4236; x_wconf 86' lang='lat' dir='ltr'>sacta</span> <span class='ocrx_word' id='word_1_322' title='bbox 1997 4179 2234 4256; x_wconf 86' lang='lat' dir='ltr'>alicujus</span> <span class='ocrx_word' id='word_1_323' title='bbox 2263 4182 2361 4252; x_wconf 91' lang='lat' dir='ltr'>qui</span> <span class='ocrx_word' id='word_1_324' title='bbox 2391 4181 2461 4238; x_wconf 91' lang='lat' dir='ltr'>ad</span> <span class='ocrx_word' id='word_1_325' title='bbox 2485 4182 2656 4241; x_wconf 89' lang='lat' dir='ltr'>bene-</span> 
     </span>
     <span class='ocr_line' id='line_1_38' title="bbox 471 4272 2655 4356; baseline 0.005 -27"><span class='ocrx_word' id='word_1_326' title='bbox 471 4272 689 4351; x_wconf 61' lang='lat' dir='ltr'>ficium2</span> <span class='ocrx_word' id='word_1_327' title='bbox 702 4275 806 4345; x_wconf 47' lang='lat' dir='ltr'>,vel</span> <span class='ocrx_word' id='word_1_328' title='bbox 831 4294 1057 4342; x_wconf 77' lang='lat' dir='ltr'>munuS‚</span> <span class='ocrx_word' id='word_1_329' title='bbox 1076 4275 1315 4333; x_wconf 89' lang='lat' dir='ltr'>idoneus</span> <span class='ocrx_word' id='word_1_330' title='bbox 1342 4278 1438 4335; x_wconf 89' lang='lat' dir='ltr'>sit.</span> <span class='ocrx_word' id='word_1_331' title='bbox 1520 4278 1630 4336; x_wconf 86' lang='lat' dir='ltr'>Jus</span> <span class='ocrx_word' id='word_1_332' title='bbox 1652 4276 1722 4335; x_wconf 90' lang='lat' dir='ltr'>ad</span> <span class='ocrx_word' id='word_1_333' title='bbox 1747 4277 2090 4335; x_wconf 88' lang='lat' dir='ltr'>beneficium</span> <span class='ocrx_word' id='word_1_334' title='bbox 2119 4279 2395 4337; x_wconf 89' lang='lat' dir='ltr'>electione</span> <span class='ocrx_word' id='word_1_335' title='bbox 2423 4300 2655 4356; x_wconf 86' lang='lat' dir='ltr'>compa·</span> 
     </span>
    </p>
   </div>
   <div class='ocr_carea' id='block_1_3' title="bbox 673 4370 2455 4637">
    <p class='ocr_par' dir='ltr' id='par_1_7' title="bbox 673 4370 2455 4637">
     <span class='ocr_line' id='line_1_39' title="bbox 675 4370 2455 4484; baseline 0.004 -23"><span class='ocrx_word' id='word_1_336' title='bbox 675 4416 755 4480; x_wconf 89' lang='lat'>(1)</span> <span class='ocrx_word' id='word_1_337' title='bbox 823 4415 942 4476; x_wconf 88' lang='lat' dir='ltr'>Reg.</span> <span class='ocrx_word' id='word_1_338' title='bbox 966 4415 1085 4463; x_wconf 84' lang='lat' dir='ltr'>xxii.</span> <span class='ocrx_word' id='word_1_339' title='bbox 1104 4415 1320 4466; x_wconf 84' lang='lat' dir='ltr'>Cancell.</span> <span class='ocrx_word' id='word_1_340' title='bbox 1670 4420 1754 4484; x_wconf 83' lang='lat'>(2)</span> <span class='ocrx_word' id='word_1_341' title='bbox 1795 4416 1918 4480; x_wconf 75' lang='lat' dir='ltr'>Cap.</span> <span class='ocrx_word' id='word_1_342' title='bbox 1943 4416 2011 4466; x_wconf 87' lang='lat' dir='ltr'>iii.</span> <span class='ocrx_word' id='word_1_343' title='bbox 2031 4416 2091 4467; x_wconf 70' lang='lat' dir='ltr'>de</span> <span class='ocrx_word' id='word_1_344' title='bbox 2112 4418 2240 4483; x_wconf 81' lang='lat' dir='ltr'>jure</span> <span class='ocrx_word' id='word_1_345' title='bbox 2251 4370 2455 4484; x_wconf 51' lang='lat' dir='ltr'>patr-aiz.</span> 
     </span>
     <span class='ocr_line' id='line_1_40' title="bbox 673 4499 2282 4565; baseline 0.002 -17"><span class='ocrx_word' id='word_1_346' title='bbox 673 4502 757 4565; x_wconf 83' lang='lat'>(3)</span> <span class='ocrx_word' id='word_1_347' title='bbox 798 4499 920 4563; x_wconf 78' lang='lat' dir='ltr'>Cap.</span> <span class='ocrx_word' id='word_1_348' title='bbox 942 4500 1076 4549; x_wconf 78' lang='lat' dir='ltr'>xxiv·</span> <span class='ocrx_word' id='word_1_349' title='bbox 1098 4500 1197 4552; x_wconf 84' lang='lat' dir='ltr'>eod.</span> <span class='ocrx_word' id='word_1_350' title='bbox 1220 4500 1300 4552; x_wconf 77' lang='lat' dir='ltr'>tit.</span> <span class='ocrx_word' id='word_1_351' title='bbox 1673 4500 1758 4565; x_wconf 88' lang='lat'>(4)</span> <span class='ocrx_word' id='word_1_352' title='bbox 1799 4499 1922 4564; x_wconf 82' lang='lat' dir='ltr'>Cap.</span> <span class='ocrx_word' id='word_1_353' title='bbox 1945 4518 2061 4551; x_wconf 81' lang='lat' dir='ltr'>xxv.</span> <span class='ocrx_word' id='word_1_354' title='bbox 2083 4502 2182 4552; x_wconf 86' lang='lat' dir='ltr'>eod.</span> <span class='ocrx_word' id='word_1_355' title='bbox 2205 4502 2282 4553; x_wconf 82' lang='lat' dir='ltr'>tie.</span> 
     </span>
     <span class='ocr_line' id='line_1_41' title="bbox 1456 4581 1572 4637; baseline 0.009 -1"><span class='ocrx_word' id='word_1_356' title='bbox 1456 4581 1572 4637; x_wconf 75' lang='lat'>23*</span> 
     </span>
    </p>
   </div>
  </div>
 </body>
</html>
