3117 5217
601 570 674 623 lo
1315 560 1430 621 DE
1475 558 2005 619 FORTITUDIN
2018 559 2097 618 E.

601 736 750 814 spei,
798 736 1142 811 proveniens
1183 752 1259 792 ex
1297 734 1488 806 aliqua
1525 732 1997 801 consideratione,
2044 752 2171 806 quae
2216 734 2347 792 facit
2388 734 2787 793 vehementem

599 836 938 912 opinionem
968 832 1039 892 de
1064 835 1216 892 bono
1257 826 1715 905 assequendo.”¹
1794 833 2083 891 Securitas
2108 850 2241 891 cum
2264 832 2373 891 hac
2398 835 2783 911 conjungitur,

603 942 880 1007 quatenus
909 934 1132 991 animus
1161 952 1194 990 a
1219 932 1400 991 nimio
1426 932 1627 989 timore
1654 932 1795 989 liber
1820 932 2196 1005 conquiescit.

691 1037 784 1090 18.
829 1032 1212 1109 Praesumptio
1259 1042 1346 1089 est
1389 1031 1866 1107 magnanimitatis
1906 1048 2201 1098 excessus,
2245 1048 2359 1102 quo
2404 1032 2533 1102 quis
2574 1032 2787 1107 majora

605 1132 824 1191 viribus
871 1130 1058 1189 audet.
1143 1129 1338 1188 Inanis
1390 1129 1583 1205 glorioe
1636 1128 1925 1204 captandae
1976 1128 2259 1187 desiderio
2302 1130 2437 1201 quis
2488 1128 2787 1202 aliquando

599 1230 776 1289 fertur
819 1230 890 1287 ad
935 1248 1004 1287 ea
1045 1227 1444 1306 aggredienda,
1491 1246 1621 1301 quae
1666 1228 1759 1284 vel
1802 1246 1935 1286 suas
1978 1227 2265 1285 excedunt
2306 1230 2481 1295 vires,
2522 1230 2617 1286 vel
2660 1238 2789 1286 sunt

600 1348 812 1405 magno
854 1330 1044 1387 animo
1087 1328 1340 1404 indigna.
1443 1337 1480 1362 ‘⁴
1506 1326 1783 1385 Cavenda
1822 1326 1973 1394 est,”
2016 1327 2201 1399 inquit
2236 1326 2491 1394 Tullius,
2532 1328 2785 1404 “gloriae

601 1427 919 1503 cupiditas:
963 1428 1130 1503 eripit
1167 1428 1322 1483 enim
1363 1427 1538 1483 animi
1577 1427 1910 1489 libertatem,
1951 1443 2059 1500 pro
2082 1443 2197 1497 qua
2232 1425 2610 1501 magnanimis
2650 1426 2784 1483 viris

607 1527 795 1585 omnis
821 1526 990 1584 debet
1015 1544 1142 1583 esse
1169 1504 1556 1583 conte⁰ntio.”²

685 1629 780 1683 19.
825 1625 1271 1683 Pusillanimitas
1313 1633 1400 1679 est
1443 1622 1920 1699 magnanimitatis
1962 1620 2237 1687 defectus,
2280 1638 2397 1693 quo
2436 1624 2567 1695 quis
2594 1626 2783 1681 animo

607 1724 825 1801 abjecto
852 1742 968 1781 non
995 1722 1164 1780 audet
1203 1720 1434 1797 aggredi
1475 1739 1601 1793 quae
1642 1720 1760 1776 suis
1802 1718 2011 1777 viribus
2050 1702 2413 1779 eon-veniunt.
2498 1720 2615 1779 Est
2636 1740 2784 1798 saepe

605 1822 810 1881 indolis
839 1832 897 1880 et
919 1832 1130 1879 naturae
1157 1821 1380 1900 tritium,
1408 1820 1597 1894 potius
1624 1836 1795 1891 quam
1815 1818 2150 1885 voluntatis;
2192 1817 2295 1875 sed
2320 1829 2617 1895 peccatum
2644 1821 2781 1879 foret

603 1938 678 1977 ex
707 1922 882 1979 nimia
909 1920 1085 1977 animi
1111 1919 1426 1994 abjectione
1453 1916 1715 1975 recusare
1758 1936 1825 1974 ea
1866 1916 2095 1993 aggredi
2138 1936 2263 1989 quae
2304 1918 2593 1995 legitimus
2620 1938 2781 1996 supe-

603 2018 718 2074 rior
762 2019 1012 2094 injungit
1054 2016 1290 2093 agenda.
1375 2016 1528 2074 Cum
1582 2017 1847 2093 superbia
1898 2016 2200 2087 aliquando
2250 2018 2631 2094 conjungitur,
2678 2036 2781 2077 suo

601 2116 818 2173 seilicet
834 2116 1054 2194 judicio
1080 2114 1206 2172 fidit
1230 2116 1626 2191 pusillanimis,
1651 2135 1713 2172 se
1736 2117 2009 2191 imparem
2036 2132 2163 2173 esse
2190 2116 2367 2190 operi,
2398 2125 2439 2153 ‘⁴
2456 2116 2611 2175 unde
2640 2118 2779 2175 Gre-

602 2215 818 2290 gorius,
846 2216 903 2274 in
932 2209 1356 2292 pastorali,³‚de
1386 2216 1603 2290 Moyse
1643 2214 1797 2281 dicit,
1824 2213 1979 2286 quod
2012 2215 2289 2290 superbus
2332 2215 2571 2273 fortasse
2611 2228 2777 2283 esset,

600 2315 651 2370 si
678 2314 945 2372 ducatum
986 2314 1168 2389 plebis
1211 2330 1328 2369 suae
1374 2314 1498 2371 sine
1541 2312 1911 2388 trepidatione
1952 2313 2303 2388 susciperet:
2344 2325 2403 2372 et
2440 2333 2665 2373 rursum
2690 2334 2778 2373 su-

603 2412 809 2487 perbus
838 2413 1126 2479 existeret,
1157 2414 1207 2469 si
1235 2414 1478 2469 auctoris
1503 2412 1749 2488 imperio
1776 2412 2011 2495 obedire*
2032 2409 2413 2469 recusaret.”⁴

680 2514 779 2568 20.
823 2511 1024 2587 Longe
1051 2530 1083 2567 a
1122 2510 1581 2586 pusillanimitate
1616 2510 1807 2568 differt
1842 2511 2154 2576 humilitas,
2196 2528 2310 2581 qua
2344 2510 2523 2569 homo
2548 2528 2623 2569 ex
2650 2530 2779 2569 vera

601 2610 690 2665 sui
717 2610 1042 2685 cognitione
1069 2628 1132 2667 se
1161 2610 1494 2676 contemnit,
1523 2620 1581 2667 et
1620 2609 1890 2682 quiequid
1927 2609 2063 2667 boni
2104 2609 2276 2666 habet
2312 2630 2345 2667 a
2385 2610 2515 2668 Deo
2542 2610 2777 2669 derivari

605 2710 875 2783 agnoscit,
899 2710 1137 2787 gloriam
1157 2727 1385 2767 omnem
1405 2710 1457 2766 ei
1485 2710 1755 2766 tribuens.
1799 2708 1889 2764 Ea
1907 2709 1971 2765 fit
1984 2716 2047 2766 ut
2070 2696 2295 2765 dotibus
2324 2710 2555 2767 eximiis
2582 2710 2781 2781 quibus

599 2808 785 2863 ornari
811 2824 1096 2879 quemque
1121 2807 1436 2881 contigerit,
1465 2805 1617 2863 haud
1642 2806 1947 2882 glorietur;
1990 2805 2091 2863 sed
2118 2805 2247 2864 Deo
2273 2816 2457 2883 grates
2484 2808 2773 2884 rependat,

603 2922 670 2959 cu
668 2904 764 2977 jus
791 2922 904 2978 ope
931 2904 1180 2961 confisus
1207 2920 1412 2979 magna
1437 2922 1613 2979 opera
1640 2904 1829 2962 animo
1856 2905 2142 2981 impavido
2176 2906 2515 2983 aggreditur.

675 3005 777 3057 21.
821 3002 1252 3078 Magnificentia
1278 3002 1480 3061 fortem
1508 3002 1691 3073 decet,
1734 3022 1940 3080 magna
1978 3004 2195 3061 scilicet
2232 3004 2415 3062 facere
2456 3007 2775 3082 sumptibus

601 3101 825 3175 magnis
853 3102 1094 3177 oportet,
1123 3120 1228 3177 pro
1255 3120 1444 3160 rerum
1483 3111 1540 3159 et
1578 3122 1837 3180 personae
1864 3101 2207 3161 conditione.
2291 3104 2468 3161 Juxta
2494 3106 2775 3175 Tullium,

602 3206 640 3233 ‘⁶
665 3200 1086 3275 magnificentia
1113 3211 1199 3257 est
1222 3218 1412 3273 rerum
1439 3220 1771 3278 magnarum
1813 3212 1869 3259 et
1902 3202 2251 3259 excelsarum
2281 3222 2410 3261 cum
2442 3205 2617 3262 animi
2644 3222 2778 3276 qua·

602 3295 729 3353 dam
760 3298 948 3373 ampla
975 3308 1031 3357 et
1057 3299 1354 3375 splendida
1380 3301 1769 3376 propositione
1790 3300 2054 3377 cogitatio
2081 3310 2245 3373 atque
2274 3297 2779 3361 administratio.’'⁵

602 3394 752 3472 Ejus
779 3414 1052 3455 excessus
1079 3409 1168 3456 est
1199 3400 1476 3474 profusiO,
1507 3418 1633 3471 quae
1674 3400 1925 3458 mortalis
1965 3407 2055 3456 est
2094 3400 2279 3475 eulpa,
2322 3402 2371 3458 si
2414 3404 2543 3474 quis
2585 3402 2775 3460 nimiis

600 3496 919 3571 sumptibus
947 3499 1223 3573 imparem
1251 3505 1313 3555 s'e
1339 3498 1538 3555 reddat
1570 3495 1978 3557 satisfaciendis
2020 3498 2405 3567 creditoribus,
2434 3502 2525 3558 vel
2552 3500 2778 3559 familiae

599 3596 997 3656 sustentandae.
1041 3596 1254 3655 Deficit
1279 3606 1465 3655 autem
1495 3617 1526 3653 a
1551 3598 1988 3675 magnificentia,
2012 3599 2129 3670 qui,
2161 3616 2335 3671 quum
2357 3601 2559 3674 possit,
2588 3619 2780 3677 sump-

603 3702 692 3752 tus
719 3700 1070 3757 necessarios
1101 3694 1173 3757 ad
1199 3716 1404 3774 magna
1430 3698 1654 3772 incepta
1679 3696 2024 3773 perficienda
2050 3697 2192 3755 nolit
2216 3698 2423 3756 facere.

679 3798 779 3849 22.
823 3796 1105 3855 Patientia
1131 3799 1259 3856 forti
1289 3807 1376 3854 est
1402 3796 1742 3863 necessaria,
1771 3815 1880 3854 nec
1904 3797 2061 3853 enim
2088 3798 2201 3854 nisi
2228 3796 2519 3856 tolerando
2548 3797 2781 3855 adversa

603 3891 792 3948 animo
819 3894 1140 3965 tranquillo,
1169 3909 1228 3951 et
1267 3897 1577 3971 impavido,
1620 3898 1828 3972 poterit
1867 3914 2071 3971 magna
2111 3907 2349 3972 patrare.
2437 3904 2476 3931 ‘⁶
2501 3897 2780 3954 Patientia

603 3989 858 4057 autem‚'’
901 3992 1084 4064 inquit
1124 3992 1187 4048 S.
1217 3992 1486 4061 Jacobus,
1531 4004 1739 4072 “opus
1779 3995 2096 4071 perfectum
2143 3994 2347 4062 habet3
2388 4005 2452 4054 ut
2490 3997 2617 4053 sitis
2658 4014 2780 4072 per-

674 4132 758 4196 (l)
799 4131 851 4179 S.
875 4130 1054 4181 Thom.
1078 4136 1126 4181 2.
1147 4136 1194 4181 2.
1217 4149 1299 4196 qu.
1321 4133 1485 4182 cxxix.
1509 4140 1595 4182 art.
1617 4134 1680 4182 vi.
1749 4136 1835 4186 Ad
1845 4136 2097 4201 primum.
2252 4138 2337 4203 (2)
2376 4134 2436 4185 L.
2453 4136 2487 4185 i.
2504 4136 2565 4187 de
2586 4136 2712 4187 offic.

675 4216 759 4281 (3)
799 4216 856 4263 P.
879 4216 911 4264 i.
928 4232 1033 4279 cap.
1055 4217 1136 4265 vii.
1245 4219 1327 4284 (4)
1360 4217 1507 4281 Apud
1532 4218 1585 4265 S.
1609 4218 1787 4268 Thom.
1811 4224 1859 4269 2.
1886 4224 1933 4268 2.
1956 4237 2037 4283 qu.
2060 4222 2259 4271 cxxxiii.
2284 4222 2414 4271 art-i.
2451 4222 2539 4273 Ad
2558 4222 2779 4273 tertium.
2844 4240 2859 4251 .

671 4302 754 4366 (5)
794 4300 870 4349 De
903 4302 1158 4353 Rhetorica
1191 4304 1222 4353 1.
1258 4303 1306 4353 ii.
1345 4304 1406 4353 de
1439 4304 1621 4353 invent.
1662 4304 1742 4354 cit.
1780 4322 1811 4355 a
1848 4306 1901 4355 S.
1923 4306 2118 4357 Thoma
2141 4312 2187 4355 2.
2211 4312 2258 4356 2.
2296 4325 2378 4372 qu.
2401 4309 2597 4359 cxxxiv.
2619 4316 2705 4359 art.
2727 4308 2773 4357 ii.

596 4383 682 4434 Ad
701 4385 992 4437 secundum.
