3117 5217
1263 587 1375 646 DE
1418 584 1890 647 SCANDALO.
2553 582 2672 638 31⁹

490 749 671 810 adstat
694 754 956 813 concioni
980 754 1279 822 haereticae,
1321 752 1415 811 dat
1452 754 1609 813 enim
1637 753 1996 813 occasionem
2037 749 2270 809 rudibus
2297 758 2362 807 ut
2385 766 2518 807 eum
2546 748 2672 809 imi-

491 859 696 910 tentur.

574 955 708 1009 122.
752 951 993 1018 Quoties
1022 954 1150 1027 quis
1176 951 1501 1031 specialiter
1527 950 1730 1024 quaerit
1766 950 1988 1009 ruinam
2015 949 2286 1027 proximi,
2317 957 2514 1007 contra
2537 946 2670 1005 cha-

486 1049 709 1109 ritatem
736 1061 953 1127 peccat,
994 1052 1145 1111 sicut
1180 1061 1239 1111 et
1276 1059 1471 1110 contra
1512 1053 1796 1117 virtutem,
1825 1049 1897 1109 ad
1937 1068 2106 1121 quam
2149 1046 2468 1107 violandam
2497 1047 2670 1105 alium

488 1148 725 1208 inducit.
807 1150 907 1208 Sic
934 1152 987 1209 si
1010 1150 1140 1223 quis
1172 1153 1447 1229 juvenem
1474 1150 1634 1225 pium
1673 1147 1908 1225 perdere
1949 1166 2228 1222 quaerens,
2255 1166 2388 1206 eum
2416 1146 2486 1205 ad
2512 1164 2670 1222 pros·

488 1249 727 1308 tibulum
775 1248 959 1316 ducat,
1006 1250 1288 1307 charitatis
1336 1258 1393 1306 et
1435 1247 1720 1325 pudicitiae
1765 1248 1988 1307 violatae
2013 1266 2142 1306 reus
2171 1246 2560 1305 constituitur:
2617 1246 2670 1303 si

489 1348 744 1407 sobrium
774 1348 957 1407 virum
986 1350 1115 1421 quis
1142 1346 1398 1406 consulto
1442 1348 1700 1415 inebriet,
1725 1355 1790 1405 ut
1825 1366 1960 1405 casu
1992 1348 2230 1414 laetetur,
2259 1344 2586 1405 charitatem
2613 1354 2672 1403 et

492 1448 921 1523 temperantiam
949 1444 1122 1506 laedit.
1189 1446 1357 1514 Quod
1386 1448 1435 1504 si
1462 1446 1734 1505 indirecte
1761 1455 1978 1504 tantum
2017 1447 2090 1503 sit
2115 1465 2285 1504 causa
2309 1448 2507 1514 ruinae,
2536 1454 2670 1503 sunt

492 1543 730 1605 diversae
758 1546 1153 1624 theologorum
1178 1548 1504 1605 sententiae:
1546 1554 1814 1604 caeterum
1841 1546 1906 1603 S.
1936 1546 2271 1622 Alphonsus
2298 1544 2512 1621 duplex
2539 1564 2672 1621 pec-

493 1654 677 1704 catum
708 1646 767 1704 in
794 1664 864 1703 eo
904 1646 1199 1723 agnoscit;
1242 1646 1484 1705 charitas
1522 1646 1680 1703 enim
1720 1643 1982 1714 violatur,
2021 1664 2200 1717 quum
2241 1643 2403 1703 detur
2438 1646 2668 1703 occasio

491 1745 689 1812 ruinae,
718 1755 775 1802 et
800 1746 1064 1820 specialis
1093 1746 1269 1804 virtus
1295 1747 1534 1821 insuper
1569 1744 1809 1803 laeditur.
1893 1746 1993 1802 Sic
2018 1746 2120 1817 qui
2159 1742 2345 1802 eundo
2372 1743 2444 1801 ad
2467 1744 2670 1821 prosti-

488 1842 704 1911 bulum,
732 1845 929 1901 comiti
954 1844 1101 1902 nihil
1122 1845 1234 1902 tale
1258 1846 1525 1921 cogitanti
1545 1846 1774 1903 occasio
1795 1852 1968 1902 estut
1994 1844 2201 1920 pariter
2226 1850 2446 1920 peccet,
2467 1852 2671 1919 praeter

488 1942 779 2017 proprium
808 1953 1122 2019 peccatum,
1162 1943 1493 2002 charitatem
1532 1954 1590 2001 et
1627 1944 1977 2019 pudicitiam,
2007 1962 2186 2019 pravo
2220 1942 2510 2017 exemp10,
2551 1943 2670 2001 vio-

484 2040 634 2098 lasse
660 2051 941 2100 censetur·
1014 2052 1053 2079 ‘⁶
1076 2042 1323 2109 Quando
1351 2044 1558 2115 aliquis
1587 2061 1694 2100 suo
1720 2043 1872 2101 malo
1893 2043 2085 2110 verbe,
2113 2041 2204 2100 vel
2231 2041 2400 2108 facto,
2429 2040 2671 2099 intendit

388 2184 396 2188 .
490 2139 663 2200 alium
704 2139 773 2197 ad
816 2141 1169 2217 peccandum
1210 2141 1516 2208 inducere;
1573 2141 1666 2197 vel
1703 2142 1926 2202 etiamsi
1977 2141 2102 2216 ipse
2143 2160 2261 2198 non
2301 2140 2572 2206 intendat,
2615 2149 2673 2197 et

491 2238 681 2313 ipsum
708 2239 1026 2298 factumest
1052 2240 1179 2307 tale,
1210 2240 1361 2312 quod
1389 2240 1459 2297 de
1504 2240 1596 2297 sui
1641 2240 1855 2297 ratione
1900 2239 2074 2297 habet
2111 2238 2266 2311 quod
2310 2235 2384 2295 sit
2427 2238 2671 2297 inducti-

491 2355 626 2395 vum
670 2336 737 2395 ad
784 2337 1156 2413 peccandum,
1199 2349 1337 2415 puta
1374 2358 1503 2397 cum
1546 2338 1752 2409 aliquis
1790 2339 2020 2414 publice
2060 2338 2196 2397 facit
2232 2347 2550 2415 peccatum,
2579 2337 2672 2395 vel

490 2435 645 2505 quod
670 2436 841 2494 habet
866 2435 1295 2498 similitudinem
1323 2438 1560 2513 pcccati.
1645 2436 1726 2495 Et
1767 2448 1901 2495 tunc
1942 2437 2037 2495 ille
2065 2438 2166 2510 qui
2205 2434 2534 2514 hujusmodi
2573 2447 2665 2494 ac-

490 2542 609 2593 tum
638 2535 790 2602 facit,
822 2536 1051 2612 proprie
1090 2534 1185 2592 dat
1221 2536 1580 2593 occasionem
1620 2534 1834 2602 ruinae3
1877 2534 2030 2593 unde
2069 2545 2304 2594 vocatur
2343 2534 2670 2595 scandalum

492 2628 831 2693 activum.”¹
914 2636 1001 2693 Ita
1028 2635 1091 2691 S.
1124 2634 1405 2693 Thomas.
1492 2634 1551 2690 N
1557 2651 1634 2690 on
1667 2631 1798 2691 ideo
1827 2642 2016 2692 tamen
2043 2633 2112 2691 ad
2139 2632 2549 2694 restituendum
2577 2636 2675 2692 ob·

488 2732 752 2809 ligabitur
776 2735 875 2806 qui
902 2735 1171 2809 exemplo
1196 2752 1303 2791 suo
1328 2731 1501 2790 alium
1538 2730 1610 2789 ad
1652 2731 1954 2791 furandum
1997 2733 2240 2801 induxit,
2282 2732 2432 2789 sicut
2453 2734 2672 2791 contin·

488 2832 573 2906 git
596 2832 824 2891 famulis
850 2834 908 2891 in
934 2831 1135 2891 eadem
1163 2832 1357 2899 dom0‚
1387 2832 1477 2889 vel
1504 2832 1630 2889 aliis
1658 2832 1720 2889 in
1739 2830 1944 2890 eodem
1965 2832 2156 2890 officio
2183 2832 2504 2907 occupatis;
2535 2833 2669 2905 quia

488 2948 605 2987 non
633 2930 737 2989 fuit
762 2931 966 2988 efficax
992 2946 1167 2989 causa
1188 2931 1430 3008 injurioe,
1460 2933 1724 3005 quamvis
1751 2932 2057 3007 praebuerit
2081 2931 2465 2990 occasionem.

572 3033 707 3087 123.
751 3030 1015 3089 Inductio
1044 3030 1115 3087 ad
1139 3030 1569 3089 fornicationem
1597 3040 1685 3088 est
1711 3039 2004 3106 peccatum
2033 3032 2283 3112 speciale·
2307 3032 2378 3087 ab
2405 3032 2532 3108 ipsa
2557 3031 2669 3090 for-

488 3128 773 3187 nicatione
802 3130 1149 3199 distinctum,
1170 3131 1337 3207 juxta
1364 3129 1553 3206 plures
1597 3129 1916 3206 theologos,
1945 3149 2072 3204 quae
2101 3139 2288 3189 tamen
2314 3130 2375 3187 in
2405 3130 2526 3189 viro
2553 3130 2671 3207 ple·

488 3246 729 3301 rumque
756 3223 1168 3306 praesumitur-²
1220 3230 1387 3305 Lngo
1410 3238 1612 3287 censet
1633 3248 1760 3287 eam
1787 3246 1918 3287 esse
1945 3238 2158 3289 tantum
2187 3231 2666 3291 circumstantiam

486 3338 907 3405 aggravantem‚
935 3329 1089 3387 haud
1115 3327 1435 3387 necessario
1463 3328 1859 3406 explicandam
1887 3328 1948 3389 in
1973 3330 2354 3389 confessione.
2397 3329 2668 3389 Scandali

486 3427 755 3486 malitiam
784 3430 847 3487 in
872 3429 1241 3487 fornicatione
1268 3446 1497 3505 semper
1536 3428 1771 3505 reperiri
1799 3436 2036 3495 constat,
2063 3436 2304 3501 uterque
2347 3428 2501 3487 enim
2529 3448 2667 3505 ope-

484 3544 605 3584 ram
634 3545 797 3585 suam
822 3536 1050 3602 praestat
1082 3526 1239 3585 alteri
1277 3527 1574 3604 peccantis
1615 3528 1732 3585 imo
1761 3536 1894 3584 sunt
1932 3527 2032 3599 qui
2071 3528 2132 3585 in
2175 3526 2430 3599 quolibet
2471 3526 2667 3603 hujus-

486 3623 643 3683 modi
688 3635 813 3683 actu
862 3626 1111 3697 quinque
1157 3634 1490 3683 enumerant
1531 3634 1788 3701 peccata.
1830 3643 1962 3697 quae
2007 3634 2198 3683 tamen
2243 3644 2318 3683 ex
2361 3633 2487 3685 actu
2531 3626 2666 3683 satis

486 3722 911 3799 intelliguntur:
956 3725 1055 3794 qui
1100 3724 1255 3781 enim
1298 3723 1609 3783 fornicatur
1642 3724 1884 3783 alterum
1927 3722 2149 3799 polluit,
2193 3732 2252 3782 et
2288 3723 2566 3801 seipsum,
2609 3736 2668 3783 et

488 3837 650 3879 suam
678 3840 909 3898 operam
936 3831 1165 3898 praestat
1189 3822 1345 3881 alteri
1372 3840 1503 3881 eum
1543 3822 1840 3899 polluenti,
1881 3832 1940 3881 et
1975 3830 2172 3881 contra
2198 3822 2524 3882 charitatem
2552 3822 2668 3907 duq

486 3928 713 3995 peccata
738 3920 978 3982 admittit
1018 3928 1055 3957 “
1075 3922 1437 3998 cooperando
1476 3921 1545 3981 ad
1589 3921 1964 3998 pollutionem
1997 3922 2172 3991 illius,
2201 3921 2356 3980 etad
2381 3923 2664 3985 actionem

486 4019 689 4097 ipsius,
718 4030 783 4079 ut
804 4030 860 4079 tu
890 4020 1228 4097 polluaris.”
1312 4022 1399 4079 Ita
1426 4022 1491 4080 S.
1520 4016 1910 4097 Alphonsus.³

574 4122 708 4178 124.
750 4118 1015 4177 Scandali
1042 4138 1170 4177 rens
1192 4119 1431 4187 videtur,
1460 4122 1555 4195 qui
1579 4121 1753 4179 alium
1779 4121 1850 4179 ad
1875 4120 2230 4199 peccandum
2251 4133 2508 4199 paratum
2537 4133 2664 4185 actu

486 4226 698 4286 movet,
726 4220 777 4277 si
822 4238 913 4277 res
940 4219 1153 4291 absque
1195 4228 1433 4296 peccato
1474 4220 1794 4281 nullatenus
1835 4222 2088 4299 praestari
2129 4230 2334 4297 queat3
2373 4224 2526 4281 sicut
2564 4224 2662 4297 qui

565 4438 649 4503 (1)
688 4440 738 4487 2.
760 4441 809 4486 2.
831 4454 913 4502 qu.
935 4440 1015 4489 43.
1036 4454 1078 4487 a.
1100 4436 1133 4489 i.
1168 4438 1227 4489 sd
1250 4440 1298 4487 4.
1482 4440 1567 4505 (2)
1607 4438 1789 4503 Mayol.
1812 4440 1960 4508 Disp.
1986 4440 2237 4493 Praeamb.
2258 4456 2338 4505 qu.
2353 4440 2420 4490 iii.
2445 4447 2529 4489 art.
2553 4441 2632 4491 vii.

1232 4525 1312 4590 (3)
1348 4522 1409 4573 L.
1430 4524 1481 4575 ii.
1503 4524 1666 4575 Tract.
1687 4526 1755 4575 iii.
1777 4542 1827 4576 n.
1845 4528 1927 4576 4⁶.
