3117 5217
1123 578 1246 637 DE
1287 576 1881 637 EMPHYTEUSI.
2483 578 2600 632 207

1293 1063 1579 1122 CAPUT
1616 1064 1725 1123 XI.

1197 1228 1206 1306 J
1238 1258 1316 1297 ns:
1357 1258 1770 1298 nmrmr'musr.

511 1412 647 1464 142.
691 1408 1137 1484 Emphyteusis,
1186 1427 1312 1479 quae
1356 1428 1469 1466 vox
1512 1420 1601 1466 est
1642 1409 1863 1476 Graeca,
1892 1418 1980 1465 est
2016 1419 2333 1467 contractus
2374 1426 2487 1478 quo
2528 1407 2610 1464 rei

427 1506 739 1564 immobilis
767 1505 1080 1564 dominium
1101 1506 1238 1564 utile
1266 1507 1613 1576 transfertur,
1637 1508 1852 1565 directo
1877 1516 2114 1575 retento,
2142 1508 2249 1565 sub
2276 1524 2447 1563 onere
2470 1524 2609 1581 pen-

423 1606 604 1663 sionis
635 1624 856 1662 annuae.
943 1605 1276 1663 Tenebatur
1314 1606 1686 1682 emphyteuta
1723 1625 1844 1665 rem
1874 1606 2097 1664 efficere
2139 1606 2319 1682 magis
2361 1604 2607 1662 fructuo-

337 1760 351 1773 ‚
423 1722 565 1769 sam,
595 1722 728 1760 nam
771 1722 802 1759 a
843 1704 1100 1761 serendis
1146 1703 1434 1762 arboribus
1475 1722 1591 1763 vox
1636 1714 1863 1782 sumpta
1899 1714 2022 1763 est:
2067 1723 2136 1763 eo
2182 1704 2365 1780 magis
2408 1721 2608 1760 cavere

423 1799 661 1858 debebat
685 1821 759 1859 ne
787 1801 1034 1859 deterius
1061 1802 1338 1879 praedium
1365 1803 1651 1863 evaderet.
1692 1805 1757 1861 Si
1788 1803 2139 1881 neglexisset
2158 1822 2261 1880 per
2286 1814 2399 1859 tres
2428 1819 2607 1858 annos

422 1900 762 1974 pensionem
809 1901 1050 1968 solvere,
1098 1901 1428 1978 ejiciebatur
1471 1922 1545 1959 ex
1593 1904 1829 1978 praedio,
1872 1902 1964 1960 vel
2010 1902 2221 1959 aedibus
2244 1898 2292 1963 :²
2330 1902 2450 1958 imo
2483 1909 2612 1976 post

419 1997 734 2065 biennium,
765 2000 816 2055 si
843 2000 1226 2058 ecclesiastica
1250 2011 1403 2058 esset
1427 2002 1849 2079 emphyteusis.
1911 2002 2141 2059 Poterat
2167 2020 2200 2057 a
2226 1998 2459 2057 domino
2488 1997 2608 2056 exi-

423 2114 554 2171 gere
583 2099 827 2172 pretium
859 2097 1338 2166 meliorationum,
1384 2119 1525 2170 quas
1564 2101 1755 2159 Graeci
1797 2101 2061 2158 dicebant
2084 2092 2457 2167 ἔμποννὲματα,’
2482 2100 2613 2156 etsi
2654 2100 2659 2105 ’

418 2195 662 2253 noluerit
688 2196 840 2263 dare,
863 2197 960 2273 jus
1007 2196 1406 2274 emphyteusis
1447 2198 1514 2255 ad
1559 2199 1731 2256 alium
1775 2199 1902 2274 lege
1948 2195 2215 2256 idoneum
2261 2190 2613 2255 transferre.³

413 2292 477 2349 Si
504 2296 586 2351 rei
608 2294 872 2351 interitus
902 2313 976 2353 ex
1019 2296 1336 2354 calamitate
1365 2295 1609 2369 quadam
1656 2298 1979 2373 contigerit,
2023 2296 2093 2353 ad
2133 2297 2471 2371 pensionem
2501 2291 2611 2349 sol-

423 2390 662 2449 vendam
691 2409 808 2471 non
836 2394 1148 2451 tenebatur.
1233 2394 1406 2468 Apud
1431 2414 1538 2453 nos
1581 2398 1700 2471 agri
1739 2393 2042 2466 aliquando
2068 2393 2361 2452 traduntur
2385 2412 2453 2451 ea
2478 2411 2613 2449 con-

419 2486 656 2556 ditione,
685 2497 749 2546 ut
775 2488 919 2547 intra
944 2488 1233 2561 quoddam
1275 2493 1555 2566 temporis
1596 2494 1844 2569 spatium
1872 2501 1955 2549 tot
1986 2493 2191 2567 jugera
2220 2493 2357 2549 fiant
2384 2492 2613 2548 culturae

423 2585 647 2655 idonea,
678 2586 965 2646 arboribus
1007 2588 1240 2654 excisis,
1271 2598 1329 2644 et
1352 2601 1415 2645 ut
1440 2590 1676 2663 sepibus
1717 2590 1835 2665 agri
1872 2590 2311 2656 circumdentur,
2340 2598 2399 2645 et
2422 2588 2613 2645 horre-

425 2704 543 2752 um,
573 2685 840 2759 aedesque
871 2687 1176 2763 erigantur.
1261 2687 1324 2743 Si
1355 2705 1458 2765 per
1484 2688 1616 2751 anni
1638 2686 1934 2745 dimidium
1964 2688 2168 2763 pensio
2194 2705 2312 2745 non
2339 2687 2612 2753 solvatur,

425 2794 613 2860 potest
637 2785 912 2843 dominus
939 2785 1084 2861 legis
1113 2786 1440 2845 auctoritate
1460 2787 1609 2857 bona
1636 2786 1825 2845 coloni
1850 2785 2165 2858 venditioni
2194 2802 2503 2861 exponere,
2526 2784 2617 2840 vel

429 2884 480 2941 si
509 2885 675 2959 copia
701 2903 900 2941 eorum
927 2902 1042 2941 non
1071 2884 1144 2941 sit
1170 2884 1359 2958 ipsum
1401 2885 1630 2961 ejicere.
1716 2885 1884 2961 Saepe
1924 2903 2000 2942 ex
2039 2884 2310 2941 fructibus
2353 2900 2612 2959 agrorum
2692 2884 2709 2902 ⁶

430 2981 690 3054 quaedam
721 2984 911 3057 portio
938 2980 1176 3039 domino
1202 2994 1290 3040 est
1314 2981 1589 3041 solvenda
1612 3003 1627 3039 ε
1672 3002 1782 3055 qua
1810 2984 1867 3040 in
1909 3002 1969 3041 re
1996 2981 2185 3040 coloni
2208 2982 2352 3039 fides
2380 2991 2438 3038 et
2452 2981 2618 3058 justi-

431 3081 506 3137 tia
543 3081 856 3156 spectanda
899 3090 1005 3148 est,
1047 3098 1121 3138 ne
1166 3080 1439 3141 inanibus
1488 3082 1692 3139 ductus
1737 3082 2048 3140 rationibus
2094 3100 2283 3139 rerum
2317 3082 2615 3139 veritatem

422 3179 582 3236 celet.

509 3282 644 3335 143.
687 3278 966 3339 Feudum
993 3288 1081 3337 est
1105 3292 1424 3340 contractus
1453 3300 1570 3358 quo
1597 3283 1703 3339 sub
1742 3299 1913 3340 onere
1940 3280 2226 3339 fidelitatis
2267 3289 2325 3338 et
2346 3278 2613 3351 obsequii

430 3381 746 3453 personalis
773 3379 1105 3437 transfertur
1126 3382 1210 3437 rei
1247 3381 1558 3440 immobilis
1588 3380 1906 3439 dominium
1949 3381 2106 3448 utile,
2134 3381 2347 3438 directo
2373 3386 2610 3435 retento·

430 3476 520 3533 Ea
560 3476 928 3536 contrahendi
969 3477 1109 3536 ratio
1153 3480 1344 3539 medio
1385 3481 1565 3556 viguit
1600 3497 1743 3545 aevo,
1785 3479 1933 3555 agris
1973 3480 2247 3536 militibus
2288 3475 2501 3533 traditis
2542 3491 2613 3530 eo

485 3663 570 3729 (1)
609 3662 668 3710 L.
691 3663 740 3711 ii.
765 3662 888 3712 Cod.
910 3664 970 3714 de
987 3665 1114 3731 jun
1135 3663 1517 3730 emphyteutico.
1586 3662 1709 3725 “By
1731 3662 1813 3709 the
1848 3660 1961 3709 civil
2000 3660 2109 3717 law,
2142 3657 2187 3706 if
2213 3674 2242 3706 a
2275 3660 2451 3720 tenant
2480 3655 2595 3703 who

417 3745 530 3795 held
551 3747 690 3795 lands
711 3736 846 3811 upon
867 3755 1100 3811 payment
1121 3748 1178 3796 of
1188 3756 1298 3796 rent
1318 3764 1372 3796 or
1394 3747 1613 3805 services,
1631 3763 1685 3794 or
1707 3748 1837 3809 ‘jure
1859 3739 2249 3806 emphyteutico,’
2274 3738 2525 3801 neglected
2542 3746 2593 3789 to

416 3847 511 3895 pay
535 3848 589 3880 or
607 3832 816 3897 perform
837 3848 922 3895 per
943 3837 1104 3886 totum
1129 3832 1427 3889 ἱπέπηὲαηι,
1443 3831 1506 3879 he
1523 3831 1681 3891 might
1700 3832 1760 3878 be
1782 3829 1962 3894 ejected
1978 3827 2101 3876 from
2124 3827 2245 3875 such
2268 3825 2595 3889 emphyteutic

417 3914 570 3963 landa.
595 3950 607 3962 .
633 3949 645 3963 .
681 3916 792 3964 The
814 3932 947 3965 same
968 3917 1164 3979 remedy
1185 3917 1228 3965 is
1249 3917 1302 3965 in
1325 3917 1583 3964 substance
1617 3913 1820 3977 adopted
1841 3915 1905 3976 by
1929 3918 2105 3961 statute
2125 3911 2189 3959 11.
2212 3911 2337 3959 Geo.
2356 3910 2419 3958 11.
2442 3926 2486 3959 c.
2512 3912 2590 3957 19.

417 4003 464 4058 §-
491 3999 599 4047 16.”
670 4000 952 4049 Blackston.
978 4000 1174 4050 Comm.
1196 4003 1227 4049 l.
1250 4001 1318 4050 iii.
1341 4016 1392 4048 n.
1416 4001 1532 4048 233.

483 4084 568 4149 (2)
605 4083 838 4145 Anglice:
872 4084 1269 4152 improvements.
1474 4082 1558 4149 (3)
1600 4082 1660 4131 L.
1682 4082 1749 4131 iii.
1773 4082 1896 4131 Cod.
1918 4081 1977 4133 de
1994 4083 2121 4149 jure
2143 4081 2523 4149 emphyteutico.

487 4169 572 4233 (4)
612 4176 640 4199 ‘⁴
653 4166 826 4216 When
862 4175 969 4216 rent
1006 4168 1050 4216 is
1083 4166 1178 4217 due
1213 4167 1309 4217 and
1343 4166 1541 4230 unpaid,
1577 4166 1673 4215 end
1695 4167 1839 4216 when
1862 4182 1930 4215 no
1961 4166 2223 4231 judgment
2242 4167 2297 4215 in
2322 4184 2353 4215 a
2372 4166 2595 4229 personat

416 4253 579 4302 action
599 4252 690 4301 has
709 4253 832 4301 been
854 4252 952 4301 had
972 4252 1046 4300 for
1058 4251 1140 4300 the
1161 4267 1385 4314 recovery
1409 4251 1466 4299 of
1479 4251 1560 4299 the
1584 4268 1731 4311 same,
1749 4252 1833 4299 the
1850 4251 2080 4311 lendlord,
2097 4267 2231 4315 upon
2253 4250 2463 4299 demand
2479 4266 2593 4313 may

413 4345 550 4388 enter
570 4337 913 4400 immediately,
934 4338 1000 4400 by
1022 4337 1223 4385 himself
1246 4352 1300 4385 or
1320 4336 1398 4385 his
1419 4342 1579 4397 agent,
1602 4352 1737 4400 upon
1770 4337 1852 4385 the
1872 4336 2088 4385 demised
2111 4337 2355 4399 promises,
2378 4336 2477 4384 and
2496 4335 2591 4383 dis-

411 4424 536 4472 tnin
558 4438 656 4485 any
678 4421 830 4483 goods
853 4421 948 4469 and
971 4421 1172 4470 chattels
1193 4420 1297 4469 that
1319 4436 1398 4469 are
1421 4426 1470 4469 to
1505 4422 1565 4468 be
1605 4421 1759 4471 found
1793 4420 1940 4481 there,
1962 4421 2225 4482 belonging
2247 4426 2297 4469 to
2318 4419 2401 4467 the
2422 4424 2591 4467 tenant

411 4522 465 4555 or
486 4506 691 4557 others.”
761 4505 937 4555 Kent's
961 4505 1154 4555 Comm.
1175 4506 1270 4555 vol.
1291 4506 1359 4555 ιιι.
1381 4522 1431 4554 ιι.
1454 4506 1571 4553 476.
