3117 5217
573 545 692 600 396
1183 541 1296 600 DE
1337 541 2115 600 IRREGULARITATE.

575 708 720 766 sorte
745 708 934 781 aliqua
957 708 1294 776 accelerant,
1336 708 1472 766 dum
1499 726 1631 766 eum
1658 715 1897 775 vertunt,
1927 707 2019 764 vel
2058 708 2117 765 in
2156 705 2329 764 alium
2356 707 2551 764 locum
2580 715 2754 762 trans-

575 807 780 864 ferunt.
865 817 902 842 “
925 807 1026 865 Sic
1050 809 1220 867 etiam
1248 827 1364 866 non
1403 809 1468 865 fit
1493 807 1815 882 irregularis
1856 806 2121 864 sacerdos
2152 807 2367 882 jubens
2394 804 2525 860 fieri
2550 805 2754 860 abscis-

575 907 798 964 sionem
827 908 1064 964 membri
1091 908 1472 983 praescriptam
1501 926 1536 964 a
1561 905 1807 973 medico,
1834 905 2007 964 modo
2035 905 2159 980 ipse
2180 924 2295 962 non
2316 915 2635 975 exequatur
2655 943 2669 958 .
2691 944 2706 959 .
2736 942 2752 958 .

576 1004 764 1063 Immo
791 1006 1028 1062 multum
1057 1007 1422 1081 probabiliter
1448 1005 1731 1071 Concina,
1762 1023 1819 1080 p.
1842 1008 1981 1072 501,
2003 1025 2061 1062 n.
2086 1007 2185 1072 20,
2214 1005 2423 1061 eximit
2442 1003 2519 1059 ab
2549 1004 2755 1076 irregu-

575 1104 788 1162 laritate
815 1105 914 1177 qui
941 1103 1230 1181 adjuvaret
1255 1106 1586 1180 chirurgum
1622 1122 1873 1179 congrue
1900 1104 2256 1162 mutilantem
2284 1093 2659 1178 aegrotum.”¹
2742 1095 2757 1103 ’

663 1205 796 1260 112.
841 1203 908 1262 In
937 1203 1086 1262 bello
1113 1203 1413 1272 offensivo,
1441 1204 1575 1284 licet
1604 1204 1783 1279 justo,
1826 1203 2149 1279 irregularis
2176 1202 2240 1258 fit
2266 1202 2365 1274 qui
2404 1200 2587 1258 alium
2612 1199 2754 1257 occi-

579 1300 680 1368 dit,
713 1301 802 1358 vel
831 1303 1086 1360 mutilat:
1131 1321 1248 1361 non
1273 1305 1408 1360 item
1438 1304 1537 1376 qui
1568 1302 1817 1358 hortatur
1842 1303 1987 1360 alios
2012 1301 2081 1358 ad
2124 1301 2337 1358 fortiter
2360 1301 2757 1376 pugnandum,

577 1399 668 1456 vel
693 1401 794 1472 qui
819 1401 1066 1460 custodit
1089 1403 1358 1470 sarcinas,
1387 1402 1524 1460 alias
1551 1402 1953 1477 pugnantibus.
2014 1401 2085 1458 In
2112 1399 2263 1458 bello
2286 1399 2527 1474 injustO,
2560 1399 2619 1455 in
2645 1417 2757 1470 quo

577 1500 786 1573 aliquis
811 1501 1107 1568 occiditur,
1135 1519 1336 1558 omnes
1365 1501 1508 1558 fiunt
1531 1501 1886 1576 irregulareS‚
1909 1500 2007 1571 qui
2034 1510 2375 1575 pugnarunt,
2400 1497 2493 1554 vel
2522 1498 2625 1570 qui
2644 1499 2761 1554 ani-

579 1617 706 1658 mos
733 1598 1068 1658 addiderunt
1093 1601 1492 1676 pugnantibus.
1536 1600 1607 1656 In
1628 1599 1775 1656 bello
1802 1599 2115 1664 defensivo,
2142 1601 2303 1674 justo
2330 1607 2389 1654 et
2408 1597 2757 1662 necessario,

579 1698 903 1774 irregularis
943 1718 1058 1756 non
1097 1709 1184 1757 est
1217 1701 1316 1772 qui
1356 1700 1564 1767 alium,
1580 1717 1643 1755 se
1684 1697 2058 1764 defendendO,
2106 1697 2333 1763 occidit,
2374 1705 2607 1752 servato
2648 1715 2763 1752 mo-

579 1797 872 1856 deramine
917 1800 1216 1874 inculpatoe
1259 1799 1442 1856 tutelae
1467 1792 1517 1855 :²
1543 1797 1643 1854 sed
1670 1799 1769 1868 qui
1814 1797 1955 1854 alios
1994 1806 2154 1854 extra
2192 1794 2533 1872 hujusmodi
2571 1813 2763 1852 neces-

577 1899 800 1954 sitatem
827 1898 1110 1963 interficit,
1141 1897 1460 1972 irregularis
1489 1917 1520 1952 a
1549 1897 1743 1954 multis
1770 1889 2059 1954 habetur.³

661 1998 794 2050 113.
837 1995 1166 2070 Irregularis
1203 2013 1318 2052 non
1359 1994 1453 2051 fit:
1497 1994 1545 2052 Ι.
1590 1995 1879 2074 magister,
1922 1995 2021 2066 qui
2060 1992 2425 2066 discipulum,
2468 1993 2565 2050 vel
2608 1991 2761 2069 pater

579 2093 678 2166 qui
703 2091 886 2150 filium
917 2093 1202 2150 moderate
1230 2094 1504 2159 verberat,
1547 2094 1914 2152 correctionis
1956 2111 2142 2160 causa,
2184 2089 2319 2148 licet
2344 2109 2479 2148 casu
2524 2111 2605 2148 ex
2644 2110 2766 2166 per-

579 2193 844 2250 cussione
879 2211 1020 2270 puer
1059 2191 1360 2250 moriatur:
1403 2193 1482 2250 ΙΙ.
1525 2195 1624 2264 qui
1664 2193 1971 2264 equitando
2010 2193 2069 2250 in
2110 2209 2259 2263 equo
2300 2191 2480 2249 feroci
2524 2209 2765 2266 puerum

581 2291 884 2359 occiderit3
927 2311 1092 2350 secus
1119 2294 1169 2350 si
1197 2294 1320 2368 ipse
1348 2293 1556 2359 ebrius,
1598 2291 1690 2348 vel
1735 2301 1943 2349 temere
1986 2292 2047 2348 in
2091 2291 2307 2348 turbam
2350 2291 2602 2356 struem,
2633 2288 2767 2347 furi-

581 2388 756 2447 bundi
784 2392 977 2458 instar,
1021 2392 1272 2463 aliquem
1309 2409 1460 2462 equo
1503 2390 1837 2448 conculcet:
1880 2390 1993 2449 III.
2036 2391 2136 2463 qui
2174 2407 2395 2456 canem,
2442 2390 2537 2447 vel
2580 2389 2760 2447 feram

581 2488 827 2546 ferocem
853 2490 970 2558 alit,
999 2489 1215 2548 cautela
1239 2499 1458 2547 servata
1495 2507 1569 2548 ne
1610 2489 1737 2548 aliis
1778 2499 1997 2556 noceat,
2042 2507 2211 2562 quam
2256 2499 2445 2546 tamen
2486 2489 2769 2564 contingit

583 2587 718 2664 fuga
743 2589 1004 2657 evadere,
1033 2600 1090 2646 et
1113 2590 1360 2661 aliquem
1399 2589 1655 2647 occidere
1678 2608 1691 2646 :
1736 2607 1905 2646 secus
1932 2589 1985 2646 si
2008 2607 2137 2644 eam
2164 2596 2351 2644 teneat
2374 2588 2437 2644 in
2465 2590 2581 2655 via,
2610 2588 2769 2645 nulla

585 2689 804 2745 cautela
831 2688 1110 2746 adhibita:
1154 2689 1262 2746 IV.
1305 2689 1581 2756 medicuS,
1611 2689 1709 2759 qui
1746 2707 1883 2746 casu
1910 2687 2275 2764 pharmacum
2308 2687 2523 2762 praebet
2548 2706 2625 2744 ex
2652 2705 2769 2758 quo

589 2786 800 2844 infirmi
828 2807 978 2846 mors
1019 2797 1324 2860 sequatur:
1367 2806 1531 2844 secus
1572 2789 1620 2844 si
1664 2797 1875 2844 temere
1916 2787 2151 2844 dederit.
2236 2765 2520 2852 ClericuS,
2550 2788 2605 2844 si
2632 2787 2773 2844 inci-

583 2886 744 2942 sione
775 2887 864 2942 vel
891 2887 1184 2944 adustione
1213 2906 1384 2945 causa
1409 2888 1484 2944 sit
1511 2887 1727 2952 mortis,
1756 2886 1889 2944 dum
1931 2885 2147 2942 mederi
2172 2884 2363 2942 studet
2400 2885 2656 2953 infirm0‚
2698 2885 2771 2941 ir-

583 2984 856 3058 regularis
883 2985 967 3051 fit,
996 3004 1174 3057 quum
1199 2994 1438 3058 utraque
1465 2988 1520 3044 ei
1541 2987 1715 3044 vetita
1738 2987 1830 3053 sit,
1854 2987 1959 3044 sub
1984 3003 2051 3040 ea
2072 3001 2274 3060 poena:
2304 2984 2407 3041 sed
2434 2994 2762 3054 excusatur,

585 3083 635 3138 si
661 3101 780 3139 rem
809 3083 1164 3159 aggrediatur
1189 3085 1261 3141 ob
1301 3087 1498 3162 aegroti
1537 3085 1955 3152 necessitatem,
1996 3084 2153 3140 nullo
2193 3083 2421 3140 medico
2460 3079 2773 3141 adstante.⁴

586 3179 848 3237 Clericus
875 3200 1146 3256 accusans
1186 3200 1366 3249 reum,
1397 3185 1448 3241 si
1487 3193 1827 3258 protestetur
1868 3201 1929 3240 se
1968 3183 2119 3240 nolle
2146 3183 2484 3258 sanguinem
2522 3183 2770 3246 funden-

581 3277 741 3340 dum,
789 3295 908 3334 non
953 3279 1189 3334 habetur
1231 3281 1573 3354 irregularia,
1622 3282 1757 3338 licet
1800 3283 2090 3358 contingat
2131 3300 2264 3338 eum
2308 3292 2493 3339 morte
2542 3276 2769 3357 plecti.⁵

586 3373 872 3434 Occidens
896 3395 1290 3454 aggressorem
1333 3378 1563 3436 alterius
1604 3381 1950 3448 innocentie,
1978 3383 2149 3439 etiam
2192 3381 2365 3466 patris
2404 3382 2517 3447 sui,
2544 3381 2611 3438 fit
2635 3382 2773 3439 irre-
2828 3439 2831 3442 ,

587 3475 814 3554 galat-ie,
844 3475 980 3534 licet
1005 3497 1120 3536 non
1151 3489 1366 3552 peccet.

667 3580 692 3632 1
707 3560 800 3632 1‘4.
847 3577 945 3634 Ex
971 3577 1191 3634 defectu
1219 3573 1589 3656 bonaefamae
1610 3591 1749 3636 sunt.
1759 3580 2114 3656 irregulares,
2138 3580 2237 3652 qui
2256 3580 2386 3655 jure
2410 3578 2769 3650 declarantur
2864 3645 2869 3648 ,

591 3675 836 3734 infames
859 3669 906 3742 ;ὃ
946 3678 1036 3734 vel
1063 3677 1160 3749 qui
1185 3678 1461 3760 sententia
1494 3677 1707 3753 judicis
1736 3679 1983 3760 damnati
2014 3687 2147 3735 suut
2172 3679 2445 3754 gravioris
2472 3679 2772 3744 criminis;

589 3775 680 3833 vel
707 3775 804 3847 qui
854 3776 1190 3850 plerumque
1231 3786 1543 3835 noscuntur
1582 3795 1751 3854 grave
1790 3777 2091 3835 admisisse
2130 3778 2353 3834 scelus:
2400 3777 2491 3834 vel
2516 3777 2777 3835 officium

587 3872 799 3930 infame
827 3877 1074 3950 gessisse
1099 3896 1113 3931 :
1156 3895 1211 3943 v,
1239 3896 1312 3952 g:
1359 3875 1649 3934 histrionis
1678 3897 1807 3934 cum
1838 3860 2091 3952 turpibus
2120 3867 2773 3953 repraesentationibus:⁷

587 3971 679 4028 vel
703 3973 804 4043 qui
832 3975 947 4031 nati
973 3984 1106 4032 sunt
1129 3994 1204 4032 ex
1231 3976 1555 4052 parentibus
1570 3965 1696 4052 :iam
1724 3977 2066 4034 infamibus:
2112 3995 2167 4044 v,
2197 3997 2268 4053 g:
2314 3994 2390 4034 ex
2418 3963 2773 4033 meretrice.⁸

595 4068 970 4145 Dispensatio
997 4076 1316 4131 necessaria
1341 4084 1427 4131 est
1453 4077 1677 4148 quoties
1706 4076 1983 4151 quis-jure
2011 4077 2159 4152 ipso,
2188 4076 2279 4132 vel
2306 4076 2585 4132 sententia
2618 4072 2778 4151 judi-

661 4213 746 4280 (1)
785 4211 837 4260 S.
861 4213 1008 4276 Alph.
1033 4216 1064 4264 l.
1087 4217 1168 4265 vii.
1191 4234 1240 4266 n.
1265 4221 1382 4268 382.
1584 4255 1589 4259 .
1857 4214 2137 4286 (2)<Clem.
2156 4219 2215 4269 de
2236 4218 2519 4270 homicidio.

660 4300 739 4364 (3)
777 4297 899 4362 Cap.
923 4298 1055 4346 xxiV.
1082 4299 1140 4348 de
1163 4301 1392 4353 homicid.
1856 4306 1940 4369 (4)
1980 4303 2108 4353 Vide
2130 4304 2183 4351 S.
2205 4305 2356 4366 Alph.
2379 4305 2411 4353 l.
2434 4305 2516 4352 vii.
2539 4321 2589 4352 n.
2614 4306 2732 4353 384.

663 4387 747 4450 (5)
787 4382 908 4448 Cap.
931 4383 1144 4432 Praelatis
1165 4385 1224 4434 de
1245 4385 1475 4438 homicid.
1499 4388 1552 4437 in
1578 4391 1625 4437 6.
1858 4391 1942 4455 (6)
1984 4387 2109 4451 Cap.
2130 4388 2357 4448 Infirmes,
2382 4391 2429 4437 6.
2452 4405 2535 4452 qu.
2557 4389 2591 4438 i.

665 4469 749 4535 (7)
790 4469 841 4517 S.
865 4469 1013 4533 Alph.
1036 4471 1068 4518 1.
1090 4469 1172 4518 vii.
1193 4486 1244 4518 n.
1267 4472 1380 4546 3633.
1872 4477 1957 4539 (8)
1994 4473 2193 4522 Ibidem.
