3117 5217
612 589 734 644 260
1367 581 1482 640 DE
1527 581 1701 640 BEN
1708 579 2035 641 EFICIIS.

613 766 722 808 nus
741 746 1056 822 completus
1078 739 1124 810 3¹
1153 743 1224 802 ad
1239 745 1505 812 abbatias,
1525 745 1827 822 dignitates
1854 756 1911 803 et
1930 747 2205 822 paroecias
2230 745 2539 822 vigesimus
2560 744 2763 818 quintus

619 835 986 909 inchoatus?
1023 842 1094 900 ad
1133 843 1438 918 dignitates
1477 845 1691 922 absque
1718 864 1851 902 cura
1890 846 2228 912 animarum,
2264 859 2447 902 annus
2484 845 2767 921 vigesimus

617 941 900 1003 secundus
925 941 1246 1016 completus
1271 936 1318 1008 3³
1345 941 1416 998 ad
1437 943 2009 1031 beneficiansimplicia
2028 961 2207 1000 annus
2228 942 2483 1000 decimus
2504 952 2711 1015 quartus
2731 936 2769 1009 3⁴

619 1043 688 1100 ad
715 1041 1107 1100 canonicatum
1135 1041 1390 1098 ecclesiae
1417 1041 1753 1099 cathedralis
1782 1060 1962 1099 annus
1996 1042 2309 1117 vigesimus
2338 1041 2614 1101 secundus
2638 1059 2766 1098 com-

618 1140 821 1217 pletus.
907 1143 966 1196 4.
1013 1137 1326 1197 Coelibatus
1354 1140 1677 1210 requiritur,
1707 1142 1785 1197 ita
1808 1149 1869 1198 ut
1894 1142 1991 1212 qui
2019 1141 2349 1216 conjugium
2381 1141 2503 1208 init,
2524 1142 2643 1216 ipso
2659 1141 2765 1216 jure

619 1239 833 1296 amittat
856 1230 1254 1296 beneficium.⁵
1319 1236 1679 1314 conjugatus
1706 1237 1777 1296 ad
1818 1240 2093 1297 beneficia
2120 1257 2237 1296 non
2264 1239 2587 1305 admittitur,
2628 1237 2765 1294 “nisi
2788 1313 2799 1321 .

619 1338 764 1396 sorte
791 1337 1105 1395 castitatem
1135 1346 1367 1394 voveret
1395 1347 1747 1412 perpetuam,
1778 1347 1835 1394 et
1860 1338 1958 1409 qui
1981 1339 2206 1394 unicam
2237 1346 2294 1395 et
2318 1338 2591 1412 virginem
2620 1337 2764 1393 habu-

619 1438 758 1493 isset
801 1428 1139 1494 uxorem.’'⁶
1219 1439 1276 1491 5.
1337 1434 1673 1492 Immunitas
1718 1455 1751 1492 a
1796 1455 2035 1494 censura
2080 1444 2138 1492 et
2179 1436 2581 1511 irregularitate
2624 1436 2764 1491 etiam

617 1534 859 1602 occulta,
889 1535 1207 1592 necessaria
1233 1543 1358 1600 est3
1402 1533 1653 1606 alioquin
1693 1535 1847 1592 nulla
1888 1544 1979 1590 est
2014 1535 2280 1592 beneficii
2306 1535 2552 1602 collatio,
2588 1544 2643 1590 et
2664 1550 2763 1604 quae

619 1635 673 1691 ei
715 1636 1006 1709 praecessit
1049 1633 1270 1698 electio,
1319 1634 1701 1708 praesentatio,
1748 1634 1841 1690 vel
1886 1634 2195 1709 resignatio
2246 1635 2306 1690 in
2352 1627 2649 1691 savorem.⁷
2716 1634 2760 1686 6.

622 1733 856 1791 Morum
887 1733 1136 1809 probitas
1163 1727 1579 1799 desideratur3²³
1618 1741 1863 1789 attamen
1890 1733 2121 1791 collatio
2148 1750 2249 1807 per
2275 1727 2337 1788 se
2366 1753 2483 1792 non
2512 1742 2595 1788 est
2618 1729 2761 1794 nulla,

619 1833 732 1890 nisi
749 1832 966 1889 crimen
987 1849 1306 1896 censuram,
1326 1829 1416 1886 vel
1437 1817 1902 1907 irregularitatem
1924 1849 2203 1888 annexam
2225 1823 2477 1889 habeat.⁹
2512 1838 2570 1889 7.
2599 1830 2765 1886 Scien-

621 1932 694 1988 tia
721 1930 1040 1986 necessaria
1067 1927 1136 1984 ad
1163 1946 1400 1986 munera
1427 1930 1706 1986 beneficio
1748 1949 1971 1987 annexa
1996 1929 2257 1987 obeunda
2281 1924 2651 2003 requiritur.¹⁰
2718 1931 2762 1982 8.

621 2025 899 2102 Corporis
929 2044 1159 2098 quoque
1189 2026 1479 2102 aptitudo:
1522 2047 1711 2085 caecus
1740 2029 1957 2086 scilicet
1998 2046 2115 2086 non
2142 2040 2339 2104 posset
2364 2029 2435 2085 ad
2462 2026 2764 2086 beneficium

620 2125 775 2202 eligi,
817 2126 1080 2196 quamvis
1123 2125 1264 2184 illud
1305 2144 1420 2184 non
1463 2129 1699 2194 amittat,
1744 2128 1993 2184 caecitate
2036 2129 2497 2203 superveniente.
2577 2129 2629 2182 9.
2668 2124 2765 2180 Vo-

621 2225 768 2282 catio
807 2219 1077 2282 divina.¹¹
1164 2229 1256 2282 10.
1299 2225 1546 2285 Intentio
1579 2226 1999 2302 perseverandi,
2048 2235 2105 2282 et
2144 2217 2496 2302 suscipiendi
2540 2223 2763 2284 ordinem

621 2325 842 2381 muneri
889 2341 994 2380 suo
1053 2325 1459 2391 necessarium,
1507 2325 1785 2401 exigitur:
1848 2343 1961 2402 qua
2004 2324 2323 2392 deficiente,
2370 2344 2498 2382 reus
2538 2330 2764 2381 censetur

621 2422 841 2497 peccati
868 2421 1140 2489 mortalis,
1179 2423 1442 2493 quamvis
1485 2443 1619 2482 eum
1662 2422 1730 2479 ad
1772 2423 2181 2481 restituendum
2224 2425 2458 2491 fructuS,
2485 2425 2533 2479 si
2569 2419 2765 2479 solverit

621 2519 895 2587 officium,
919 2519 1174 2594 plerique
1205 2520 1456 2597 theologi
1485 2541 1600 2580 non
1637 2523 1834 2597 ligent,
1878 2523 2139 2598 implevit
2174 2523 2395 2580 scilicet
2438 2540 2579 2579 onus
2604 2520 2693 2576 der
2713 2515 2765 2574 id

627 2620 902 2696 temporis
931 2620 1342 2695 praescriptum.
1429 2621 1598 2686 Quod
1627 2623 1676 2677 si
1704 2622 2007 2694 paroeciam
2034 2623 2347 2696 susceperit
2372 2622 2579 2692 absque
2604 2620 2765 2675 animo

623 2717 976 2795 suscipiendi
1019 2717 1394 2776 sacerdotium
1437 2722 1581 2777 intra
1626 2736 1856 2785 annum,
1900 2729 1956 2775 et
1982 2722 2234 2778 animum
2283 2718 2437 2776 haud
2482 2716 2762 2778 mutaverit,

623 2827 843 2874 tenetur
863 2826 990 2873 ante
1017 2835 1250 2874 omnem
1271 2819 1607 2875 sententiam
1635 2818 1849 2874 fructus
1877 2829 2173 2894 perceptos
2200 2819 2516 2886 restituere,
2538 2826 2593 2875 et
2614 2813 2767 2872 dimit-

624 2927 740 2971 tere
764 2915 1142 2972 beneficium:
1187 2933 1258 2972 eo
1284 2916 1435 2972 enim
1465 2917 1715 2991 privatur
1740 2917 1869 2990 ipso
1896 2913 2126 2974 factost*²

709 3016 840 3070 109.
884 3012 1057 3070 Plura
1082 3012 1380 3081 beneficia,
1421 3015 1589 3072 etiam
1622 3014 1920 3088 simplicia,
1949 3015 2119 3072 simul
2158 3015 2401 3072 retinere
2428 3013 2702 3076 nonlicet,
2727 3009 2767 3064 si

623 3130 801 3168 unum
829 3131 1138 3186 congruam
1178 3113 1501 3188 suppeditet
1539 3113 2045 3172 sustentationem:
2090 3131 2257 3170 secus
2299 3112 2631 3170 beneficium
2655 3110 2767 3165 sim·

623 3208 758 3283 plex
787 3208 945 3265 alteri
972 3209 1280 3285 adjungere
1307 3211 1516 3268 licebit.
1530 3204 1577 3238 ¹³

706 3310 730 3361 1
747 3309 838 3362 10.
860 3305 1104 3381 Indigno
1120 3307 1374 3365 conferre
1391 3308 1752 3377 beneficium,
1768 3311 1936 3372 etiam
1956 3311 2222 3386 simplex,
2241 3319 2533 3386 peccatum
2552 3318 2632 3365 est
2644 3321 2767 3363 mor-

622 3404 749 3471 tale,
768 3423 898 3462 nam
917 3405 1196 3462 Ecclesiae
1214 3417 1496 3482 praecepto
1515 3407 1683 3482 plane
1701 3418 1992 3486 repugnat,
2004 3404 2053 3437 ¹⁴
2068 3417 2125 3466 et
2142 3410 2201 3466 in
2216 3410 2473 3466 ecclesiae
2491 3405 2763 3483 perniciem

623 3504 790 3563 cedit.
872 3504 1070 3562 Minus
1099 3503 1270 3582 digno
1297 3506 1550 3563 conferre
1578 3508 1986 3584 episcopatum,
2018 3509 2399 3582 praetermisso
2426 3501 2671 3582 digniori,
2696 3507 2765 3554 est

622 3614 915 3680 peccatum
961 3604 1216 3672 mortale,
1258 3616 1425 3681 prout
1452 3605 1755 3663 declaravit
1780 3606 2085 3664 concilium
2115 3606 2537 3672 Tridentinum‚
2577 3601 2757 3658 dicens,

698 3747 782 3810 (1)
825 3746 946 3809 Cap.
969 3746 1050 3794 vii.
1069 3746 1128 3794 de
1151 3747 1283 3795 elect.
1674 3749 1756 3810 (2)
1798 3745 1952 3793 Cone.
1974 3745 2113 3792 Trid.
2133 3745 2263 3794 Sess.
2287 3746 2420 3794 xxiv.
2438 3761 2477 3793 c.
2498 3741 2591 3792 xiii.
2642 3741 2647 3748 '

696 3829 781 3894 (3)
820 3829 1018 3878 Ibidem.
1660 3831 1743 3895 (4)
1760 3831 1765 3838 '
1783 3829 1981 3889 Ibidem,
2005 3829 2135 3877 Sess.
2157 3830 2298 3878 xxiii.
2316 3846 2362 3878 c.
2382 3830 2443 3877 vi.

694 3911 780 3975 (5)
820 3912 944 3974 Cap.
967 3912 1017 3960 ii.
1039 3913 1108 3963 iii.
1130 3930 1182 3961 v.
1203 3921 1250 3962 et
1273 3913 1370 3963 viii.
1393 3914 1454 3963 de
1475 3915 1632 3963 cleric.
1656 3915 1851 3978 conjug.

696 3995 780 4059 (6)
823 3994 944 4058 Cap.
966 3997 1017 4045 ii.
1041 3998 1146 4046 eod.
1170 3999 1241 4047 tit.

698 4080 778 4144 (7)
817 4079 876 4126 C.
900 4079 982 4128 vii.
1005 4082 1064 4130 de
1089 4083 1243 4132 cleric.
1267 4100 1452 4133 excom.
1477 4101 1518 4133 c.
1544 4085 1641 4133 viii.
1664 4091 1787 4134 oetat.
1822 4092 1883 4133 et.
1918 4101 1962 4134 c.
1996 4086 2083 4134 ult.
2119 4085 2179 4134 de
2212 4085 2368 4134 cleric.
2404 4085 2620 4149 pugnant.
2648 4080 2689 4122 et
2718 4085 2749 4117 c·

625 4161 758 4212 xviii.
782 4163 842 4211 de
864 4171 986 4213 sent.
1008 4182 1194 4215 excom.
1217 4168 1270 4217 in
1295 4171 1342 4216 6.
1526 4155 1529 4162 ’
1747 4165 1753 4170 ’

696 4250 780 4314 (8)
821 4245 976 4295 Conc.
999 4249 1134 4297 Trid.
1158 4250 1286 4298 Sess.
1310 4252 1438 4300 Sess.
1461 4253 1600 4302 xxiii.
1620 4270 1660 4302 c.
1679 4254 1711 4302 i.
1821 4256 1905 4320 (9)
1948 4253 2012 4302 C.
2032 4255 2099 4302 xi.
2124 4255 2184 4303 de
2204 4270 2387 4302 excess.
2409 4253 2529 4318 prael.

695 4334 838 4398 (10),
854 4331 914 4379 C.
937 4332 1017 4380 vii.
1040 4333 1100 4381 de
1121 4334 1255 4383 elect.
1809 4341 1928 4405 (11)
1968 4339 2095 4387 Heb.
2118 4355 2163 4385 v.
2182 4340 2231 4386 4.

697 4419 814 4482 (12)
857 4417 978 4480 Cap.
1001 4433 1150 4466 xxxv.
1173 4417 1232 4465 de
1255 4419 1388 4466 elect.
1411 4419 1465 4468 in
1488 4422 1533 4466 6·
1810 4425 1928 4490 (13)
1970 4422 2124 4472 Conc.
2148 4421 2281 4472 Trid.
2300 4423 2429 4472 Sess.
2452 4421 2574 4471 xxiv.
2590 4431 2626 4465 c.
2644 4406 2737 4462 xvii·

701 4501 819 4568 (14)
859 4501 965 4549 Lat.
989 4501 1050 4550 iv.
1073 4517 1177 4564 cap.
1207 4501 1381 4560 Grave,
1404 4501 1463 4550 dc
1485 4505 1721 4566 praebend.
