3117 5217
569 531 688 588 ³66
1357 527 1470 586 DE
1515 522 1965 586 GENS'URIS.

575 696 636 754 in
663 694 900 754 hiet-esis
925 694 1161 754 crimine
1197 695 1256 753 in
1275 691 1480 752 eodem
1505 693 1632 752 soro
1656 691 2021 750 conscientiae
2048 689 2133 748 eis
2160 696 2395 754 tannim,
2417 706 2543 746 non
2570 704 2771 746 eorum

579 795 830 862 vicariis,
857 794 934 852 sit
957 787 1399 872 permissum.”¹
1439 791 1583 850 Hae-
1600 801 1787 850 tamen
1817 790 2076 850 facultate
2094 797 2389 860 nequeunt
2402 788 2483 846 uti
2504 787 2775 863 episcopi

579 894 802 953 illarum
829 893 1147 970 regionum,
1175 893 1234 954 in
1271 889 1478 964 quibus
1505 890 1811 949 concilium
1838 908 1955 948 non
1992 896 2081 946 est
2118 886 2575 964 promulgatum,
2606 893 2775 962 prout

579 992 886 1054 declaravit
919 991 984 1048 S.
1023 989 1410 1068 congregatio
1441 988 1713 1057 concilii,
1756 997 1995 1047 testante
2036 980 2366 1062 Fagnano.²
2446 986 2775 1057 Nequeunt

581 1091 862 1168 episcopi,
909 1089 1200 1148 absolvere
1242 1090 1337 1147 vel
1377 1088 1639 1165 delegare
1689 1087 2009 1146 facultatem
2054 1084 2385 1144 absolvendi
2428 1085 2490 1142 in
2542 1085 2771 1142 casibus

579 1189 878 1268 papalibus
905 1197 1068 1246 extra
1105 1199 1518 1246 sacramentum
1561 1181 1960 1264 peanitentiae.3
2040 1185 2295 1243 Possunt
2330 1202 2405 1240 ex
2440 1185 2601 1261 juris
2642 1203 2772 1241 con-

579 1289 838 1348 cessione
883 1286 1188 1364 impeditos
1235 1306 1308 1346 ne
1349 1295 1637 1344 recurrant
1674 1286 1745 1344 ad
1785 1286 2027 1362 Papam,
2068 1284 2267 1356 quales
2306 1292 2441 1342 sunt
2468 1283 2771 1349 mulieres»,

580 1389 766 1466 pueri,
794 1406 984 1454 seneS,
1012 1386 1246 1455 infirmi,
1276 1386 1591 1453 absolvere,
1618 1387 1869 1462 praestito
1897 1399 2085 1442 tamen
2098 1383 2425 1460 juramento
2454 1383 2527 1439 ab
2558 1383 2657 1448 iis,
2680 1383 2775 1453 qui

582 1497 862 1565 perpetuo
887 1505 1004 1544 non
1029 1487 1284 1545 laborant
1308 1486 1741 1562 impedimento,
1782 1502 1867 1550 se,
1914 1502 1985 1540 eo
2024 1482 2267 1548 sublat0,
2308 1481 2646 1549 Pontificis,
2689 1479 2777 1538 vel

581 1588 708 1664 ejus
751 1587 974 1663 Legati,
1016 1585 1275 1643 mandata
1318 1595 1660 1661 excepturos
1684 1579 1732 1640 :⁴
1772 1582 1927 1655 quod
1966 1581 2171 1639 debent
2209 1579 2393 1637 facere
2436 1581 2549 1637 sub
2600 1599 2771 1657 poena

583 1687 786 1744 iterum
815 1683 1182 1744 contrahendi
1220 1677 1542 1745 censuraS.⁵
1624 1691 1663 1718 ‘⁶
1688 1682 1974 1740 Moniales
2014 1699 2129 1738 non
2170 1687 2415 1756 possunt
2450 1680 2681 1737 absolvi
2708 1679 2771 1736 ab

583 1787 859 1863 episcopo
887 1805 920 1842 a
938 1803 1176 1842 censura
1201 1785 1274 1842 ob
1294 1785 1657 1841 violationem
1686 1781 1960 1838 clausurae
1994 1781 2163 1837 etiam
2192 1779 2497 1846 occultam,
2527 1789 2773 1854 excepto

585 1885 780 1942 mortis
821 1883 1076 1949 articulo,
1117 1901 1190 1939 ex
1231 1881 1607 1940 declaratione
1638 1881 1907 1958 Gregorii
1950 1879 2119 1938 XIII.
2153 1920 2170 1935 .
2201 1921 2216 1936 .
2250 1919 2265 1934 .
2297 1878 2579 1936 Pontifex
2622 1877 2774 1936 enim

583 1983 736 2039 illam
766 1983 876 2038 sibi
901 1980 1220 2057 specialiter
1257 1981 1584 2046 reservavit,
1630 1980 1895 2050 quamvis
1934 1980 2105 2036 sciret
2142 1977 2419 2036 moniales
2466 1997 2606 2036 esse
2652 1996 2774 2054 per-

585 2089 776 2158 petu0,
807 2067 1208 2156 impeditas.'’⁶
1267 2077 1434 2136 Bulla
1462 2098 1588 2151 quae
1609 2077 1817 2154 dicitur
1844 2078 1911 2136 in
1944 2077 2126 2136 Coena
2154 2073 2434 2143 Domini,
2464 2076 2772 2149 quotannis

583 2180 861 2258 publicari
881 2187 1154 2237 consueta
1179 2179 1236 2236 in
1256 2178 1355 2237 illo
1375 2176 1486 2248 die,
1504 2178 1737 2235 haeresis
1759 2177 2037 2235 absolutio
2066 2177 2354 2256 episcopis
2382 2177 2608 2234 sublata
2623 2185 2709 2234 est
2724 2169 2771 2231 :⁷

587 2291 930 2356 quapropter
956 2280 1013 2336 in
1043 2279 1168 2335 foro
1195 2277 1560 2335 conscientiae
1582 2285 1873 2348 nequeunt
1896 2295 2023 2334 eam
2064 2275 2359 2351 impertiri,
2389 2275 2508 2332 nisi
2534 2274 2773 2352 speciali

584 2377 880 2436 Pontificis
909 2377 1145 2444 indult0,
1177 2377 1330 2448 quod
1357 2377 1645 2454 episcopis
1686 2376 1947 2434 Statuum
1992 2370 2421 2438 Foederatorum
2474 2374 2775 2449 consuevit

583 2474 840 2536 concedi.
899 2476 1128 2550 Ubique
1157 2483 1344 2534 tamen
1371 2477 1430 2534 in
1459 2475 1583 2533 foro
1608 2485 1849 2534 externo
1867 2473 2167 2532 haereticus
2195 2481 2399 2550 sponte
2426 2491 2769 2549 comparens

585 2596 776 2635 coram
806 2577 1100 2654 episcope,
1147 2575 1239 2632 vel
1279 2593 1641 2648 quocumque
1678 2584 1841 2650 pacto
1880 2571 2260 2639 denuntiatuS,
2302 2571 2525 2628 absolvi
2566 2582 2769 2648 potest,

583 2689 718 2754 post
757 2695 1008 2734 errorum
1062 2693 1294 2732 suorum
1342 2675 1769 2752 abjurationem,
1822 2673 2097 2748 episcopo
2144 2681 2433 2742 tamquam
2486 2671 2766 2748 Delegato

585 2775 920 2851 Apostolico
946 2774 1594 2836 excommunicationem
1637 2772 1901 2830 tollente:
1946 2790 2059 2843 qua
2098 2770 2314 2828 sublata
2339 2789 2371 2825 a
2415 2771 2769 2828 confessario

587 2873 834 2950 simplici
863 2873 1028 2930 venia
1054 2873 1114 2930 in
1143 2872 1400 2931 tribunali
1441 2872 1785 2948 poenitentiae
1827 2869 2024 2928 donari
2052 2860 2309 2946 poterit.⁸
2391 2868 2592 2935 Quum
2623 2869 2768 2947 epis-

586 2972 746 3048 copis
773 2972 835 3030 in
863 2972 969 3028 hac
995 2972 1228 3048 regione
1255 2969 1416 3029 detur
1446 2972 1513 3028 ab
1545 2970 1879 3047 Apostolica
1917 2967 2069 3027 Sede
2114 2968 2349 3027 facultas
2394 2969 2463 3024 ab
2504 2970 2767 3026 omnibus

585 3068 809 3129 casibus
836 3072 1158 3138 reservatiS,
1187 3071 1354 3128 etiam
1385 3071 1442 3128 in
1471 3070 1642 3128 Bulla
1674 3069 1880 3136 Coenae,
1908 3076 1966 3126 et
2004 3069 2071 3126 ab
2098 3067 2302 3124 haeresi
2326 3085 2455 3124 reos
2484 3068 2765 3133 solvendi,

583 3187 708 3241 quae
727 3171 856 3244 jure
881 3169 1322 3250 praescribuntur
1346 3168 1416 3226 de
1445 3168 1755 3244 impeditis,
1792 3169 1983 3226 locum
2036 3165 2186 3244 apud
2229 3185 2334 3224 nos
2371 3184 2492 3225 non
2523 3167 2761 3224 habent:

583 3274 927 3342 quapropter
943 3267 1330 3341 juramentum
1358 3265 1428 3322 de
1454 3284 1518 3322 se
1560 3266 1815 3324 sistendo
1856 3265 2128 3325 Pontifici
2166 3284 2457 3338 nunquam
2502 3267 2763 3343 exigitur.

586 3363 755 3423 Hanc
782 3362 1104 3422 facultatem
1130 3364 1436 3440 episcopos
1465 3383 1599 3443 erga
1626 3383 1761 3423 suos
1791 3364 2048 3423 subditos
2082 3373 2241 3423 extra
2282 3383 2445 3422 suam
2474 3365 2765 3423 dioecesim

585 3475 874 3524 versantes
901 3482 1164 3522 exercere
1193 3481 1365 3540 posse
1391 3464 1652 3544 plerique
1683 3465 1899 3532 dicunt,
1948 3483 2124 3536 quum
2166 3465 2447 3539 pertineat
2485 3464 2563 3522 ad
2599 3465 2765 3541 juris·

585 3564 892 3648 dictionem
921 3564 1315 3631 voluntariam,
1345 3573 1403 3622 et
1427 3565 1662 3640 strepitu
1680 3563 1885 3640 judicii
1910 3582 2024 3621 non
2054 3554 2352 3640 indigeat.⁹

663 3669 762 3724 47.
808 3667 875 3724 In
901 3664 1161 3723 Jubilaeis
1190 3663 1310 3721 dari
1336 3664 1482 3722 solet
1509 3663 1697 3739 ampla
1737 3662 2069 3720 absolvendi
2108 3662 2343 3720 facultas
2384 3661 2455 3718 ab
2494 3662 2757 3719 omnibus

654 3879 739 3940 (1)
780 3877 910 3926 Sese.
933 3877 1067 3926 xxiv.
1091 3876 1148 3928 de
1173 3875 1286 3943 Ref-

661 3962 747 4028 (2)
787 3962 911 4024 Inc.
935 3961 1175 4022 Dilectus,
1204 3965 1264 4010 15
1288 3961 1346 4011 de
1367 3966 1518 4030 temp.
1540 3959 1702 4011 ordin.
1909 3959 1993 4025 (3)
2035 3959 2087 4007 S.
2116 3958 2265 4023 Alph.
2282 3959 2314 4006 1.
2339 3957 2420 4006 vii.
2438 3974 2487 4007 n.
2514 3962 2598 4007 81.

655 4045 740 4111 (4)
783 4044 908 4109 Cap.
930 4046 1034 4095 xiii.
1057 4053 1106 4095 et
1127 4063 1233 4112 cap.
1255 4046 1372 4095 lviii.
1395 4045 1454 4098 de
1475 4051 1598 4096 sent.
1626 4061 1807 4095 excom.
2538 4065 2547 4072 ·

651 4131 736 4196 (5)
777 4129 900 4192 Cap.
921 4131 1045 4179 xxii.
1067 4131 1127 4182 de
1149 4135 1272 4182 sent.
1296 4147 1478 4182 excom.
1499 4131 1554 4180 in
1578 4133 1627 4180 6.
1879 4131 1961 4195 (6)
1998 4128 2051 4175 S.
2076 4127 2225 4192 Alph.
2248 4128 2281 4176 l.
2304 4127 2385 4177 vii.
2406 4143 2457 4175 n.
2482 4130 2565 4176 88.

651 4219 736 4284 (7)
777 4215 903 4264 Vide
925 4230 1060 4280 prop.
1083 4217 1151 4264 iii.
1175 4218 1299 4266 inter
1319 4218 1573 4266 damnatas
1596 4217 1655 4265 ab
1678 4216 1823 4264 Alex.
1845 4215 1927 4263 vii.
1950 4213 2030 4264 die
2067 4217 2134 4262 24
2172 4213 2305 4277 Sept.
2334 4215 2481 4264 1665.
2503 4219 2553 4261 et
2577 4211 2753 4262 Bened.

579 4304 678 4353 xiv.
701 4303 754 4352 in
776 4301 950 4350 Bulla:
995 4299 1304 4350 Convocatis.

647 4391 733 4455 (8)
773 4387 827 4438 S.
841 4385 990 4450 Alph.
1011 4385 1043 4434 l.
1065 4383 1147 4434 vii.
1169 4401 1219 4434 n.
1243 4387 1324 4434 83.
1341 4391 1390 4434 et
1413 4374 1614 4444 Giraldi,
1637 4384 1823 4452 Expos.
1840 4384 1944 4434 Jur.
1962 4383 2141 4433 Pontis.
2156 4398 2205 4446 p.
2227 4383 2259 4433 i.
2284 4387 2330 4442 ς.
2352 4382 2535 4432 dcccix.
2558 4397 2608 4445 p.
2631 4382 2739 4428 622.

645 4474 730 4538 (9)
770 4473 822 4520 S.
846 4471 994 4535 Alph.
1018 4471 1052 4519 l.
1075 4470 1157 4520 vii.
1180 4485 1230 4519 n.
1255 4472 1335 4518 81.
