3117 5217
923 554 1036 614 DE
1081 554 1583 614 EXOOMMUN
1590 553 1940 614 ICATION
1946 554 2023 614 E.
2446 555 2565 612 377

387 719 678 780 Caeterum
705 739 820 780 non
848 722 1122 798 polluitur
1146 723 1534 782 eoemeterium
1574 723 1865 798 sepultura
1902 721 2155 780 haeretici
2196 719 2435 786 tolerati,
2464 720 2563 792 qui

385 819 604 878 scilicet
627 821 948 897 baptizatus
975 821 1162 890 suerit,
1203 833 1260 880 et
1302 821 1456 880 haud
1495 821 1857 880 denuntiatus
1882 819 2237 878 nominatim.
2320 817 2439 876 Sed
2466 836 2565 878 ex-

383 921 901 979 communicatione
926 919 1191 996 ligantur,
1221 939 1254 978 a
1279 939 1392 994 qua
1417 921 1639 980 absolvi
1680 929 1976 992 nequeunt
1998 934 2181 991 usque
2212 915 2285 976 ad
2308 917 2561 976 satisfac-

383 1017 620 1084 tionem,
649 1018 718 1076 ad
743 1020 1032 1078 arbitrium
1055 1020 1334 1096 episcopi,
1375 1021 1475 1093 qui
1515 1019 2045 1078 excommunicatos
2072 1016 2329 1076 vitandos
2358 1017 2564 1093 sepeli-

383 1125 488 1174 unt
514 1117 574 1174 in
602 1117 734 1174 loco
759 1137 956 1174 sacro:
1001 1117 1156 1190 qnod
1181 1117 1254 1176 de
1287 1118 1637 1195 jubentibus,
1680 1119 1871 1193 potius
1910 1136 2079 1190 quam
2120 1116 2193 1174 de
2221 1117 2293 1174 iis
2320 1133 2565 1189 quorum

381 1233 560 1291 opera
585 1215 824 1276 cadaver
849 1214 1148 1274 mandatur
1173 1226 1352 1284 terrm,
1383 1217 1607 1276 videtur
1630 1209 2114 1292 intelligendum.¹

463 1317 566 1372 ¹70.
609 1313 1056 1374 Communicano
1091 1335 1224 1376 cum
1267 1317 1763 1375 excommunicato
1804 1313 2033 1374 vitando
2072 1315 2133 1372 in
2164 1314 2333 1372 rebus
2362 1313 2561 1382 sacris,

384 1421 679 1487 peccatum
707 1413 944 1472 habetur
969 1415 1228 1483 mortale,
1257 1433 1431 1486 <nium
1461 1424 1747 1492 praecepto
1784 1412 2067 1474 Ecclesiae
2092 1413 2329 1471 omnino
2368 1412 2565 1470 adver-

386 1520 543 1568 setur
561 1507 614 1568 :²
651 1513 712 1570 in
755 1513 946 1570 rebus·
969 1520 1156 1572 autem
1203 1514 1487 1574 civilibus.
1511 1514 1845 1589 plerumque
1892 1521 1983 1570 est
2024 1512 2265 1578 veniale,
2310 1512 2565 1586 seposito

376 1609 676 1682 scandalo,
705 1611 796 1668 vel
821 1619 1152 1687 contemptu
1181 1613 1524 1670 auctoritatis
1555 1612 1989 1684 ecclesiasticae,
2018 1611 2119 1683 qui
2156 1609 2333 1676 adest,
2376 1611 2427 1668 si
2456 1610 2566 1668 fre-

384 1726 568 1781 quens
593 1710 669 1766 sit
689 1711 1168 1770 communicatio:
1213 1713 1272 1770 in
1311 1712 1574 1778 crimine,
1616 1712 1691 1770 ob
1730 1710 1883 1783 quod
1910 1710 2023 1768 lata
2061 1717 2149 1766 est
2174 1709 2567 1766 excommuni-

384 1808 554 1874 catio,
579 1817 670 1864 est
693 1819 988 1884 peccatum
1029 1811 1286 1878 mortale,
1327 1808 1484 1883 quod
1521 1819 1581 1868 et
1616 1807 2225 1868 excommunicationis
2264 1825 2561 1864 censuram

384 1925 582 1964 secum
609 1899 771 1964 fert.³
853 1906 1116 1966 Clericus
1143 1911 1388 1968 scienter-
1411 1909 1839 1968 communicans
1878 1909 1937 1966 in
1978 1907 2189 1966 divinis
2214 1925 2345 1964 cum
2372 1906 2563 1978 aliquo

381 2025 416 2062 a
443 2006 603 2082 Papa
619 2007 960 2066 ‘nominatim
989 2009 1488 2079 exommunicato
1507 2017 1565 2065 et
1588 2007 1947 2074 denunciato,
1974 2007 2212 2065 incurrit
2230 1999 2561 2064 excommu-

385 2105 728 2169 nicationem
755 2103 1085 2183 majorem-⁴
1129 2085 1408 2172 *Quando
1447 2107 1965 2164 excommunicatio
2005 2105 2181 2162 fertur
2218 2105 2277 2162 in
2312 2105 2561 2175 aliquem

379 2213 437 2260 et
463 2204 586 2280 ejus
615 2204 939 2280 participes,
968 2205 1068 2278 qui
1093 2193 1226 2282 post
1251 2205 1625 2266 monitionem
1644 2223 1775 2262 cum
1802 2223 1873 2262 eo
1900 2204 2301 2270 communicat,
2324 2220 2557 2260 excom-

385 2303 832 2364 municationem
859 2304 1132 2380 majorem
1161 2304 1456 2362 contrahit.
2017 2287 2022 2292 ⁵

465 2406 564 2460 71.
607 2392 1146 2482 Excommunicatio
1169 2406 1374 2472 minor,
1403 2422 1530 2476 quae
1557 2405 1907 2462 contranitm·
1930 2399 2407 2460 communicando
2432 2418 2563 2456 cum

383 2501 880 2560 excommunicato
905 2501 965 2560 in
991 2503 1160 2560 rebus
1185 2502 1466 2570 civilibus,
1495 2502 1682 2578 privat
1705 2501 1999 2560 hominem
2028 2501 2354 2575 receptione
2382 2517 2565 2556 sacra-

385 2609 706 2656 mentorum
727 2597 777 2656 :⁵
829 2599 920 2658 vel
960 2599 1114 2658 licita
1155 2600 1466 2660 eorundem
1505 2593 2056 2664 administratione?
2096 2599 2295 2656 saltem
2340 2598 2563 2671 quoties

383 2697 508 2754 haec
533 2716 664 2756 cum
691 2700 1020 2775 receptione
1047 2700 1386 2758 sacramenti
1425 2700 1806 2776 conjungitur,
1846 2701 1929 2756 uti
1969 2699 2031 2756 in
2074 2698 2275 2756 Missae
2317 2695 2562 2754 celebra-

381 2797 538 2854 tione
558 2788 604 2852 :⁷
643 2816 888 2869 eumque
913 2797 1098 2856 reddit
1123 2799 1274 2856 haud
1313 2799 1603 2864 idoneum,
1632 2799 1731 2871 qui
1762 2797 1831 2854 ad
1872 2797 2177 2874 dignitates
2204 2805 2261 2852 et
2284 2794 2561 2853 beneficia

383 2895 661 2970 eligatur:
695 2897 858 2954 -irrita
883 2905 1071 2954 tamen
1099 2899 1224 2974 ejus
1263 2898 1466 2956 electio
1493 2915 1605 2954 non
1636 2906 1742 2965 est,
1772 2896 1877 2954 sed
1915 2895 2199 2963 irritanda,
2228 2897 2281 2952 si
2320 2895 2566 2953 scienter

381 2993 594 3052 electus
621 2995 716 3062 sit,
785 2996 876 3053 vel
905 2996 1044 3054 alias
1069 2997 1370 3054 collatione
1397 2991 1752 3072 provectus.⁸
1832 2995 2131 3070 Episcopo
2155 2995 2290 3052 licet
2314 2993 2481 3052 alicui
2507 2993 2566 3051 in

379 3109 610 3168 poenam
656 3093 930 3163 criminis,
977 3107 1477 3163 sacramentorum,
1521 3094 1835 3170 praesertim
1876 3093 2277 3159 Eucharistiae,
2324 3110 2561 3170 percep·

381 3191 600 3248 tionem
625 3185 868 3250 vetare-⁹
2466 3205 2475 3214 '

465 3295 566 3348 ¹⁷2.
597 3291 868 3350 Plurimae
893 3293 1514 3352 excommunicationes
1534 3293 1665 3370 jure
1687 3293 2063 3361 continentur,
2086 3310 2323 3365 quarum
2350 3291 2565 3362 aliquus

372 3390 496 3466 jam
521 3391 948 3460 recensuimus3
978 3391 1116 3450 alias
1143 3391 1648 3467 impraesentiarum
1672 3391 1883 3450 referre
1892 3392 2071 3466 juvat:
2102 3392 2321 3448 caeteris
2342 3407 2445 3464 pro
2467 3391 2565 3446 ob-

383 3487 494 3544 lata
537 3489 838 3547 occasione
882 3489 1268 3548 recensendis.
1353 3490 1967 3554 Excommunicantur,
1994 3488 2095 3559 qui
2139 3488 2564 3547 matrimonium

385 3594 658 3645 attentant
700 3589 1094 3665 intragradus
1140 3588 1477 3665 prohibitos,
1517 3587 1611 3644 vel
1654 3607 1785 3646 cum
1812 3577 2234 3645 monialibus.¹⁰
2312 3584 2563 3652 Ariolos,

383 3686 694 3762 aruspices,
723 3695 820 3744 aut
843 3687 1237 3745 incantatores*
1261 3688 1645 3754 observanteS,
1687 3686 1907 3744 scilicet
1942 3683 2309 3742 consulentes
2336 3683 2566 3742 anathe-

381 3793 532 3841 mate
552 3779 905 3843 feriuntur-‚¹¹
955 3787 1358 3864 Imprimentes
1384 3787 1560 3845 libros
1588 3784 1659 3842 de
1690 3786 1855 3844 rebus
1876 3785 2053 3842 sacris
2082 3785 2299 3855 absque
2321 3784 2564 3841 auctoris

454 3970 539 4034 (1)
579 3969 706 4018 Vide
730 3968 905 4019 Collet.
927 3970 988 4020 de
1010 3970 1249 4030 censuris,
1273 3987 1320 4036 p.
1344 3972 1394 4022 ii.
1416 3988 1458 4020 c.
1481 3972 1514 4022 i.
1539 3975 1585 4031 §-
1608 3972 1671 4020 iv.
1697 3970 1869 4019 Conel.
1890 3969 1942 4020 ii.
1968 3969 2180 4029 Quaeres.

453 4056 533 4120 (2)
574 4053 700 4119 Cap.
723 4056 862 4105 xxix.
887 4073 1035 4106 causa
1056 4058 1124 4108 xi.
1136 4074 1230 4121 qu.
1251 4057 1320 4106 iii.
1527 4059 1614 4124 (3)
1653 4055 1776 4120 Cap.
1798 4056 1936 4104 xxix.
1958 4062 2009 4103 et
2030 4057 2093 4105 lv.
2117 4055 2175 4106 de
2196 4061 2321 4108 sent.
2348 4071 2531 4109 excom.

454 4140 539 4204 (4)
580 4137 704 4204 Gap.
726 4139 862 4189 xviii.
883 4139 976 4192 eod
989 4143 1066 4192 tit.
1183 4167 1205 4186 ι-
1529 4143 1615 4209 (5)
1656 4141 1779 4205 Cap.
1801 4141 1886 4189 lix.
1908 4140 2011 4191 eod.
2034 4141 2117 4194 tit.

453 4225 534 4287 (6)
574 4222 634 4271 C.
656 4225 744 4273 ultx
762 4223 822 4275 de
837 4225 995 4276 cleric.
1017 4241 1200 4276 excom.
1537 4229 1623 4294 (7)
1664 4227 1717 4275 S.
1740 4226 1889 4290 Alph.
1913 4225 1946 4275 l.
1969 4227 2050 4276 vii.
2074 4245 2123 4277 n.
2154 4230 2263 4276 149.

451 4309 537 4375 (8)
578 4307 702 4374 Cap.
725 4309 782 4358 Si
800 4311 1019 4372 celebrat,
1041 4311 1102 4364 de
1123 4310 1279 4364 cleric.
1301 4328 1487 4364 excom·

454 4394 540 4459 (9)
582 4394 636 4446 S.
660 4393 816 4458 Alph.
839 4396 872 4445 l.
894 4396 976 4445 vii.
993 4413 1044 4445 n.
1073 4399 1184 4446 148.
1543 4400 1663 4466 (10)
1704 4399 1861 4450 Clem.
1878 4417 1963 4450 un.
1979 4401 2038 4450 de
2060 4415 2288 4460 consang.

454 4479 573 4545 (11)
615 4478 676 4528 G.
699 4479 732 4528 i.
755 4480 892 4529 xxvi.
917 4497 998 4544 qu.
1019 4482 1051 4532 i.

1426 4568 1541 4622 33*
