3117 5217
495 620 610 675 176
1358 614 1472 673 DE
1517 614 1817 674 USURA.

485 802 614 857 quae
641 782 830 840 minus
857 780 1065 849 valent,
1095 789 1152 837 et
1177 781 1408 857 exigere
1435 792 1503 839 ut
1521 782 1787 840 reddatur
1802 800 2026 850 aurum,
2048 781 2140 839 vel
2160 794 2478 860 argentum,
2500 783 2675 841 veluti

484 902 548 939 ac
577 883 628 938 si
659 878 916 956 ejusdem
945 880 1132 937 forent
1156 880 1383 938 valoris.

564 985 664 1038 81.
707 978 964 1055 Exigere
989 979 1299 1037 auctarium
1328 989 1613 1051 tamquam
1654 978 2010 1055 gratitudinis
2049 998 2207 1057 ergo,
2248 999 2419 1039 usura
2454 990 2561 1047 est,
2590 981 2675 1037 uti

485 1088 708 1137 constat
731 1096 808 1135 ex
849 1078 1236 1153 propositione
1276 1077 1573 1135 damnata:
1659 1087 1699 1113 ‘⁶
1724 1079 1914 1136 Usum
1940 1097 2057 1137 non
2096 1090 2189 1137 est
2217 1078 2355 1136 dum
2378 1078 2529 1137 ultra
2552 1097 2673 1137 sor·

484 1192 598 1237 tem
627 1175 844 1250 aliquid
863 1176 1127 1252 exigitur,
1149 1186 1440 1249 tamquam
1455 1195 1528 1235 ex
1547 1178 1941 1236 benevolentia
1959 1188 2017 1234 et
2034 1177 2371 1254 gratitudine
2392 1178 2668 1244 debitum,

483 1278 587 1335 sed
621 1277 808 1335 solum
837 1276 888 1331 si
926 1276 1187 1351 exigatur
1226 1286 1514 1348 tamquam
1554 1295 1629 1333 ex
1661 1276 1881 1352 justitia
1922 1271 2273 1335 debitum.’'¹
2358 1276 2681 1344 Caeterum,-

481 1376 724 1434 docente
764 1374 828 1430 S.
859 1374 1113 1441 Thoma‚
1142 1376 1192 1431 si
1216 1376 1344 1446 quis
1388 1377 1687 1451 “recipiat
1730 1375 1941 1449 aliquid
1982 1375 2315 1453 hujusmodi
2350 1394 2467 1434 non
2506 1377 2669 1447 quasi

481 1477 743 1552 exigens,
773 1492 880 1531 nec
907 1476 1068 1545 quasi
1095 1492 1169 1531 ex
1201 1474 1389 1546 aliqua
1413 1474 1761 1551 obligatione
1790 1475 1955 1531 tacita
1981 1476 2069 1533 vel
2090 1494 2384 1552 expressa,
2406 1472 2507 1531 sed
2528 1475 2674 1532 sicut

482 1576 781 1651 gratuitum
811 1572 1048 1641 donum,
1075 1592 1188 1630 non
1219 1581 1451 1649 peccat:
1483 1576 1619 1644 quia
1657 1575 1826 1629 etiam
1868 1584 2167 1647 antequam
2210 1575 2509 1649 pecuniam
2552 1593 2672 1630 mu-

482 1684 712 1741 tuasset,
741 1674 892 1730 licite
922 1682 1142 1747 poterat
1165 1670 1398 1743 aliquod
1423 1671 1639 1730 donum
1668 1672 1841 1747 gratis
1862 1676 2143 1749 accipere,
2172 1691 2277 1729 nec
2304 1674 2517 1748 pejoris
2538 1691 2671 1729 con-

481 1772 714 1830 ditionis
739 1772 982 1829 efficitur
1006 1789 1108 1847 per
1126 1770 1236 1828 hoc
1257 1768 1412 1842 quod
1427 1762 1803 1829 mutuavit.”²
1884 1772 1949 1828 Si
1976 1774 2107 1844 quis
2134 1772 2323 1847 igitur,
2342 1772 2503 1829 nullo
2529 1790 2667 1846 prae·

481 1872 574 1929 vio
610 1880 796 1947 paeto,
839 1880 1047 1926 sortem
1090 1888 1220 1926 cuni
1261 1870 1512 1927 auctario
1550 1869 1749 1927 reddat
1786 1869 1847 1926 in
1882 1873 2023 1947 grati
2051 1871 2227 1928 animi
2258 1870 2665 1939 testimonium,

484 1969 568 2026 nil
595 1978 744 2024 vetat
769 1968 880 2025 hoc
897 1969 1176 2041 accipere,
1199 1984 1377 2039 quum
1397 1968 1699 2043 gratitudo,
1720 1967 1869 2025 sicut
1887 1979 1945 2026 et
1962 1969 2356 2035 beneficentia,
2376 1968 2554 2025 virtus
2574 1970 2667 2024 sit.

484 2068 747 2125 Mutuam
777 2065 907 2123 dare
934 2050 1238 2140 pecuniam
1265 2084 1334 2122 ea
1359 2067 1643 2141 praecipue
1672 2085 1775 2143 spe
1802 2076 1860 2123 et
1884 2067 2091 2124 fiducia
2128 2067 2415 2142 plerisque
2450 2066 2672 2124 videtur

481 2157 703 2231 usura‚³
729 2184 905 2236 quum
933 2182 1066 2239 spes
1095 2164 1240 2222 lucri
1269 2184 1300 2220 a
1328 2163 1565 2223 Christo
1586 2166 1661 2222 sit
1679 2166 1867 2222 vetita.
1951 2163 2240 2225 Caeterum
2268 2184 2383 2223 non
2407 2166 2672 2237 quoelibet

483 2264 822 2341 expectatio,
851 2263 956 2321 sed
979 2282 1066 2330 ea,
1097 2281 1211 2335 qua
1235 2263 1455 2319 sublata
1479 2283 1597 2323 non
1624 2264 1849 2321 daretur
1874 2274 2152 2333 mutuum,
2182 2265 2351 2321 vetita
2384 2263 2671 2322 censenda

481 2374 602 2420 est:
631 2363 684 2419 si
709 2363 862 2420 enim
891 2363 1020 2434 quis
1047 2361 1142 2418 det
1166 2370 1446 2428 mutuum,
1475 2382 1638 2439 spem
1680 2363 1883 2421 fovens
1924 2362 2141 2436 aliquid
2166 2363 2277 2420 sibi
2310 2362 2667 2439 gratitudinis

479 2480 616 2537 ergo
643 2461 992 2528 donandum,
1022 2463 1121 2532 qui
1149 2471 1338 2517 tamen
1367 2459 1525 2519 daret
1549 2461 1845 2538 indigenti,
1872 2461 2008 2519 licet
2044 2481 2177 2538 spes
2218 2462 2315 2519 illa
2352 2480 2469 2519 non
2508 2460 2670 2519 afful-

479 2569 658 2639 geret,
687 2561 785 2617 vix
813 2570 1012 2637 posset
1049 2560 1242 2618 violati
1271 2563 1540 2637 praecepti
1568 2579 1697 2617 reus
1730 2562 1908 2637 argui.
1994 2560 2353 2632 Quandoque
2392 2560 2669 2636 contingit

481 2658 834 2737 gratitudinis
861 2660 1094 2718 nomine
1121 2659 1308 2717 ornari
1329 2659 1483 2730 quod
1499 2660 1660 2716 datur
1686 2678 1759 2717 ne
1786 2662 1917 2731 quis
1938 2660 2237 2733 promissis
2260 2659 2461 2715 deesse
2482 2657 2669 2715 videa-

477 2772 585 2827 tur,
617 2758 704 2814 vel
733 2778 804 2816 ne
831 2761 884 2816 ei
911 2768 1166 2816 mutuam
1191 2757 1464 2833 deinceps
1491 2760 1737 2832 petituro
1774 2759 2077 2832 pecuniam
2120 2757 2463 2834 denegetur:
2508 2756 2665 2829 quod

479 2859 792 2935 praesertim
820 2857 890 2914 de
919 2858 1166 2914 auctario
1193 2856 1374 2913 nimio
1401 2854 1707 2916 dicendum
1752 2866 1857 2912 est.
1942 2856 2181 2922 Quoties
2209 2860 2265 2914 vi
2286 2858 2453 2933 *pacti
2482 2856 2663 2923 datur,

477 2973 650 3013 usura
675 2964 792 3011 est:
825 2974 942 3012 non
969 2955 1044 3010 ita
1069 2955 1118 3011 si
1159 2972 1233 3011 ex
1273 2970 1392 3010 suae
1432 2954 1684 3011 utilitatis
1724 2965 1779 3011 et
1810 2955 2101 3013 commodi
2128 2956 2315 3013 studio
2340 2954 2523 3022 detur,
2552 2957 2665 3013 nisi

476 3073 550 3111 ex
577 3052 858 3131 adjunctis
885 3072 1104 3110 merces
1131 3065 1189 3109 et
1215 3053 1457 3129 pretium
1504 3051 1775 3110 videatur.
1860 3054 1926 3111 Si
1954 3053 2149 3121 homo,
2180 3056 2277 3127 qui
2306 3073 2383 3111 ex
2416 3056 2663 3130 pecunia

477 3154 662 3210 aliena
702 3161 897 3209 mutua
936 3162 1168 3227 accepta
1209 3170 1478 3226 magnum
1509 3151 1785 3208 derivavit
1821 3151 2060 3220 lucrum,
2088 3152 2290 3211 offerat
2330 3154 2662 3220 auctarium,

476 3250 619 3327 grati
645 3251 820 3307 animi
841 3251 1095 3316 nomine,
1118 3249 1326 3325 poterit
1339 3250 1478 3307 alter
1497 3251 1759 3325 accipere
1779 3249 2011 3320 donum,
2036 3250 2169 3308 lieet
2184 3252 2504 3327 suspicetur
2530 3268 2662 3319 eum

474 3350 604 3407 ideo
631 3348 762 3405 dare
789 3349 1036 3425 largiter,
1067 3348 1200 3419 quia
1225 3358 1418 3423 sperat
1443 3368 1506 3405 se
1547 3358 1747 3425 postea
1783 3350 2123 3407 beneficium
2164 3352 2313 3407 aliud
2352 3350 2661 3407 mutuando

475 3457 857 3524 accepturum.
945 3446 1116 3513 Quod
1142 3448 1192 3503 si
1219 3448 1440 3505 noverit
1465 3448 1636 3505 alium
1666 3448 1974 3505 auctarium
2003 3450 2273 3524 praebere‚
2303 3458 2365 3505 ut
2403 3450 2559 3506 illum
2590 3447 2661 3506 ad

473 3558 732 3605 mutuum
761 3546 1006 3604 dandum
1033 3547 1259 3614 alliciat,
1288 3566 1405 3604 non
1434 3548 1642 3623 poterit
1668 3547 1877 3618 absque
1908 3565 2091 3604 usurae
2120 3549 2258 3605 vitio
2284 3547 2428 3605 illud
2464 3566 2661 3623 accep·

471 3656 609 3705 tare.

551 3749 651 3802 82.
695 3745 1024 3802 Discrimen
1049 3746 1196 3802 inter
1222 3745 1524 3820 pecuniam
1553 3752 1903 3801 numeratam
1931 3752 1990 3800 et
2015 3743 2426 3801 numerandam
2455 3762 2559 3819 per
2594 3761 2659 3800 se

475 3843 695 3900 nullum
735 3853 841 3910 est,
881 3843 982 3901 sed
1023 3862 1175 3919 saepe
1210 3844 1274 3908 fit
1317 3861 1711 3919 permagnum,
1754 3841 1979 3912 quando
2018 3841 2161 3900 lucri
2200 3841 2363 3899 datur
2406 3843 2654 3899 occasio.

475 3936 761 3997 Caeterum
803 3942 876 3998 ob
915 3942 1150 3999 nimiam
1177 3941 1531 3999 latitudinem
1572 3938 1772 3998 merito
1813 3940 2131 4017 proscripta
2168 3950 2257 3997 est
2296 3942 2655 4016 propositio:

475 4046 514 4073 ‘⁶
538 4036 693 4095 Cum
719 4048 1010 4096 numerata
1036 4039 1278 4114 pecunia
1315 4040 1616 4113 pretiosior
1640 4040 1714 4095 sit
1752 4038 2121 4106 numeranda,
2150 4049 2209 4097 et
2234 4039 2422 4096 nullus
2458 4040 2533 4096 sit
2559 4038 2659 4111 qui

471 4154 586 4193 non
613 4136 844 4212 majoris
872 4136 1040 4193 faeiat
1077 4136 1379 4213 pecuniam
1420 4147 1783 4212 praesentem,
1812 4156 1985 4209 quam
2027 4137 2292 4205 futuram,
2332 4147 2520 4212 potest
2544 4155 2662 4194 cre-

673 4355 758 4420 (l)
798 4354 941 4416 Prop.
962 4353 1064 4402 xlii.
1084 4351 1218 4403 inter
1239 4354 1507 4405 damnatas
1528 4354 1593 4406 ab
1617 4356 1783 4407 Innoc.
1806 4356 1901 4405 XI.

673 4441 759 4505 (2)
798 4444 845 4487 2.
869 4442 917 4487 2.
939 4454 1020 4502 qu.
1041 4438 1226 4488 lxxviii.
1251 4444 1338 4489 art.
1359 4440 1409 4489 ii.

673 4526 754 4591 (3)
793 4524 845 4572 S.
868 4524 1152 4588 Alphonsus
1167 4524 1229 4573 de
1251 4522 1463 4585 Ligorio,
1489 4526 1521 4574 1.
1544 4525 1611 4574 iii.
1634 4541 1684 4574 n.
1710 4526 1825 4574 762.
