<?xml version="1.0" encoding="UTF-8"?>
<!DOCTYPE html PUBLIC "-//W3C//DTD XHTML 1.0 Transitional//EN"
    "http://www.w3.org/TR/xhtml1/DTD/xhtml1-transitional.dtd">
<html xmlns="http://www.w3.org/1999/xhtml" xml:lang="en" lang="en">
 <head>
  <title>
</title>
<meta http-equiv="Content-Type" content="text/html;charset=utf-8" />
  <meta name='ocr-system' content='tesseract 3.04.00' />
  <meta name='ocr-capabilities' content='ocr_page ocr_carea ocr_par ocr_line ocrx_word'/>
</head>
<body>
  <div class='ocr_page' id='page_1' title='image "./theologiaemoral00unkngoog_0200.png"; bbox 0 0 3117 5217; ppageno 0'>
   <div class='ocr_carea' id='block_1_1' title="bbox 9 914 16 1011">
    <p class='ocr_par' dir='ltr' id='par_1_1' title="bbox 9 914 16 1011">
     <span class='ocr_line' id='line_1_1' title="bbox 9 914 16 1011; textangle 90"><span class='ocrx_word' id='word_1_1' title='bbox 9 914 16 1011; x_wconf 48' lang='grc' dir='ltr'><strong>-Ἷή-</strong></span> 
     </span>
    </p>
   </div>
   <div class='ocr_carea' id='block_1_2' title="bbox 510 500 1811 589">
    <p class='ocr_par' dir='ltr' id='par_1_2' title="bbox 510 500 1811 589">
     <span class='ocr_line' id='line_1_2' title="bbox 510 500 1811 589; baseline -0.004 -26"><span class='ocrx_word' id='word_1_2' title='bbox 510 510 624 589; x_wconf 71' lang='lat' dir='ltr'><strong>iso</strong></span> <span class='ocrx_word' id='word_1_3' title='bbox 1350 500 1465 561; x_wconf 86' lang='lat' dir='ltr'><strong>DE</strong></span> <span class='ocrx_word' id='word_1_4' title='bbox 1510 500 1811 561; x_wconf 68' lang='lat' dir='ltr'><strong>Usum.</strong></span> 
     </span>
    </p>
   </div>
   <div class='ocr_carea' id='block_1_3' title="bbox 505 671 2695 1423">
    <p class='ocr_par' dir='ltr' id='par_1_3' title="bbox 505 671 2695 1423">
     <span class='ocr_line' id='line_1_3' title="bbox 505 671 2689 754; baseline -0.001 -19"><span class='ocrx_word' id='word_1_5' title='bbox 505 679 671 754; x_wconf 79' lang='lat' dir='ltr'><strong>juxta</strong></span> <span class='ocrx_word' id='word_1_6' title='bbox 688 675 854 752; x_wconf 83' lang='lat' dir='ltr'><strong>jussa</strong></span> <span class='ocrx_word' id='word_1_7' title='bbox 880 673 1218 749; x_wconf 83' lang='lat' dir='ltr'><strong>campsoris,</strong></span> <span class='ocrx_word' id='word_1_8' title='bbox 1246 671 1339 731; x_wconf 84' lang='lat' dir='ltr'><strong>vel</strong></span> <span class='ocrx_word' id='word_1_9' title='bbox 1377 682 1678 729; x_wconf 82' lang='lat' dir='ltr'><strong>numerent</strong></span> <span class='ocrx_word' id='word_1_10' title='bbox 1715 672 2040 747; x_wconf 83' lang='lat' dir='ltr'><strong>pecuniam,</strong></span> <span class='ocrx_word' id='word_1_11' title='bbox 2072 672 2161 731; x_wconf 87' lang='lat' dir='ltr'><strong>vel</strong></span> <span class='ocrx_word' id='word_1_12' title='bbox 2186 673 2431 731; x_wconf 75' lang='lat' dir='ltr'><strong>similem</strong></span> <span class='ocrx_word' id='word_1_13' title='bbox 2462 672 2689 732; x_wconf 85' lang='lat' dir='ltr'><strong>adbibe-</strong></span> 
     </span>
     <span class='ocr_line' id='line_1_4' title="bbox 513 769 2691 850; baseline -0.002 -17"><span class='ocrx_word' id='word_1_14' title='bbox 513 783 610 833; x_wconf 88' lang='lat' dir='ltr'><strong>ant</strong></span> <span class='ocrx_word' id='word_1_15' title='bbox 633 791 890 850; x_wconf 88' lang='lat' dir='ltr'><strong>operam,</strong></span> <span class='ocrx_word' id='word_1_16' title='bbox 921 790 954 828; x_wconf 83' lang='lat' dir='ltr'><strong>a</strong></span> <span class='ocrx_word' id='word_1_17' title='bbox 979 771 1351 836; x_wconf 81' lang='lat' dir='ltr'><strong>restitutione,</strong></span> <span class='ocrx_word' id='word_1_18' title='bbox 1381 779 1438 827; x_wconf 87' lang='lat' dir='ltr'><strong>et</strong></span> <span class='ocrx_word' id='word_1_19' title='bbox 1463 769 1805 846; x_wconf 87' lang='lat' dir='ltr'><strong>plerumque</strong></span> <span class='ocrx_word' id='word_1_20' title='bbox 1844 789 1879 827; x_wconf 86' lang='lat' dir='ltr'><strong>a</strong></span> <span class='ocrx_word' id='word_1_21' title='bbox 1902 778 2137 846; x_wconf 84' lang='lat' dir='ltr'><strong>peccato</strong></span> <span class='ocrx_word' id='word_1_22' title='bbox 2162 781 2541 829; x_wconf 76' lang='lat' dir='ltr'><strong>excusantur:</strong></span> <span class='ocrx_word' id='word_1_23' title='bbox 2586 791 2691 830; x_wconf 85' lang='lat' dir='ltr'><strong>nec</strong></span> 
     </span>
     <span class='ocr_line' id='line_1_5' title="bbox 511 867 2689 947; baseline -0.002 -16"><span class='ocrx_word' id='word_1_24' title='bbox 511 873 664 931; x_wconf 90' lang='lat' dir='ltr'><strong>enim</strong></span> <span class='ocrx_word' id='word_1_25' title='bbox 690 867 1022 947; x_wconf 88' lang='lat' dir='ltr'><strong>hujusmodi</strong></span> <span class='ocrx_word' id='word_1_26' title='bbox 1051 869 1302 928; x_wconf 81' lang='lat' dir='ltr'><strong>actiones</strong></span> <span class='ocrx_word' id='word_1_27' title='bbox 1342 870 1607 944; x_wconf 82' lang='lat' dir='ltr'><strong>proxima</strong></span> <span class='ocrx_word' id='word_1_28' title='bbox 1646 878 1779 927; x_wconf 87' lang='lat' dir='ltr'><strong>sunt</strong></span> <span class='ocrx_word' id='word_1_29' title='bbox 1816 867 2005 927; x_wconf 87' lang='lat' dir='ltr'><strong>damni</strong></span> <span class='ocrx_word' id='word_1_30' title='bbox 2044 870 2291 928; x_wconf 85' lang='lat' dir='ltr'><strong>occasio.</strong></span> <span class='ocrx_word' id='word_1_31' title='bbox 2375 870 2443 929; x_wconf 91' lang='lat' dir='ltr'><strong>In</strong></span> <span class='ocrx_word' id='word_1_32' title='bbox 2476 872 2689 927; x_wconf 83' lang='lat' dir='ltr'><strong>mensis</strong></span> 
     </span>
     <span class='ocr_line' id='line_1_6' title="bbox 511 966 2695 1046; baseline -0.001 -18"><span class='ocrx_word' id='word_1_33' title='bbox 511 969 908 1029; x_wconf 82' lang='lat' dir='ltr'><strong>nummulariis</strong></span> <span class='ocrx_word' id='word_1_34' title='bbox 941 977 1000 1025; x_wconf 93' lang='lat' dir='ltr'><strong>et</strong></span> <span class='ocrx_word' id='word_1_35' title='bbox 1023 967 1268 1027; x_wconf 84' lang='lat' dir='ltr'><strong>officinis</strong></span> <span class='ocrx_word' id='word_1_36' title='bbox 1309 969 1575 1027; x_wconf 88' lang='lat' dir='ltr'><strong>omnibus</strong></span> <span class='ocrx_word' id='word_1_37' title='bbox 1604 967 1871 1043; x_wconf 87' lang='lat' dir='ltr'><strong>publicis,</strong></span> <span class='ocrx_word' id='word_1_38' title='bbox 1914 966 2115 1025; x_wconf 66' lang='lat' dir='ltr'><strong>scribae</strong></span> <span class='ocrx_word' id='word_1_39' title='bbox 2156 978 2214 1025; x_wconf 89' lang='lat' dir='ltr'><strong>et</strong></span> <span class='ocrx_word' id='word_1_40' title='bbox 2250 969 2494 1027; x_wconf 87' lang='lat' dir='ltr'><strong>ministri</strong></span> <span class='ocrx_word' id='word_1_41' title='bbox 2524 970 2695 1046; x_wconf 83' lang='lat' dir='ltr'><strong>juxta</strong></span> 
     </span>
     <span class='ocr_line' id='line_1_7' title="bbox 510 1064 2693 1144; baseline -0.001 -18"><span class='ocrx_word' id='word_1_42' title='bbox 510 1076 690 1127; x_wconf 84' lang='lat' dir='ltr'><strong>certas</strong></span> <span class='ocrx_word' id='word_1_43' title='bbox 718 1067 942 1144; x_wconf 81' lang='lat' dir='ltr'><strong>regulas</strong></span> <span class='ocrx_word' id='word_1_44' title='bbox 967 1066 1081 1127; x_wconf 88' lang='lat' dir='ltr'><strong>sibi</strong></span> <span class='ocrx_word' id='word_1_45' title='bbox 1105 1066 1466 1143; x_wconf 67' lang='lat' dir='ltr'><strong>praescriptas</strong></span> <span class='ocrx_word' id='word_1_46' title='bbox 1507 1075 1762 1143; x_wconf 85' lang='lat' dir='ltr'><strong>agentes,</strong></span> <span class='ocrx_word' id='word_1_47' title='bbox 1804 1083 1921 1123; x_wconf 88' lang='lat' dir='ltr'><strong>non</strong></span> <span class='ocrx_word' id='word_1_48' title='bbox 1948 1064 2215 1124; x_wconf 87' lang='lat' dir='ltr'><strong>videntur</strong></span> <span class='ocrx_word' id='word_1_49' title='bbox 2238 1066 2529 1143; x_wconf 89' lang='lat' dir='ltr'><strong>culpandi,</strong></span> <span class='ocrx_word' id='word_1_50' title='bbox 2557 1068 2693 1125; x_wconf 87' lang='lat' dir='ltr'><strong>licet</strong></span> 
     </span>
     <span class='ocr_line' id='line_1_8' title="bbox 511 1164 2691 1241; baseline -0.001 -17"><span class='ocrx_word' id='word_1_51' title='bbox 511 1166 582 1224; x_wconf 88' lang='lat' dir='ltr'><strong>de</strong></span> <span class='ocrx_word' id='word_1_52' title='bbox 623 1165 958 1239; x_wconf 83' lang='lat' dir='ltr'><strong>quibusdam</strong></span> <span class='ocrx_word' id='word_1_53' title='bbox 1005 1165 1250 1241; x_wconf 87' lang='lat' dir='ltr'><strong>negotiis</strong></span> <span class='ocrx_word' id='word_1_54' title='bbox 1290 1175 1589 1223; x_wconf 88' lang='lat' dir='ltr'><strong>vereantur</strong></span> <span class='ocrx_word' id='word_1_55' title='bbox 1631 1182 1703 1221; x_wconf 89' lang='lat' dir='ltr'><strong>ne</strong></span> <span class='ocrx_word' id='word_1_56' title='bbox 1751 1164 1899 1221; x_wconf 89' lang='lat' dir='ltr'><strong>adsit</strong></span> <span class='ocrx_word' id='word_1_57' title='bbox 1941 1183 2129 1224; x_wconf 77' lang='lat' dir='ltr'><strong>usurae</strong></span> <span class='ocrx_word' id='word_1_58' title='bbox 2154 1164 2342 1223; x_wconf 83' lang='lat' dir='ltr'><strong>labes=</strong></span> <span class='ocrx_word' id='word_1_59' title='bbox 2385 1184 2492 1223; x_wconf 90' lang='lat' dir='ltr'><strong>nec</strong></span> <span class='ocrx_word' id='word_1_60' title='bbox 2538 1164 2691 1223; x_wconf 87' lang='lat' dir='ltr'><strong>enim</strong></span> 
     </span>
     <span class='ocr_line' id='line_1_9' title="bbox 511 1261 2693 1341; baseline -0.001 -18"><span class='ocrx_word' id='word_1_61' title='bbox 511 1275 816 1323; x_wconf 70' lang='lat' dir='ltr'><strong>censentur</strong></span> <span class='ocrx_word' id='word_1_62' title='bbox 841 1280 948 1321; x_wconf 84' lang='lat' dir='ltr'><strong>suo</strong></span> <span class='ocrx_word' id='word_1_63' title='bbox 975 1263 1058 1321; x_wconf 87' lang='lat' dir='ltr'><strong>uti</strong></span> <span class='ocrx_word' id='word_1_64' title='bbox 1088 1262 1309 1339; x_wconf 90' lang='lat' dir='ltr'><strong>judicio</strong></span> <span class='ocrx_word' id='word_1_65' title='bbox 1337 1264 1394 1321; x_wconf 91' lang='lat' dir='ltr'><strong>in</strong></span> <span class='ocrx_word' id='word_1_66' title='bbox 1421 1263 1589 1323; x_wconf 89' lang='lat' dir='ltr'><strong>rebus</strong></span> <span class='ocrx_word' id='word_1_67' title='bbox 1619 1261 1977 1341; x_wconf 84' lang='lat' dir='ltr'><strong>hujusmodi,</strong></span> <span class='ocrx_word' id='word_1_68' title='bbox 2007 1281 2131 1334; x_wconf 83' lang='lat' dir='ltr'><strong>quae</strong></span> <span class='ocrx_word' id='word_1_69' title='bbox 2174 1272 2299 1321; x_wconf 82' lang='lat' dir='ltr'><strong>totae</strong></span> <span class='ocrx_word' id='word_1_70' title='bbox 2331 1262 2581 1339; x_wconf 88' lang='lat' dir='ltr'><strong>pendent</strong></span> <span class='ocrx_word' id='word_1_71' title='bbox 2618 1282 2693 1321; x_wconf 83' lang='lat' dir='ltr'><strong>ex</strong></span> 
     </span>
     <span class='ocr_line' id='line_1_10' title="bbox 511 1361 1126 1423; baseline 0 -2"><span class='ocrx_word' id='word_1_72' title='bbox 511 1372 794 1423; x_wconf 85' lang='lat' dir='ltr'><strong>rectorum</strong></span> <span class='ocrx_word' id='word_1_73' title='bbox 822 1361 1126 1421; x_wconf 80' lang='lat' dir='ltr'><strong>voluntate.</strong></span> 
     </span>
    </p>
   </div>
   <div class='ocr_carea' id='block_1_4' title="bbox 1250 1561 1979 1634">
    <p class='ocr_par' dir='ltr' id='par_1_4' title="bbox 1250 1561 1979 1634">
     <span class='ocr_line' id='line_1_11' title="bbox 1250 1561 1979 1634; baseline -0.001 -17"><span class='ocrx_word' id='word_1_74' title='bbox 1250 1561 1302 1634; x_wconf 72' lang='grc' dir='ltr'><strong>ς.</strong></span> <span class='ocrx_word' id='word_1_75' title='bbox 1346 1561 1425 1617; x_wconf 89' lang='lat' dir='ltr'><strong>V.</strong></span> <span class='ocrx_word' id='word_1_76' title='bbox 1503 1561 1717 1619; x_wconf 65' lang='lat' dir='ltr'><strong>Potum</strong></span> <span class='ocrx_word' id='word_1_77' title='bbox 1742 1578 1979 1619; x_wconf 68' lang='lat' dir='ltr'><strong>usum.</strong></span> 
     </span>
    </p>
   </div>
   <div class='ocr_carea' id='block_1_5' title="bbox 517 1731 2719 4073">
    <p class='ocr_par' dir='ltr' id='par_1_5' title="bbox 517 1731 2719 4073">
     <span class='ocr_line' id='line_1_12' title="bbox 603 1731 2695 1809; baseline 0 -20"><span class='ocrx_word' id='word_1_78' title='bbox 603 1735 739 1789; x_wconf 79' lang='lat'><strong>106.</strong></span> <span class='ocrx_word' id='word_1_79' title='bbox 783 1732 978 1789; x_wconf 80' lang='lat' dir='ltr'><strong>Poenae</strong></span> <span class='ocrx_word' id='word_1_80' title='bbox 1007 1731 1357 1807; x_wconf 82' lang='lat' dir='ltr'><strong>gravissimae</strong></span> <span class='ocrx_word' id='word_1_81' title='bbox 1403 1749 1589 1789; x_wconf 85' lang='lat' dir='ltr'><strong>usurae</strong></span> <span class='ocrx_word' id='word_1_82' title='bbox 1637 1733 1695 1789; x_wconf 89' lang='lat' dir='ltr'><strong>in</strong></span> <span class='ocrx_word' id='word_1_83' title='bbox 1720 1733 1871 1809; x_wconf 90' lang='lat' dir='ltr'><strong>jure,</strong></span> <span class='ocrx_word' id='word_1_84' title='bbox 1900 1739 2018 1789; x_wconf 88' lang='lat' dir='ltr'><strong>tum</strong></span> <span class='ocrx_word' id='word_1_85' title='bbox 2046 1731 2345 1799; x_wconf 88' lang='lat' dir='ltr'><strong>canonico,</strong></span> <span class='ocrx_word' id='word_1_86' title='bbox 2374 1740 2495 1789; x_wconf 91' lang='lat' dir='ltr'><strong>tum</strong></span> <span class='ocrx_word' id='word_1_87' title='bbox 2520 1733 2695 1798; x_wconf 89' lang='lat' dir='ltr'><strong>civili,</strong></span> 
     </span>
     <span class='ocr_line' id='line_1_13' title="bbox 517 1824 2701 1906; baseline -0 -18"><span class='ocrx_word' id='word_1_88' title='bbox 517 1830 917 1888; x_wconf 88' lang='lat' dir='ltr'><strong>decernuntur.</strong></span> <span class='ocrx_word' id='word_1_89' title='bbox 1005 1829 1255 1887; x_wconf 85' lang='lat' dir='ltr'><strong>Infames</strong></span> <span class='ocrx_word' id='word_1_90' title='bbox 1276 1829 1555 1887; x_wconf 87' lang='lat' dir='ltr'><strong>habentur</strong></span> <span class='ocrx_word' id='word_1_91' title='bbox 1596 1841 1835 1902; x_wconf 89' lang='lat' dir='ltr'><strong>utroque</strong></span> <span class='ocrx_word' id='word_1_92' title='bbox 1855 1824 2036 1906; x_wconf 87' lang='lat' dir='ltr'><strong>jure.¹</strong></span> <span class='ocrx_word' id='word_1_93' title='bbox 2120 1828 2423 1887; x_wconf 89' lang='lat' dir='ltr'><strong>Privantur</strong></span> <span class='ocrx_word' id='word_1_94' title='bbox 2446 1845 2701 1888; x_wconf 89' lang='lat' dir='ltr'><strong>commu-</strong></span> 
     </span>
     <span class='ocr_line' id='line_1_14' title="bbox 519 1924 2698 2003; baseline 0 -18"><span class='ocrx_word' id='word_1_95' title='bbox 519 1930 692 1986; x_wconf 89' lang='lat' dir='ltr'><strong>nione</strong></span> <span class='ocrx_word' id='word_1_96' title='bbox 722 1929 911 1985; x_wconf 87' lang='lat' dir='ltr'><strong>altaris</strong></span> <span class='ocrx_word' id='word_1_97' title='bbox 940 1938 998 1985; x_wconf 91' lang='lat' dir='ltr'><strong>et</strong></span> <span class='ocrx_word' id='word_1_98' title='bbox 1022 1926 1408 1985; x_wconf 86' lang='lat' dir='ltr'><strong>ecclesiastica</strong></span> <span class='ocrx_word' id='word_1_99' title='bbox 1433 1924 1778 2003; x_wconf 81' lang='lat' dir='ltr'><strong>sepultura.²</strong></span> <span class='ocrx_word' id='word_1_100' title='bbox 1818 1928 2132 2000; x_wconf 87' lang='lat' dir='ltr'><strong>Nequeunt</strong></span> <span class='ocrx_word' id='word_1_101' title='bbox 2156 1928 2370 1985; x_wconf 86' lang='lat' dir='ltr'><strong>absolvi</strong></span> <span class='ocrx_word' id='word_1_102' title='bbox 2398 1938 2698 2001; x_wconf 87' lang='lat' dir='ltr'><strong>antequam</strong></span> 
     </span>
     <span class='ocr_line' id='line_1_15' title="bbox 523 2025 2703 2097; baseline 0 -14"><span class='ocrx_word' id='word_1_103' title='bbox 523 2026 594 2083; x_wconf 89' lang='lat' dir='ltr'><strong>de</strong></span> <span class='ocrx_word' id='word_1_104' title='bbox 619 2027 810 2084; x_wconf 85' lang='lat' dir='ltr'><strong>usuris</strong></span> <span class='ocrx_word' id='word_1_105' title='bbox 839 2026 1230 2093; x_wconf 86' lang='lat' dir='ltr'><strong>satisfecerint,</strong></span> <span class='ocrx_word' id='word_1_106' title='bbox 1259 2025 1352 2083; x_wconf 86' lang='lat' dir='ltr'><strong>vel</strong></span> <span class='ocrx_word' id='word_1_107' title='bbox 1379 2027 1701 2083; x_wconf 86' lang='lat' dir='ltr'><strong>cautionem</strong></span> <span class='ocrx_word' id='word_1_108' title='bbox 1734 2025 1991 2083; x_wconf 84' lang='lat' dir='ltr'><strong>dederint</strong></span> <span class='ocrx_word' id='word_1_109' title='bbox 2028 2025 2289 2083; x_wconf 87' lang='lat' dir='ltr'><strong>idoneam</strong></span> <span class='ocrx_word' id='word_1_110' title='bbox 2313 2045 2329 2094; x_wconf 75' lang='lat'>3</span> <span class='ocrx_word' id='word_1_111' title='bbox 2372 2027 2575 2097; x_wconf 86' lang='lat' dir='ltr'><strong>quibus</strong></span> <span class='ocrx_word' id='word_1_112' title='bbox 2605 2044 2703 2084; x_wconf 89' lang='lat' dir='ltr'><strong>ne-</strong></span> 
     </span>
     <span class='ocr_line' id='line_1_16' title="bbox 523 2119 2701 2201; baseline 0.001 -20"><span class='ocrx_word' id='word_1_113' title='bbox 523 2123 722 2201; x_wconf 86' lang='lat' dir='ltr'><strong>glectis</strong></span> <span class='ocrx_word' id='word_1_114' title='bbox 751 2142 948 2182; x_wconf 89' lang='lat' dir='ltr'><strong>eorum</strong></span> <span class='ocrx_word' id='word_1_115' title='bbox 976 2132 1308 2181; x_wconf 85' lang='lat' dir='ltr'><strong>testamenta</strong></span> <span class='ocrx_word' id='word_1_116' title='bbox 1333 2134 1470 2181; x_wconf 90' lang='lat' dir='ltr'><strong>sunt</strong></span> <span class='ocrx_word' id='word_1_117' title='bbox 1511 2119 1719 2183; x_wconf 80' lang='lat' dir='ltr'><strong>irrita.³</strong></span> <span class='ocrx_word' id='word_1_118' title='bbox 1801 2123 2020 2182; x_wconf 84' lang='lat' dir='ltr'><strong>Contra</strong></span> <span class='ocrx_word' id='word_1_119' title='bbox 2064 2124 2304 2182; x_wconf 88' lang='lat' dir='ltr'><strong>clericos</strong></span> <span class='ocrx_word' id='word_1_120' title='bbox 2350 2126 2449 2196; x_wconf 91' lang='lat' dir='ltr'><strong>qui</strong></span> <span class='ocrx_word' id='word_1_121' title='bbox 2496 2126 2701 2183; x_wconf 90' lang='lat' dir='ltr'><strong>moniti</strong></span> 
     </span>
     <span class='ocr_line' id='line_1_17' title="bbox 525 2222 2705 2298; baseline 0 -17"><span class='ocrx_word' id='word_1_122' title='bbox 525 2242 642 2281; x_wconf 91' lang='lat' dir='ltr'><strong>non</strong></span> <span class='ocrx_word' id='word_1_123' title='bbox 671 2223 950 2281; x_wconf 90' lang='lat' dir='ltr'><strong>desistunt</strong></span> <span class='ocrx_word' id='word_1_124' title='bbox 975 2224 1044 2281; x_wconf 89' lang='lat' dir='ltr'><strong>ab</strong></span> <span class='ocrx_word' id='word_1_125' title='bbox 1070 2223 1258 2280; x_wconf 88' lang='lat' dir='ltr'><strong>usuris</strong></span> <span class='ocrx_word' id='word_1_126' title='bbox 1286 2222 1645 2290; x_wconf 76' lang='lat' dir='ltr'><strong>exercendiS,</strong></span> <span class='ocrx_word' id='word_1_127' title='bbox 1664 2222 1985 2281; x_wconf 86' lang='lat' dir='ltr'><strong>decernitur</strong></span> <span class='ocrx_word' id='word_1_128' title='bbox 2010 2224 2314 2298; x_wconf 88' lang='lat' dir='ltr'><strong>suspensio</strong></span> <span class='ocrx_word' id='word_1_129' title='bbox 2342 2224 2413 2279; x_wconf 86' lang='lat' dir='ltr'><strong>ab</strong></span> <span class='ocrx_word' id='word_1_130' title='bbox 2438 2223 2629 2281; x_wconf 88' lang='lat' dir='ltr'><strong>officio</strong></span> <span class='ocrx_word' id='word_1_131' title='bbox 2646 2234 2705 2281; x_wconf 89' lang='lat' dir='ltr'><strong>et</strong></span> 
     </span>
     <span class='ocr_line' id='line_1_18' title="bbox 521 2318 2704 2388; baseline -0 -9"><span class='ocrx_word' id='word_1_132' title='bbox 521 2322 805 2381; x_wconf 88' lang='lat' dir='ltr'><strong>beneficio</strong></span> <span class='ocrx_word' id='word_1_133' title='bbox 832 2320 1099 2388; x_wconf 78' lang='lat' dir='ltr'><strong>ferenda3</strong></span> <span class='ocrx_word' id='word_1_134' title='bbox 1141 2330 1198 2377; x_wconf 88' lang='lat' dir='ltr'><strong>et</strong></span> <span class='ocrx_word' id='word_1_135' title='bbox 1239 2331 1436 2379; x_wconf 88' lang='lat' dir='ltr'><strong>contra</strong></span> <span class='ocrx_word' id='word_1_136' title='bbox 1477 2322 1655 2379; x_wconf 91' lang='lat' dir='ltr'><strong>laicos</strong></span> <span class='ocrx_word' id='word_1_137' title='bbox 1697 2321 2212 2381; x_wconf 85' lang='lat' dir='ltr'><strong>excommunicatio</strong></span> <span class='ocrx_word' id='word_1_138' title='bbox 2258 2322 2391 2379; x_wconf 89' lang='lat' dir='ltr'><strong>item</strong></span> <span class='ocrx_word' id='word_1_139' title='bbox 2420 2318 2704 2381; x_wconf 83' lang='lat' dir='ltr'><strong>ferenda.⁴</strong></span> 
     </span>
     <span class='ocr_line' id='line_1_19' title="bbox 527 2418 2703 2503; baseline 0.003 -27"><span class='ocrx_word' id='word_1_140' title='bbox 527 2418 639 2477; x_wconf 85' lang='lat' dir='ltr'><strong>Hae</strong></span> <span class='ocrx_word' id='word_1_141' title='bbox 667 2438 870 2478; x_wconf 88' lang='lat' dir='ltr'><strong>omnes</strong></span> <span class='ocrx_word' id='word_1_142' title='bbox 900 2437 1080 2495; x_wconf 85' lang='lat' dir='ltr'><strong>poenae</strong></span> <span class='ocrx_word' id='word_1_143' title='bbox 1121 2436 1320 2503; x_wconf 76' lang='lat' dir='ltr'><strong>usuras</strong></span> <span class='ocrx_word' id='word_1_144' title='bbox 1367 2429 1548 2477; x_wconf 85' lang='lat' dir='ltr'><strong>certas</strong></span> <span class='ocrx_word' id='word_1_145' title='bbox 1595 2429 1653 2477; x_wconf 89' lang='lat' dir='ltr'><strong>et</strong></span> <span class='ocrx_word' id='word_1_146' title='bbox 1694 2422 1943 2479; x_wconf 86' lang='lat' dir='ltr'><strong>notorias</strong></span> <span class='ocrx_word' id='word_1_147' title='bbox 1984 2420 2319 2495; x_wconf 87' lang='lat' dir='ltr'><strong>respiciunt,</strong></span> <span class='ocrx_word' id='word_1_148' title='bbox 2360 2438 2478 2479; x_wconf 89' lang='lat' dir='ltr'><strong>non</strong></span> <span class='ocrx_word' id='word_1_149' title='bbox 2516 2431 2703 2482; x_wconf 86' lang='lat' dir='ltr'><strong>autem</strong></span> 
     </span>
     <span class='ocr_line' id='line_1_20' title="bbox 527 2517 2707 2594; baseline 0.002 -20"><span class='ocrx_word' id='word_1_150' title='bbox 527 2528 850 2577; x_wconf 86' lang='lat' dir='ltr'><strong>contractus</strong></span> <span class='ocrx_word' id='word_1_151' title='bbox 893 2536 1038 2590; x_wconf 89' lang='lat' dir='ltr'><strong>quos</strong></span> <span class='ocrx_word' id='word_1_152' title='bbox 1086 2517 1338 2593; x_wconf 85' lang='lat' dir='ltr'><strong>theologi</strong></span> <span class='ocrx_word' id='word_1_153' title='bbox 1383 2520 1705 2594; x_wconf 86' lang='lat' dir='ltr'><strong>probabiles</strong></span> <span class='ocrx_word' id='word_1_154' title='bbox 1752 2521 1821 2578; x_wconf 86' lang='lat' dir='ltr'><strong>ab</strong></span> <span class='ocrx_word' id='word_1_155' title='bbox 1864 2538 1933 2576; x_wconf 87' lang='lat' dir='ltr'><strong>ea</strong></span> <span class='ocrx_word' id='word_1_156' title='bbox 1968 2518 2093 2575; x_wconf 90' lang='lat' dir='ltr'><strong>labe</strong></span> <span class='ocrx_word' id='word_1_157' title='bbox 2134 2518 2411 2588; x_wconf 83' lang='lat' dir='ltr'><strong>eximunt,</strong></span> <span class='ocrx_word' id='word_1_158' title='bbox 2452 2520 2584 2577; x_wconf 90' lang='lat' dir='ltr'><strong>licet</strong></span> <span class='ocrx_word' id='word_1_159' title='bbox 2610 2520 2707 2578; x_wconf 88' lang='lat' dir='ltr'><strong>alii</strong></span> 
     </span>
     <span class='ocr_line' id='line_1_21' title="bbox 527 2613 2705 2699; baseline 0 -24"><span class='ocrx_word' id='word_1_160' title='bbox 527 2616 931 2676; x_wconf 87' lang='lat' dir='ltr'><strong>contradicant.</strong></span> <span class='ocrx_word' id='word_1_161' title='bbox 1014 2613 1107 2673; x_wconf 86' lang='lat' dir='ltr'><strong>Ad</strong></span> <span class='ocrx_word' id='word_1_162' title='bbox 1133 2634 1333 2692; x_wconf 88' lang='lat' dir='ltr'><strong>poenas</strong></span> <span class='ocrx_word' id='word_1_163' title='bbox 1361 2617 1775 2699; x_wconf 86' lang='lat' dir='ltr'><strong>ecclesiasticas</strong></span> <span class='ocrx_word' id='word_1_164' title='bbox 1803 2616 1955 2689; x_wconf 91' lang='lat' dir='ltr'><strong>quod</strong></span> <span class='ocrx_word' id='word_1_165' title='bbox 1980 2618 2196 2684; x_wconf 63' lang='lat' dir='ltr'><strong>attinet,</strong></span> <span class='ocrx_word' id='word_1_166' title='bbox 2226 2616 2395 2675; x_wconf 85' lang='lat' dir='ltr'><strong>nullae</strong></span> <span class='ocrx_word' id='word_1_167' title='bbox 2424 2616 2573 2693; x_wconf 88' lang='lat' dir='ltr'><strong>apud</strong></span> <span class='ocrx_word' id='word_1_168' title='bbox 2599 2636 2705 2676; x_wconf 89' lang='lat' dir='ltr'><strong>nos</strong></span> 
     </span>
     <span class='ocr_line' id='line_1_22' title="bbox 528 2714 2705 2791; baseline 0 -19"><span class='ocrx_word' id='word_1_169' title='bbox 528 2716 589 2774; x_wconf 91' lang='lat' dir='ltr'><strong>in</strong></span> <span class='ocrx_word' id='word_1_170' title='bbox 616 2716 723 2775; x_wconf 89' lang='lat' dir='ltr'><strong>hac</strong></span> <span class='ocrx_word' id='word_1_171' title='bbox 751 2733 810 2771; x_wconf 88' lang='lat' dir='ltr'><strong>re</strong></span> <span class='ocrx_word' id='word_1_172' title='bbox 837 2715 1027 2791; x_wconf 84' lang='lat' dir='ltr'><strong>vigere</strong></span> <span class='ocrx_word' id='word_1_173' title='bbox 1055 2724 1386 2784; x_wconf 88' lang='lat' dir='ltr'><strong>noscuntur,</strong></span> <span class='ocrx_word' id='word_1_174' title='bbox 1417 2733 1593 2787; x_wconf 90' lang='lat' dir='ltr'><strong>quum</strong></span> <span class='ocrx_word' id='word_1_175' title='bbox 1636 2717 1924 2790; x_wconf 83' lang='lat' dir='ltr'><strong>pleraeque</strong></span> <span class='ocrx_word' id='word_1_176' title='bbox 1970 2714 2086 2772; x_wconf 88' lang='lat' dir='ltr'><strong>sint</strong></span> <span class='ocrx_word' id='word_1_177' title='bbox 2119 2714 2363 2772; x_wconf 85' lang='lat' dir='ltr'><strong>ferendae</strong></span> <span class='ocrx_word' id='word_1_178' title='bbox 2390 2718 2705 2784; x_wconf 86' lang='lat' dir='ltr'><strong>sententiae,</strong></span> 
     </span>
     <span class='ocr_line' id='line_1_23' title="bbox 527 2812 2707 2889; baseline 0 -18"><span class='ocrx_word' id='word_1_179' title='bbox 527 2832 636 2871; x_wconf 90' lang='lat' dir='ltr'><strong>nec</strong></span> <span class='ocrx_word' id='word_1_180' title='bbox 661 2813 826 2871; x_wconf 88' lang='lat' dir='ltr'><strong>facile</strong></span> <span class='ocrx_word' id='word_1_181' title='bbox 854 2821 1076 2869; x_wconf 90' lang='lat' dir='ltr'><strong>constet</strong></span> <span class='ocrx_word' id='word_1_182' title='bbox 1100 2812 1172 2869; x_wconf 89' lang='lat' dir='ltr'><strong>de</strong></span> <span class='ocrx_word' id='word_1_183' title='bbox 1199 2830 1390 2879; x_wconf 88' lang='lat' dir='ltr'><strong>usura,</strong></span> <span class='ocrx_word' id='word_1_184' title='bbox 1419 2813 1493 2871; x_wconf 93' lang='lat' dir='ltr'><strong>ob</strong></span> <span class='ocrx_word' id='word_1_185' title='bbox 1534 2814 1810 2871; x_wconf 85' lang='lat' dir='ltr'><strong>rationem</strong></span> <span class='ocrx_word' id='word_1_186' title='bbox 1857 2813 2063 2889; x_wconf 90' lang='lat' dir='ltr'><strong>agendi</strong></span> <span class='ocrx_word' id='word_1_187' title='bbox 2102 2815 2482 2872; x_wconf 88' lang='lat' dir='ltr'><strong>communiter</strong></span> <span class='ocrx_word' id='word_1_188' title='bbox 2520 2833 2707 2872; x_wconf 85' lang='lat' dir='ltr'><strong>serva-</strong></span> 
     </span>
     <span class='ocr_line' id='line_1_24' title="bbox 530 2909 2709 2987; baseline 0.002 -20"><span class='ocrx_word' id='word_1_189' title='bbox 530 2912 665 2978; x_wconf 74' lang='lat' dir='ltr'><strong>tam,</strong></span> <span class='ocrx_word' id='word_1_190' title='bbox 697 2919 753 2967; x_wconf 90' lang='lat' dir='ltr'><strong>et</strong></span> <span class='ocrx_word' id='word_1_191' title='bbox 777 2909 970 2967; x_wconf 86' lang='lat' dir='ltr'><strong>titulos</strong></span> <span class='ocrx_word' id='word_1_192' title='bbox 998 2911 1296 2985; x_wconf 89' lang='lat' dir='ltr'><strong>speciosos</strong></span> <span class='ocrx_word' id='word_1_193' title='bbox 1325 2911 1528 2983; x_wconf 89' lang='lat' dir='ltr'><strong>quibus</strong></span> <span class='ocrx_word' id='word_1_194' title='bbox 1558 2912 1863 2969; x_wconf 86' lang='lat' dir='ltr'><strong>auctarium</strong></span> <span class='ocrx_word' id='word_1_195' title='bbox 1883 2910 2214 2969; x_wconf 86' lang='lat' dir='ltr'><strong>vindicatur.</strong></span> <span class='ocrx_word' id='word_1_196' title='bbox 2257 2912 2437 2987; x_wconf 86' lang='lat' dir='ltr'><strong>Igitur</strong></span> <span class='ocrx_word' id='word_1_197' title='bbox 2462 2914 2522 2969; x_wconf 90' lang='lat' dir='ltr'><strong>in</strong></span> <span class='ocrx_word' id='word_1_198' title='bbox 2547 2932 2709 2972; x_wconf 85' lang='lat' dir='ltr'><strong>sacro</strong></span> 
     </span>
     <span class='ocr_line' id='line_1_25' title="bbox 530 3007 2707 3087; baseline 0.001 -21"><span class='ocrx_word' id='word_1_199' title='bbox 530 3009 878 3085; x_wconf 81' lang='lat' dir='ltr'><strong>poenitentiae</strong></span> <span class='ocrx_word' id='word_1_200' title='bbox 907 3007 1168 3066; x_wconf 87' lang='lat' dir='ltr'><strong>tribunali</strong></span> <span class='ocrx_word' id='word_1_201' title='bbox 1195 3010 1480 3085; x_wconf 86' lang='lat' dir='ltr'><strong>praecipue</strong></span> <span class='ocrx_word' id='word_1_202' title='bbox 1509 3009 1580 3066; x_wconf 93' lang='lat' dir='ltr'><strong>de</strong></span> <span class='ocrx_word' id='word_1_203' title='bbox 1606 3028 1776 3067; x_wconf 86' lang='lat' dir='ltr'><strong>usura</strong></span> <span class='ocrx_word' id='word_1_204' title='bbox 1793 3008 2185 3087; x_wconf 88' lang='lat' dir='ltr'><strong>judicandum,</strong></span> <span class='ocrx_word' id='word_1_205' title='bbox 2216 3022 2273 3067; x_wconf 87' lang='lat' dir='ltr'><strong>et</strong></span> <span class='ocrx_word' id='word_1_206' title='bbox 2296 3010 2607 3087; x_wconf 84' lang='lat' dir='ltr'><strong>repellendi</strong></span> <span class='ocrx_word' id='word_1_207' title='bbox 2637 3014 2707 3069; x_wconf 93' lang='lat' dir='ltr'><strong>ab</strong></span> 
     </span>
     <span class='ocr_line' id='line_1_26' title="bbox 531 3106 2706 3178; baseline 0 -11"><span class='ocrx_word' id='word_1_208' title='bbox 531 3107 872 3167; x_wconf 87' lang='lat' dir='ltr'><strong>eucharistia</strong></span> <span class='ocrx_word' id='word_1_209' title='bbox 900 3106 999 3178; x_wconf 88' lang='lat' dir='ltr'><strong>qui</strong></span> <span class='ocrx_word' id='word_1_210' title='bbox 1024 3124 1224 3163; x_wconf 89' lang='lat' dir='ltr'><strong>usuras</strong></span> <span class='ocrx_word' id='word_1_211' title='bbox 1253 3108 1583 3165; x_wconf 88' lang='lat' dir='ltr'><strong>manifestas</strong></span> <span class='ocrx_word' id='word_1_212' title='bbox 1611 3118 1899 3177; x_wconf 87' lang='lat' dir='ltr'><strong>exercent,</strong></span> <span class='ocrx_word' id='word_1_213' title='bbox 1929 3109 2040 3165; x_wconf 86' lang='lat' dir='ltr'><strong>nisi</strong></span> <span class='ocrx_word' id='word_1_214' title='bbox 2060 3126 2363 3167; x_wconf 83' lang='lat' dir='ltr'><strong>excessum</strong></span> <span class='ocrx_word' id='word_1_215' title='bbox 2394 3111 2706 3167; x_wconf 84' lang='lat' dir='ltr'><strong>restituant.</strong></span> 
     </span>
     <span class='ocr_line' id='line_1_27' title="bbox 534 3204 2709 3283; baseline 0.001 -21"><span class='ocrx_word' id='word_1_216' title='bbox 534 3204 822 3263; x_wconf 82' lang='lat' dir='ltr'><strong>Caeterum</strong></span> <span class='ocrx_word' id='word_1_217' title='bbox 853 3205 1144 3280; x_wconf 88' lang='lat' dir='ltr'><strong>episcopis</strong></span> <span class='ocrx_word' id='word_1_218' title='bbox 1172 3205 1490 3273; x_wconf 74' lang='lat' dir='ltr'><strong>silentibuS,</strong></span> <span class='ocrx_word' id='word_1_219' title='bbox 1515 3206 1701 3264; x_wconf 86' lang='lat' dir='ltr'><strong>nullus</strong></span> <span class='ocrx_word' id='word_1_220' title='bbox 1724 3208 2025 3283; x_wconf 80' lang='lat' dir='ltr'><strong>presbyter</strong></span> <span class='ocrx_word' id='word_1_221' title='bbox 2044 3205 2211 3265; x_wconf 92' lang='lat' dir='ltr'><strong>debet</strong></span> <span class='ocrx_word' id='word_1_222' title='bbox 2234 3207 2307 3265; x_wconf 92' lang='lat' dir='ltr'><strong>de</strong></span> <span class='ocrx_word' id='word_1_223' title='bbox 2334 3209 2709 3266; x_wconf 85' lang='lat' dir='ltr'><strong>contractibus</strong></span> 
     </span>
     <span class='ocr_line' id='line_1_28' title="bbox 531 3302 2706 3383; baseline 0.002 -23"><span class='ocrx_word' id='word_1_224' title='bbox 531 3303 819 3360; x_wconf 89' lang='lat' dir='ltr'><strong>consuetis</strong></span> <span class='ocrx_word' id='word_1_225' title='bbox 847 3302 994 3359; x_wconf 87' lang='lat' dir='ltr'><strong>inter</strong></span> <span class='ocrx_word' id='word_1_226' title='bbox 1019 3304 1228 3376; x_wconf 89' lang='lat' dir='ltr'><strong>probos</strong></span> <span class='ocrx_word' id='word_1_227' title='bbox 1257 3303 1409 3361; x_wconf 88' lang='lat' dir='ltr'><strong>viros</strong></span> <span class='ocrx_word' id='word_1_228' title='bbox 1437 3304 1662 3380; x_wconf 90' lang='lat' dir='ltr'><strong>publice</strong></span> <span class='ocrx_word' id='word_1_229' title='bbox 1689 3305 1832 3363; x_wconf 88' lang='lat' dir='ltr'><strong>ferre</strong></span> <span class='ocrx_word' id='word_1_230' title='bbox 1854 3305 2161 3383; x_wconf 86' lang='lat' dir='ltr'><strong>judicium,</strong></span> <span class='ocrx_word' id='word_1_231' title='bbox 2185 3306 2276 3364; x_wconf 84' lang='lat' dir='ltr'><strong>vel</strong></span> <span class='ocrx_word' id='word_1_232' title='bbox 2304 3307 2551 3379; x_wconf 89' lang='lat' dir='ltr'><strong>aliquem</strong></span> <span class='ocrx_word' id='word_1_233' title='bbox 2574 3325 2706 3365; x_wconf 88' lang='lat' dir='ltr'><strong>usu-</strong></span> 
     </span>
     <span class='ocr_line' id='line_1_29' title="bbox 531 3400 2701 3480; baseline 0.002 -22"><span class='ocrx_word' id='word_1_234' title='bbox 531 3402 662 3459; x_wconf 88' lang='lat' dir='ltr'><strong>rarii</strong></span> <span class='ocrx_word' id='word_1_235' title='bbox 688 3400 920 3459; x_wconf 89' lang='lat' dir='ltr'><strong>nomine</strong></span> <span class='ocrx_word' id='word_1_236' title='bbox 947 3400 1112 3457; x_wconf 88' lang='lat' dir='ltr'><strong>facile</strong></span> <span class='ocrx_word' id='word_1_237' title='bbox 1138 3409 1351 3469; x_wconf 86' lang='lat' dir='ltr'><strong>notare,</strong></span> <span class='ocrx_word' id='word_1_238' title='bbox 1381 3402 1472 3460; x_wconf 86' lang='lat' dir='ltr'><strong>vel</strong></span> <span class='ocrx_word' id='word_1_239' title='bbox 1516 3403 1965 3462; x_wconf 87' lang='lat' dir='ltr'><strong>ecclesiasticam</strong></span> <span class='ocrx_word' id='word_1_240' title='bbox 2005 3422 2071 3459; x_wconf 90' lang='lat' dir='ltr'><strong>ea</strong></span> <span class='ocrx_word' id='word_1_241' title='bbox 2114 3404 2185 3461; x_wconf 90' lang='lat' dir='ltr'><strong>de</strong></span> <span class='ocrx_word' id='word_1_242' title='bbox 2224 3422 2395 3463; x_wconf 88' lang='lat' dir='ltr'><strong>causa</strong></span> <span class='ocrx_word' id='word_1_243' title='bbox 2420 3405 2701 3480; x_wconf 87' lang='lat' dir='ltr'><strong>denegare</strong></span> 
     </span>
     <span class='ocr_line' id='line_1_30' title="bbox 531 3498 2707 3578; baseline 0.002 -21"><span class='ocrx_word' id='word_1_244' title='bbox 531 3500 898 3577; x_wconf 88' lang='lat' dir='ltr'><strong>sepulturam.</strong></span> <span class='ocrx_word' id='word_1_245' title='bbox 943 3499 1137 3557; x_wconf 80' lang='lat' dir='ltr'><strong>Poenae</strong></span> <span class='ocrx_word' id='word_1_246' title='bbox 1164 3498 1360 3557; x_wconf 88' lang='lat' dir='ltr'><strong>civiles</strong></span> <span class='ocrx_word' id='word_1_247' title='bbox 1386 3519 1575 3559; x_wconf 82' lang='lat' dir='ltr'><strong>usurae</strong></span> <span class='ocrx_word' id='word_1_248' title='bbox 1602 3503 1718 3559; x_wconf 89' lang='lat' dir='ltr'><strong>fere</strong></span> <span class='ocrx_word' id='word_1_249' title='bbox 1747 3503 1915 3561; x_wconf 82' lang='lat' dir='ltr'><strong>nullae</strong></span> <span class='ocrx_word' id='word_1_250' title='bbox 1937 3503 2144 3559; x_wconf 86' lang='lat' dir='ltr'><strong>suntin</strong></span> <span class='ocrx_word' id='word_1_251' title='bbox 2165 3502 2453 3578; x_wconf 89' lang='lat' dir='ltr'><strong>plerisque</strong></span> <span class='ocrx_word' id='word_1_252' title='bbox 2470 3502 2707 3561; x_wconf 85' lang='lat' dir='ltr'><strong>foedera-</strong></span> 
     </span>
     <span class='ocr_line' id='line_1_31' title="bbox 534 3597 2713 3674; baseline 0.001 -18"><span class='ocrx_word' id='word_1_253' title='bbox 534 3600 606 3657; x_wconf 87' lang='lat' dir='ltr'><strong>tis</strong></span> <span class='ocrx_word' id='word_1_254' title='bbox 635 3599 968 3674; x_wconf 75' lang='lat' dir='ltr'><strong>provinciiS,</strong></span> <span class='ocrx_word' id='word_1_255' title='bbox 999 3597 1086 3655; x_wconf 91' lang='lat' dir='ltr'><strong>vel</strong></span> <span class='ocrx_word' id='word_1_256' title='bbox 1129 3599 1245 3655; x_wconf 84' lang='lat' dir='ltr'><strong>vim</strong></span> <span class='ocrx_word' id='word_1_257' title='bbox 1285 3598 1498 3657; x_wconf 85' lang='lat' dir='ltr'><strong>nullam</strong></span> <span class='ocrx_word' id='word_1_258' title='bbox 1543 3600 1817 3668; x_wconf 89' lang='lat' dir='ltr'><strong>obtinent,</strong></span> <span class='ocrx_word' id='word_1_259' title='bbox 1865 3619 2063 3673; x_wconf 92' lang='lat' dir='ltr'><strong>quum,</strong></span> <span class='ocrx_word' id='word_1_260' title='bbox 2095 3602 2363 3660; x_wconf 89' lang='lat' dir='ltr'><strong>omnibus</strong></span> <span class='ocrx_word' id='word_1_261' title='bbox 2405 3603 2713 3661; x_wconf 89' lang='lat' dir='ltr'><strong>conniven-</strong></span> 
     </span>
     <span class='ocr_line' id='line_1_32' title="bbox 535 3694 2715 3777; baseline 0.001 -22"><span class='ocrx_word' id='word_1_262' title='bbox 535 3698 704 3765; x_wconf 82' lang='lat' dir='ltr'><strong>tibus,</strong></span> <span class='ocrx_word' id='word_1_263' title='bbox 745 3698 908 3755; x_wconf 85' lang='lat' dir='ltr'><strong>locus</strong></span> <span class='ocrx_word' id='word_1_264' title='bbox 951 3694 1224 3754; x_wconf 86' lang='lat' dir='ltr'><strong>evadendi</strong></span> <span class='ocrx_word' id='word_1_265' title='bbox 1254 3696 1435 3754; x_wconf 84' lang='lat' dir='ltr'><strong>detur.</strong></span> <span class='ocrx_word' id='word_1_266' title='bbox 1519 3698 1809 3773; x_wconf 78' lang='lat' dir='ltr'><strong>Equidem</strong></span> <span class='ocrx_word' id='word_1_267' title='bbox 1846 3698 1973 3776; x_wconf 89' lang='lat' dir='ltr'><strong>lege</strong></span> <span class='ocrx_word' id='word_1_268' title='bbox 2015 3700 2453 3777; x_wconf 85' lang='lat' dir='ltr'><strong>Pennsylvaniae</strong></span> <span class='ocrx_word' id='word_1_269' title='bbox 2494 3702 2545 3757; x_wconf 88' lang='lat' dir='ltr'><strong>si</strong></span> <span class='ocrx_word' id='word_1_270' title='bbox 2586 3702 2715 3773; x_wconf 90' lang='lat' dir='ltr'><strong>quis</strong></span> 
     </span>
     <span class='ocr_line' id='line_1_33' title="bbox 535 3795 2713 3875; baseline 0.002 -24"><span class='ocrx_word' id='word_1_271' title='bbox 535 3813 644 3852; x_wconf 84' lang='lat' dir='ltr'><strong>sex</strong></span> <span class='ocrx_word' id='word_1_272' title='bbox 666 3810 1026 3852; x_wconf 86' lang='lat' dir='ltr'><strong>nummorum</strong></span> <span class='ocrx_word' id='word_1_273' title='bbox 1051 3796 1359 3852; x_wconf 89' lang='lat' dir='ltr'><strong>auctarium</strong></span> <span class='ocrx_word' id='word_1_274' title='bbox 1377 3795 1618 3853; x_wconf 84' lang='lat' dir='ltr'><strong>excedat</strong></span> <span class='ocrx_word' id='word_1_275' title='bbox 1638 3798 1694 3855; x_wconf 90' lang='lat' dir='ltr'><strong>in</strong></span> <span class='ocrx_word' id='word_1_276' title='bbox 1716 3798 2155 3875; x_wconf 88' lang='lat' dir='ltr'><strong>obligationibus</strong></span> <span class='ocrx_word' id='word_1_277' title='bbox 2183 3800 2409 3875; x_wconf 86' lang='lat' dir='ltr'><strong>scriptis</strong></span> <span class='ocrx_word' id='word_1_278' title='bbox 2438 3798 2713 3857; x_wconf 63' lang='lat' dir='ltr'><strong>“bonde”</strong></span> 
     </span>
     <span class='ocr_line' id='line_1_34' title="bbox 539 3890 2716 3973; baseline 0.002 -25"><span class='ocrx_word' id='word_1_279' title='bbox 539 3890 710 3967; x_wconf 72' lang='lat' dir='ltr'><strong>vulgo</strong></span> <span class='ocrx_word' id='word_1_280' title='bbox 739 3890 927 3957; x_wconf 86' lang='lat' dir='ltr'><strong>dictis,</strong></span> <span class='ocrx_word' id='word_1_281' title='bbox 957 3908 1062 3947; x_wconf 88' lang='lat' dir='ltr'><strong>seu</strong></span> <span class='ocrx_word' id='word_1_282' title='bbox 1089 3895 1487 3961; x_wconf 88' lang='lat' dir='ltr'><strong>contractibus,</strong></span> <span class='ocrx_word' id='word_1_283' title='bbox 1518 3904 1734 3956; x_wconf 78' lang='lat' dir='ltr'><strong>sortem</strong></span> <span class='ocrx_word' id='word_1_284' title='bbox 1779 3898 2058 3973; x_wconf 90' lang='lat' dir='ltr'><strong>integram</strong></span> <span class='ocrx_word' id='word_1_285' title='bbox 2099 3898 2333 3964; x_wconf 89' lang='lat' dir='ltr'><strong>amittet,</strong></span> <span class='ocrx_word' id='word_1_286' title='bbox 2361 3915 2423 3953; x_wconf 90' lang='lat' dir='ltr'><strong>re</strong></span> <span class='ocrx_word' id='word_1_287' title='bbox 2464 3898 2716 3971; x_wconf 85' lang='lat' dir='ltr'><strong>probata,</strong></span> 
     </span>
     <span class='ocr_line' id='line_1_35' title="bbox 542 3988 2719 4073; baseline 0.002 -24"><span class='ocrx_word' id='word_1_288' title='bbox 542 3998 597 4049; x_wconf 90' lang='lat' dir='ltr'><strong>et</strong></span> <span class='ocrx_word' id='word_1_289' title='bbox 623 3989 924 4049; x_wconf 91' lang='lat' dir='ltr'><strong>dimidium</strong></span> <span class='ocrx_word' id='word_1_290' title='bbox 952 3988 1116 4047; x_wconf 90' lang='lat' dir='ltr'><strong>cedet</strong></span> <span class='ocrx_word' id='word_1_291' title='bbox 1141 3993 1470 4061; x_wconf 88' lang='lat' dir='ltr'><strong>accusatori,</strong></span> <span class='ocrx_word' id='word_1_292' title='bbox 1509 3994 1747 4073; x_wconf 86' lang='lat' dir='ltr'><strong>alterum</strong></span> <span class='ocrx_word' id='word_1_293' title='bbox 1774 3994 2073 4053; x_wconf 89' lang='lat' dir='ltr'><strong>dimidium</strong></span> <span class='ocrx_word' id='word_1_294' title='bbox 2098 3989 2292 4053; x_wconf 78' lang='lat' dir='ltr'><strong>fisco‚⁵</strong></span> <span class='ocrx_word' id='word_1_295' title='bbox 2370 3992 2593 4053; x_wconf 88' lang='lat' dir='ltr'><strong>Eadem</strong></span> <span class='ocrx_word' id='word_1_296' title='bbox 2620 3994 2719 4053; x_wconf 85' lang='lat' dir='ltr'><strong>lex</strong></span> 
     </span>
    </p>
   </div>
   <div class='ocr_carea' id='block_1_6' title="bbox 536 4145 2718 4470">
    <p class='ocr_par' dir='ltr' id='par_1_6' title="bbox 536 4145 2718 4298">
     <span class='ocr_line' id='line_1_36' title="bbox 610 4145 2718 4220; baseline 0.005 -26"><span class='ocrx_word' id='word_1_297' title='bbox 610 4148 694 4213; x_wconf 87' lang='lat'><strong>(1)</strong></span> <span class='ocrx_word' id='word_1_298' title='bbox 735 4146 858 4209; x_wconf 79' lang='lat' dir='ltr'><strong>Cap.</strong></span> <span class='ocrx_word' id='word_1_299' title='bbox 882 4145 1118 4213; x_wconf 77' lang='lat' dir='ltr'><strong>Infames,</strong></span> <span class='ocrx_word' id='word_1_300' title='bbox 1151 4164 1299 4197; x_wconf 87' lang='lat' dir='ltr'><strong>causa</strong></span> <span class='ocrx_word' id='word_1_301' title='bbox 1331 4151 1378 4197; x_wconf 84' lang='lat'><strong>3.</strong></span> <span class='ocrx_word' id='word_1_302' title='bbox 1413 4165 1494 4212; x_wconf 90' lang='lat' dir='ltr'><strong>qu.</strong></span> <span class='ocrx_word' id='word_1_303' title='bbox 1519 4154 1568 4197; x_wconf 79' lang='lat'><strong>7.</strong></span> <span class='ocrx_word' id='word_1_304' title='bbox 1590 4157 1639 4199; x_wconf 83' lang='lat' dir='ltr'><strong>et</strong></span> <span class='ocrx_word' id='word_1_305' title='bbox 1658 4150 1718 4199; x_wconf 89' lang='lat' dir='ltr'><strong>L.</strong></span> <span class='ocrx_word' id='word_1_306' title='bbox 1740 4152 2043 4220; x_wconf 83' lang='lat' dir='ltr'><strong>improbum,</strong></span> <span class='ocrx_word' id='word_1_307' title='bbox 2078 4153 2202 4202; x_wconf 86' lang='lat' dir='ltr'><strong>Cod.</strong></span> <span class='ocrx_word' id='word_1_308' title='bbox 2236 4168 2299 4203; x_wconf 74' lang='lat' dir='ltr'><strong>ex</strong></span> <span class='ocrx_word' id='word_1_309' title='bbox 2332 4152 2519 4219; x_wconf 74' lang='lat' dir='ltr'><strong>quibus</strong></span> <span class='ocrx_word' id='word_1_310' title='bbox 2550 4154 2718 4205; x_wconf 69' lang='lat' dir='ltr'><strong>causis</strong></span> 
     </span>
     <span class='ocr_line' id='line_1_37' title="bbox 536 4230 949 4298; baseline -0.005 -17"><span class='ocrx_word' id='word_1_311' title='bbox 536 4231 691 4297; x_wconf 72' lang='lat' dir='ltr'><strong>img-</strong></span> <span class='ocrx_word' id='word_1_312' title='bbox 712 4230 949 4298; x_wconf 77' lang='lat' dir='ltr'><strong>infamia.</strong></span> 
     </span>
    </p>

    <p class='ocr_par' dir='ltr' id='par_1_7' title="bbox 611 4316 2382 4387">
     <span class='ocr_line' id='line_1_38' title="bbox 611 4316 2382 4387; baseline 0.003 -22"><span class='ocrx_word' id='word_1_313' title='bbox 611 4320 696 4384; x_wconf 80' lang='lat'><strong>(2)</strong></span> <span class='ocrx_word' id='word_1_314' title='bbox 735 4316 858 4381; x_wconf 85' lang='lat' dir='ltr'><strong>Cap.</strong></span> <span class='ocrx_word' id='word_1_315' title='bbox 879 4317 946 4366; x_wconf 86' lang='lat' dir='ltr'><strong>iii.</strong></span> <span class='ocrx_word' id='word_1_316' title='bbox 969 4317 1029 4368; x_wconf 83' lang='lat' dir='ltr'><strong>de</strong></span> <span class='ocrx_word' id='word_1_317' title='bbox 1060 4318 1246 4369; x_wconf 75' lang='lat' dir='ltr'><strong>Usuris.</strong></span> <span class='ocrx_word' id='word_1_318' title='bbox 1652 4324 1737 4387; x_wconf 87' lang='grc'><strong>(3)</strong></span> <span class='ocrx_word' id='word_1_319' title='bbox 1776 4320 1835 4369; x_wconf 85' lang='lat' dir='ltr'><strong>O.</strong></span> <span class='ocrx_word' id='word_1_320' title='bbox 1859 4324 1948 4371; x_wconf 86' lang='lat' dir='ltr'><strong>ult.</strong></span> <span class='ocrx_word' id='word_1_321' title='bbox 1968 4323 2026 4372; x_wconf 81' lang='lat' dir='ltr'><strong>de</strong></span> <span class='ocrx_word' id='word_1_322' title='bbox 2060 4322 2235 4374; x_wconf 74' lang='lat' dir='ltr'><strong>Usun&#39;s</strong></span> <span class='ocrx_word' id='word_1_323' title='bbox 2256 4324 2311 4373; x_wconf 90' lang='lat' dir='ltr'><strong>in</strong></span> <span class='ocrx_word' id='word_1_324' title='bbox 2336 4326 2382 4371; x_wconf 85' lang='grc'><strong>6.</strong></span> 
     </span>
    </p>

    <p class='ocr_par' dir='ltr' id='par_1_8' title="bbox 612 4401 2695 4470">
     <span class='ocr_line' id='line_1_39' title="bbox 612 4401 2695 4470; baseline 0.004 -19"><span class='ocrx_word' id='word_1_325' title='bbox 612 4404 696 4470; x_wconf 80' lang='lat'><strong>(4)</strong></span> <span class='ocrx_word' id='word_1_326' title='bbox 738 4402 862 4467; x_wconf 83' lang='lat' dir='ltr'><strong>Cap.</strong></span> <span class='ocrx_word' id='word_1_327' title='bbox 882 4402 963 4451; x_wconf 85' lang='lat' dir='ltr'><strong>vii.</strong></span> <span class='ocrx_word' id='word_1_328' title='bbox 985 4401 1044 4452; x_wconf 71' lang='lat' dir='ltr'><strong>de</strong></span> <span class='ocrx_word' id='word_1_329' title='bbox 1076 4402 1264 4453; x_wconf 62' lang='lat' dir='ltr'><strong>Usar-is.</strong></span> <span class='ocrx_word' id='word_1_330' title='bbox 1441 4452 1444 4455; x_wconf 80' lang='grc'>,</span> <span class='ocrx_word' id='word_1_331' title='bbox 1655 4406 1739 4469; x_wconf 83' lang='grc'><strong>(5)</strong></span> <span class='ocrx_word' id='word_1_332' title='bbox 1779 4406 2019 4459; x_wconf 87' lang='lat' dir='ltr'><strong>Purdon’s</strong></span> <span class='ocrx_word' id='word_1_333' title='bbox 2040 4406 2225 4467; x_wconf 82' lang='lat' dir='ltr'><strong>Digest,</strong></span> <span class='ocrx_word' id='word_1_334' title='bbox 2249 4414 2335 4457; x_wconf 82' lang='lat' dir='ltr'><strong>art.</strong></span> <span class='ocrx_word' id='word_1_335' title='bbox 2363 4408 2585 4459; x_wconf 65' lang='lat' dir='ltr'><strong>Interest.</strong></span> <span class='ocrx_word' id='word_1_336' title='bbox 2691 4452 2695 4459; x_wconf 88' lang='lat'><em>.</em></span> 
     </span>
    </p>
   </div>
   <div class='ocr_carea' id='block_1_7' title="bbox 3101 974 3105 1690">
    <p class='ocr_par' dir='ltr' id='par_1_9' title="bbox 3101 974 3105 1690">
     <span class='ocr_line' id='line_1_40' title="bbox 3101 974 3105 1690; baseline 0 0"><span class='ocrx_word' id='word_1_337' title='bbox 3101 974 3105 1690; x_wconf 95' lang='lat' dir='ltr'><strong> </strong></span> 
     </span>
    </p>
   </div>
   <div class='ocr_carea' id='block_1_8' title="bbox 3106 2271 3112 3229">
    <p class='ocr_par' dir='ltr' id='par_1_10' title="bbox 3106 2271 3112 3229">
     <span class='ocr_line' id='line_1_41' title="bbox 3106 2271 3112 3229; baseline 0 0"><span class='ocrx_word' id='word_1_338' title='bbox 3106 2271 3112 3229; x_wconf 95' lang='lat' dir='ltr'><strong> </strong></span> 
     </span>
    </p>
   </div>
  </div>
 </body>
</html>
