3117 5217
464 581 575 636 140
973 574 1087 634 DE
1132 573 1710 633 CONTRACTUS
1755 573 2123 633 NATURA.

458 747 809 804 contractus3
852 757 1019 796 secus
1048 739 1097 795 si
1124 739 1391 796 alteruter
1415 737 1557 796 falso
1603 748 1760 815 putet
1799 756 1964 814 agros
2005 756 2134 795 esse
2176 736 2498 794 feraciores.
2583 733 2648 790 Si

460 839 591 912 quis
630 856 761 895 cum
789 837 1041 904 homine,
1071 850 1359 910 tamquam
1399 836 1644 904 medico,
1675 837 1986 904 contrahat,
2015 837 2114 910 qui
2153 845 2342 894 tamen
2383 831 2648 891 medendi

460 937 753 996 scientiam
783 934 923 994 falso
951 936 1261 1012 profitetur,
1285 955 1400 994 non
1427 945 1648 994 tenetur
1667 936 1737 994 ad
1764 936 2103 994 solvendum
2129 935 2450 1010 impensas:
2482 950 2646 989 secus

462 1039 512 1094 si
540 1035 821 1094 medicum
852 1035 1155 1107 quemdam
1189 1036 1377 1094 minus
1399 1038 1641 1111 peritum
1665 1044 1932 1103 accersat,
1963 1053 2133 1108 quem
2153 1041 2310 1110 putat
2325 1050 2451 1090 esse
2471 1031 2644 1088 alium

463 1133 721 1212 ejusdem
752 1135 1003 1192 nominis
1031 1133 1182 1190 fama
1207 1135 1513 1193 celebrem.

550 1238 643 1291 10.
687 1243 725 1270 ‘⁴
748 1234 939 1292 Metus
960 1232 1245 1300 definitur,
1275 1233 1429 1306 quod
1454 1235 1527 1290 sit
1556 1243 1572 1268 ⁶
1593 1233 1872 1299 instantis,
1901 1233 1991 1291 vel
2009 1231 2180 1290 futuri
2201 1228 2437 1307 periculi
2457 1247 2647 1294 causa,
2701 1239 2704 1242 ’

464 1334 671 1392 mentis
724 1331 1060 1408 trepidatio.’
1145 1331 1433 1390 Dividitur
1484 1341 1668 1389 metus
1713 1331 1774 1388 in
1825 1349 2100 1409 gravem,
2153 1349 2254 1388 seu
2300 1331 2540 1406 justum,
2595 1337 2651 1384 et

464 1433 669 1490 levem.
753 1430 983 1490 Dicitur
1019 1430 1169 1489 levis
1210 1441 1394 1489 metus
1436 1430 1607 1497 illius,
1637 1431 1734 1502 qui
1761 1431 1886 1488 leve
1913 1431 2122 1488 malum
2165 1432 2344 1496 timet,
2372 1428 2465 1485 vel
2493 1427 2652 1484 timet

465 1529 693 1604 quidem
726 1530 937 1588 malurn
967 1549 1157 1606 grave,
1180 1531 1283 1588 sed
1310 1549 1385 1588 ex
1412 1547 1583 1587 causa
1601 1530 1712 1586 levi
1743 1543 1800 1587 et
1827 1530 2208 1606 improbabili.
2293 1529 2489 1586 Metus
2517 1523 2648 1583 vero

463 1630 649 1708 gravis
676 1629 879 1703 dicitur
904 1629 1055 1687 illius
1084 1631 1181 1702 qui
1212 1630 1369 1687 timet
1396 1628 1609 1686 malum
1638 1647 1807 1704 grave
1835 1647 1908 1685 ex
1947 1648 2116 1687 causa
2142 1627 2308 1686 valde
2353 1625 2650 1702 probabili.

465 1729 869 1788 communiter
918 1739 1224 1786 censentur
1275 1728 1425 1786 mala
1474 1727 1668 1804 gravia
1712 1746 1888 1796 mors,
1935 1728 2212 1787 mutilatio
2247 1725 2648 1790 membrorum,

466 1828 723 1888 enormia
766 1828 1015 1894 verbera,
1062 1827 1237 1885 durus
1284 1845 1495 1895 carcer,
1544 1826 1806 1893 exilium,
1849 1827 2110 1893 servitus,
2155 1823 2362 1902 magna
2399 1822 2649 1888 infamia,

468 1927 811 2005 proscriptio
840 1927 1137 1992 bonorum,
1161 1911 1373 1983 'ablatio
1400 1927 1902 1984 instrumentorum
1943 1926 2075 1982 artis
2111 1945 2252 1993 suae,
2281 1925 2406 1982 sine
2445 1922 2653 1994 quibus

469 2046 584 2085 non
612 2033 799 2101 potest
824 2025 1036 2082 victum
1062 2024 1167 2082 sibi
1196 2025 1505 2083 laborando
1534 2042 1806 2097 quaerere,
1835 2023 1946 2082 dvc.
2031 2025 2101 2083 In
2127 2025 2344 2083 caeteris
2365 2019 2656 2099 pensanda

466 2135 555 2183 est
594 2125 839 2200 gravitas
869 2124 960 2180 vel
992 2124 1191 2181 levitas
1229 2135 1436 2191 metus,
1478 2125 1790 2200 praesertim
1833 2124 1924 2181 ob·
1947 2123 2226 2182 diversam
2268 2121 2544 2187 indolem,
2597 2128 2654 2176 et

468 2241 841 2301 personarum
868 2223 1231 2294 qualitatem3
1263 2243 1469 2299 pueros
1496 2225 1650 2282 enim
1681 2232 1738 2281 et
1765 2223 2030 2281 mulieres
2057 2224 2424 2281 vehementer
2447 2237 2654 2277 concu-

469 2325 553 2390 tit,
582 2320 735 2395 quod
764 2322 917 2378 viros
944 2323 1233 2380 neleviter
1254 2321 1483 2395 quidem
1504 2322 1747 2400 tangit.”
1774 2364 1789 2380 .
1817 2364 1832 2380 .
1865 2365 1878 2380 .
1905 2331 1946 2358 ‘⁸
1969 2322 2139 2390 Dico,
2169 2321 2320 2395 quod
2335 2329 2520 2379 metus
2541 2335 2658 2376 non

467 2429 663 2478 causat
689 2421 1127 2479 involuntarium
1156 2421 1529 2500 simpliciter,
1560 2422 1660 2480 sed
1690 2431 1901 2480 tantum
1936 2421 2265 2481 seeundum
2304 2418 2471 2497 quid,
2501 2415 2658 2490 quod

466 2519 619 2577 idem
656 2530 747 2576 est
784 2539 849 2576 ac
890 2519 1099 2588 dicere,
1144 2520 1298 2593 quod
1332 2540 1458 2593 quae
1504 2521 1648 2579 fiunt
1689 2539 1794 2597 per
1836 2531 2070 2589 metum,
2115 2523 2238 2579 sive
2277 2520 2486 2586 levem,
2533 2517 2656 2573 sive

465 2637 716 2694 gravem,
746 2627 879 2674 sunt
903 2618 1258 2699 simpliciter
1284 2618 1653 2690 voluntaria,
1682 2620 2060 2677 involuntaria
2085 2629 2295 2677 tantum
2326 2614 2656 2676 secundum

462 2716 677 2794 quid.”
706 2759 720 2775 .
745 2759 758 2774 .
786 2726 825 2753 ‘⁴
850 2717 965 2775 Res
988 2719 1136 2775 clare
1154 2729 1307 2794 patet
1327 2718 1381 2776 in
1412 2719 1682 2794 exemplo
1713 2718 2083 2796 projectionis
2111 2717 2385 2776 mercium
2415 2717 2472 2774 in
2503 2733 2657 2772 mare

466 2825 698 2892 propter
723 2817 1031 2874 imminens
1058 2813 1511 2892 naufragium.”¹

551 2919 643 2971 ll.
689 2915 885 2972 Metus
913 2916 1098 2990 gravis
1139 2916 1349 2991 injuste
1390 2917 1656 2973 incussus
1699 2915 1768 2972 ad
1808 2915 2265 2988 extorquendum
2305 2931 2655 2972 consensum

458 3015 673 3090 justam
700 3014 911 3088 praebet
939 3032 1166 3071 causam
1190 3035 1225 3070 a
1252 3024 1538 3072 contractu
1581 3015 1870 3073 resiliendi
1893 3035 1908 3072 t
1941 3017 2042 3088 qui
2079 3015 2233 3072 enim
2273 3015 2538 3091 injuriam
2566 3025 2664 3088 est-

465 3131 671 3188 passus
700 3112 923 3188 poterit,
954 3123 1304 3170 contractum
1334 3112 1735 3181 rescindendo,
1759 3133 1822 3171 se
1843 3117 2034 3190 ipsum
2051 3113 2379 3172 indemnem
2395 3112 2650 3181 reddere,

464 3212 778 3286 praesertim
813 3209 1027 3287 judicis
1068 3211 1369 3268 accedente
1412 3212 1772 3270 auctoritate:
1858 3213 2062 3279 “Quae
2103 3223 2356 3272 metuet
2392 3212 2449 3268 vi
2487 3211 2650 3281 fiunt,

466 3309 671 3366 debent
708 3311 769 3366 in
812 3309 1027 3367 irritum
1078 3304 1431 3368 revocari.”²
1513 3319 1551 3346 “
1577 3309 1972 3379 VenditioneS,
2015 3311 2370 3380 donationeS‚
2410 3296 2653 3369 transac-

466 3409 673 3476 tioneS,
726 3427 852 3481 quae
900 3427 1002 3484 per
1046 3410 1354 3485 potentiam
1402 3418 1634 3468 extortae
1675 3420 1825 3478 sunt,
1873 3413 2238 3488 praecipimus
2281 3405 2653 3469 infirmari.”³

467 3508 714 3575 Quidam
745 3517 1062 3566 contractus
1090 3508 1217 3583 ipso
1249 3509 1381 3584 jure
1422 3518 1555 3566 sunt
1595 3508 1754 3576 irriti,
1784 3512 2004 3582 quoties
2045 3530 2119 3568 ex
2145 3520 2297 3569 metu
2340 3509 2498 3587 gravi
2529 3510 2653 3566 initi

465 3607 693 3678 fuerint,
721 3627 929 3684 nempe
956 3605 1432 3675 matrimonium‚⁴
1450 3608 1596 3666 dotis
1617 3608 1944 3683 promissio,
1973 3628 2074 3667 seu
2093 3603 2355 3677 soluti0,⁵
2371 3609 2654 3686 professio

539 3835 623 3899 (1)
664 3832 717 3880 S.
742 3833 1041 3896 Alphonsus,
1065 3835 1097 3882 l.
1115 3850 1161 3881 v.
1186 3840 1271 3882 art.
1297 3833 1345 3882 ii.
1372 3837 1417 3892 ξ.
1440 3833 1489 3882 ii.
1504 3848 1589 3881 xx.
1613 3832 1714 3881 xxi.
2393 3879 2398 3883 .

515 3907 523 3911 ⁰
537 3918 621 3983 (2)
663 3915 785 3980 Cap.
806 3918 857 3966 ii.
880 3917 937 3967 de
961 3918 1025 3968 iis
1042 3934 1155 3984 quae
1175 3918 1227 3968 υἱ
1250 3917 1612 3984 m-etuvefiunt.
1680 3925 1711 3948 “-
1728 3916 1779 3967 1f
1804 3917 1886 3966 the
1919 3923 2134 3966 contract
2165 3918 2225 3965 be
2247 3916 2439 3965 entered
2459 3916 2563 3965 into
2585 3918 2649 3980 by

466 4017 635 4050 means
656 4000 714 4049 of
738 4000 953 4051 violence
976 4001 1151 4051 offered
1173 4009 1223 4051 to
1245 4003 1329 4051 the
1349 4003 1464 4062 will,
1488 4019 1540 4052 or
1563 4003 1715 4052 under
1738 4002 1820 4051 the
1842 4003 2084 4051 influence
2105 4002 2162 4050 of
2174 4001 2340 4051 undue
2362 4001 2651 4063 constrinxit,

464 4083 547 4134 the
569 4092 706 4149 party
728 4101 841 4148 may
865 4086 1005 4135 avoid
1043 4089 1081 4135 it
1112 4089 1175 4150 by
1211 4087 1294 4135 the
1326 4087 1435 4150 plea
1473 4088 1529 4136 of
1554 4086 1769 4137 duress.''
1839 4087 2014 4136 Kent’s
2049 4085 2246 4136 Comm.
2269 4087 2362 4136 vol.
2385 4086 2434 4134 ii.
2457 4102 2508 4137 n.
2531 4087 2648 4132 453.
2740 4151 2750 4158 ¹

465 4170 558 4219 “If
583 4187 613 4218 a
632 4186 807 4233 person
827 4173 887 4219 be
908 4172 1063 4220 under
1084 4189 1147 4222 an
1170 4180 1317 4222 arrest
1337 4173 1410 4222 for
1430 4173 1670 4237 improper
1704 4190 1937 4238 purposes
1969 4173 2175 4223 without
2208 4190 2238 4222 a
2264 4174 2368 4238 just
2400 4188 2560 4230 cause,
2595 4186 2648 4219 or

465 4254 625 4302 where
646 4252 779 4302 there
801 4254 843 4302 is
865 4271 928 4302 an
952 4262 1097 4303 arrest
1118 4255 1190 4303 for
1211 4272 1241 4304 a
1254 4249 1358 4321 just
1379 4272 1537 4315 cause,
1560 4258 1648 4305 but
1669 4257 1874 4306 without
1895 4257 2061 4306 lawful
2084 4256 2340 4320 authority,
2361 4255 2425 4304 he
2447 4271 2559 4318 may
2582 4255 2641 4302 be

463 4339 743 4388 considered
766 4355 819 4387 as
840 4339 993 4388 under
1014 4339 1226 4388 duress.''
1296 4341 1495 4390 Ibidem.
1651 4406 1654 4411 Ι

542 4426 625 4490 (3)
666 4423 785 4486 Leg.
808 4425 894 4472 ult.
918 4425 1022 4473 cod.
1044 4423 1103 4474 de
1124 4423 1205 4474 Ιιίε
1227 4441 1338 4490 quae
1359 4425 1423 4475 vi.
1674 4428 1759 4494 (4)
1800 4425 1860 4474 C.
1883 4443 1928 4474 v.
1952 4425 2011 4476 de
2037 4423 2380 4495 Sponsalibus.

536 4513 621 4577 (5)
664 4510 722 4560 Si
739 4510 936 4569 mulier,
964 4513 1009 4570 ς.
1032 4513 1079 4558 3.
1116 4510 1174 4560 Si
1198 4509 1298 4570 dos,
1321 4510 1374 4561 ff.
1396 4510 1455 4559 L.
1479 4512 1582 4560 xxi.
1615 4511 1758 4572 Quod
1777 4517 1890 4562 met.
1914 4527 2080 4564 causa.
