3117 5217
1070 577 1185 636 DE
1226 535 1898 636 R'ESTITUTIONE.
2473 582 2588 636 119

491 745 625 800 196.
668 744 785 811 Qui
810 744 1121 814 fraudibus,
1152 764 1251 804 seu
1282 745 1616 814 mendaciiS‚
1644 765 1749 805 sen
1775 746 1935 804 falsis
1963 744 2220 815 testibuS‚
2251 747 2492 822 impedit
2517 767 2588 806 ne

404 841 548 899 fiseo
574 843 903 902 addicantur
927 845 1081 902 bona
1106 864 1233 918 quae
1262 846 1335 904 ob
1362 847 1612 904 crimen:
1643 865 1716 903 v:
1745 865 1816 922 g:
1848 864 1964 904 non
1995 846 2164 903 soluti
2197 847 2510 922 vectigalis,
2539 849 2594 914 ej

403 939 589 998 forent
612 941 948 1011 addicenda,
997 953 1125 1002 ante
1160 946 1499 1002 sententiam
1529 944 1742 1026 judicis
1781 963 1899 1003 non
1941 953 2163 1002 tenetur
2203 945 2272 1002 ad
2317 945 2588 1003 damnum

402 1040 803 1124 reparandum,
824 1043 903 1100 uti
926 1044 1394 1102 communissime
1414 1044 1624 1102 docent
1657 1043 1935 1121 theologi,
1953 1053 2096 1101 teste
2123 1045 2188 1102 S.
2211 1045 2514 1121 Alphonso
2536 1039 2586 1100 :¹

398 1156 532 1200 nam
557 1138 729 1198 fiscus
756 1160 871 1200 non
896 1142 1067 1200 habet
1082 1141 1181 1218 jus
1208 1143 1463 1200 strictum
1490 1144 1552 1200 in
1579 1161 1648 1200 ea
1673 1142 1840 1201 bona.

484 1240 615 1296 197.
659 1238 969 1298 Restitutio
996 1260 1255 1316 personae
1280 1241 1429 1298 laesae
1456 1241 1714 1298 facienda
1749 1251 1856 1310 est,
1897 1242 1949 1299 si
1991 1243 2322 1300 innotescat.
2407 1242 2472 1299 Si
2499 1244 2582 1300 rei

398 1333 663 1396 dominus
692 1339 941 1396 incertus
982 1340 1077 1408 sit,
1118 1347 1341 1397 constet
1366 1349 1552 1397 tamen
1591 1359 1724 1397 eum
1763 1341 2012 1413 aliquem
2039 1360 2112 1398 ex
2147 1341 2398 1416 pluribus
2428 1359 2577 1408 esse,

399 1453 471 1490 v:
502 1453 574 1510 g:
617 1455 691 1492 ex
720 1437 917 1505 tribus,
947 1439 1038 1495 vel
1078 1449 1341 1510 quatuor,
1382 1439 1479 1509 qui
1519 1439 1580 1495 in
1619 1438 1816 1496 eadem
1861 1438 2032 1497 domo
2071 1439 2340 1506 habitant,
2385 1449 2423 1474 “
2450 1450 2584 1498 tunc

394 1535 599 1605 nequit
622 1536 901 1593 restitutio
928 1536 1049 1594 fieri
1077 1537 1442 1612 pauperibus,
1471 1537 1574 1594 sed
1600 1555 1692 1594 res
1731 1536 2036 1596 dividenda
2060 1547 2150 1594 est
2173 1538 2320 1594 inter
2345 1556 2466 1605 eos,
2493 1539 2580 1596 in-

396 1643 481 1690 ter
507 1650 651 1703 quos
680 1633 1039 1693 defraudatus
1067 1629 1359 1694 existit.”²
1438 1636 1503 1692 Si
1533 1639 1682 1694 inter
1717 1635 1998 1711 plurimos
2037 1634 2305 1694 dominus
2345 1636 2582 1695 omnino

396 1742 641 1803 nequeat
666 1730 933 1801 discerni,
962 1735 1303 1810 pauperibus
1330 1735 1608 1792 restitutio
1634 1734 1894 1793 facienda
1921 1733 2062 1801 erit3
2095 1745 2150 1790 et
2176 1734 2406 1807 quidem
2433 1735 2582 1812 ejus-

393 1829 521 1888 dem
549 1832 991 1900 communitatis,
1020 1811 1077 1891 si‘
1111 1833 1303 1908 plures
1331 1842 1385 1890 et
1412 1835 1551 1890 varii
1590 1833 1810 1892 domini
1849 1833 2113 1912 ejusdem
2148 1835 2570 1891 communitatis

394 1930 597 2005 injuria
637 1931 752 1986 sint
792 1930 1001 1990 affecti.
1040 1910 1432 2004 ‘Plerumque
1477 1932 1710 2004 quidem
1751 1933 1940 1991 debita
1979 1933 2188 1989 incerta
2229 1930 2578 1990 restituenda

390 2046 516 2084 esse
570 2030 918 2105 pauperibus
962 2029 1075 2088 loci
1115 2031 1174 2088 in
1214 2049 1331 2104 quo
1370 2031 1641 2090 damnum
1684 2032 1900 2090 illatum
1951 2040 2056 2098 est,
2098 2032 2572 2089 communissime

394 2126 587 2184 dicunt
611 2126 895 2206 theologi;
940 2130 1201 2202 quamvis
1240 2131 1471 2188 nonnisi
1497 2130 1779 2188 venialem
1819 2132 2044 2206 eulpam
2087 2141 2358 2206 agnoscat
2384 2130 2449 2186 S.
2478 2130 2576 2186 Al-

395 2225 653 2300 phonsus
684 2229 738 2284 in
767 2247 837 2285 eo
864 2230 963 2300 qui
1000 2229 1113 2286 loci
1140 2247 1255 2286 non
1297 2229 1485 2286 habita
1524 2231 1762 2296 ratione,
1804 2230 1929 2288 aliis
1958 2229 2415 2300 quibuscumque
2442 2247 2580 2303 pau-

396 2325 626 2400 peribus
653 2328 933 2395 restituit;
974 2327 1187 2385 nullam
1214 2340 1427 2395 autem,
1456 2329 1507 2384 si
1534 2347 1698 2400 aequa
1725 2328 1906 2386 subsit
1930 2346 2121 2385 causa.
2178 2328 2446 2385 Profecto
2475 2327 2578 2400 qui

396 2424 597 2499 procul
638 2423 851 2501 degens
881 2426 976 2483 dat
1001 2428 1343 2502 pauperibus
1369 2427 1485 2485 loci
1520 2428 1616 2484 ubi
1644 2437 1914 2493 versatur,
1957 2427 2027 2483 ab
2067 2428 2227 2485 omni
2265 2426 2433 2502 culpa
2460 2426 2579 2501 ple-

392 2541 635 2595 rumque
664 2535 982 2582 excusatur.

477 2625 609 2679 198.
656 2622 941 2698 Impensis
968 2623 1190 2682 domini
1219 2641 1518 2700 possessor
1542 2625 1707 2682 bonae
1747 2622 1882 2680 fidei
1923 2623 2204 2689 restituit3
2248 2623 2347 2695 qui
2387 2631 2574 2679 autem

333 2714 343 2724 ”
391 2720 539 2778 mala
566 2719 675 2778 fide
716 2724 939 2799 accepit
974 2741 1095 2780 rem
1136 2724 1399 2790 alienam,
1428 2721 1518 2778 vel
1556 2721 1826 2780 damnum
1872 2721 2028 2778 alteri
2067 2721 2271 2786 intulit,
2301 2721 2424 2777 suis
2469 2720 2574 2776 im·
2621 2745 2628 2752 ·

389 2822 585 2896 pensis
610 2821 903 2878 restituere
934 2822 1119 2879 debet.
1204 2823 1270 2880 Si
1310 2828 1557 2893 nequeat
1596 2823 1811 2892 absque
1852 2820 2190 2897 gravissimo
2229 2819 2318 2876 sui
2358 2817 2571 2878 damno

389 2937 509 2976 rem
555 2921 949 2987 transmittere,
998 2920 1254 2995 plerique
1300 2919 1548 2996 theologi
1595 2919 1917 2978 concedunt
1953 2918 2320 2985 dilationem;
2363 2919 2481 2975 imo
2519 2919 2570 2975 si

389 3017 657 3076 damnum
686 3020 763 3076 sit
786 3020 1023 3076 omnino
1062 3036 1317 3087 enorme,
1359 3017 1555 3076 dicunt
1596 3037 1726 3076 eum
1767 3037 1938 3094 posse
1978 3018 2270 3076 restituere
2310 3017 2572 3093 pauperi·

390 3117 515 3173 bus.
600 3116 733 3174 Hoc
760 3118 1071 3193 praesertim
1100 3117 1529 3194 intelligendum
1572 3118 1621 3174 si
1649 3135 1740 3174 res
1782 3116 2126 3176 restituenda
2151 3117 2225 3172 sit
2261 3117 2422 3192 parvi
2451 3134 2571 3174 mo-

388 3216 585 3282 menti,
632 3226 690 3274 et
732 3215 996 3275 dominus
1042 3217 1100 3274 in
1146 3216 1457 3294 longinqua
1506 3218 1743 3294 regione
1797 3215 1980 3294 degat.
2065 3213 2244 3274 Porro
2298 3233 2568 3291 expensae

386 3332 605 3389 magnae
632 3325 937 3373 censentur
961 3315 1187 3388 quando
1211 3316 1384 3392 longe
1410 3325 1681 3392 superant
1707 3317 1892 3392 ipsam
1920 3334 2039 3373 rem
2068 3308 2530 3373 restituendam.³

472 3417 605 3470 199.
648 3414 905 3472 Possunt
930 3416 1096 3472 etiam
1139 3416 1555 3474 restitutionem
1595 3415 1845 3482 differre,
1887 3416 1986 3487 qui
2024 3413 2371 3471 restituendo
2407 3431 2468 3469 se
2509 3410 2570 3471 in

387 3529 619 3586 gravem
646 3513 993 3590 conjicerent
1019 3514 1435 3582 necessitatem,
1472 3513 1585 3571 nisi
1612 3512 1804 3571 dilatio
1844 3512 2078 3570 domino
2107 3529 2299 3588 parem
2329 3510 2569 3567 difficul-

386 3619 553 3668 tatem
582 3611 798 3669 afferat.
884 3612 967 3670 Hi
994 3630 1221 3684 quoque
1247 3621 1594 3672 excusantur
1619 3613 1667 3669 si
1703 3611 1985 3678 differant,
2026 3629 2096 3667 eo
2125 3607 2280 3681 quod
2306 3609 2444 3666 alias
2473 3625 2568 3664 co-

386 3719 663 3804 gerentur.
680 3710 751 3768 ad
778 3710 1033 3779 domum,
1062 3711 1155 3768 vel
1196 3711 1469 3787 praedium
1498 3710 1885 3777 vendendum,
1913 3709 2092 3767 multo
2132 3707 2370 3764 minoris
2398 3724 2569 3778 quam

383 3807 564 3877 valet;
618 3810 706 3867 vel
754 3810 911 3882 quod
933 3813 992 3868 in
1036 3829 1265 3888 gravem
1310 3809 1603 3870 infamiam
1631 3809 2011 3873 incurrerent3
2052 3807 2142 3864 vel
2189 3824 2220 3862 a
2263 3823 2370 3862 suo
2395 3815 2562 3873 statu,

386 3924 559 3978 quem
576 3910 735 3986 juste
761 3918 1174 3985 compararunt,
1216 3909 1560 3967 deciderent.
1647 3905 1934 3965 Caeterum
1977 3907 2254 3971 tenentur,
2283 3906 2569 3980 quampri-

386 4023 543 4062 mum
570 4017 851 4083 poterunt,
881 4008 949 4065 ad
982 4006 1422 4076 restituendum3
1464 4006 1807 4080 interimque
1847 4005 2054 4063 debent
2077 4003 2418 4061 domesticas
2458 4003 2565 4061 im-

385 4120 593 4177 pensas
620 4107 898 4174 minuere,
927 4117 983 4162 et
1006 4107 1161 4164 omni
1204 4103 1393 4164 studio
1432 4102 1650 4174 curare,
1691 4117 1757 4162 ut
1781 4105 2098 4163 facultatem
2137 4102 2382 4160 habeant
2407 4103 2567 4161 resti-

382 4201 598 4261 tuendh

723 4411 807 4475 (Ῑ)
845 4409 906 4459 1¹·
928 4409 995 4460 ffi·
1016 4427 1067 4460 n.
1088 4412 1205 4461 583·
1696 4409 1782 4476 (2)
1819 4407 2018 4467 Ibidem,
2038 4421 2090 4455 n.
2112 4405 2227 4452 590.

1202 4498 1295 4564 (a)
1333 4494 1533 4554 Ibidem,
1554 4505 1606 4544 n.
1630 4496 1746 4543 598.
