3117 5217
1066 559 1180 617 DE
1223 559 1869 619 TEMPERANTIA.
2343 640 2348 650 x
2497 567 2566 619 13

390 726 598 783 tionem
629 736 862 793 naturae,
891 737 1156 802 peccaret
1190 727 1352 798 quasi
1390 726 1577 785 ordini
1617 728 1854 785 naturali
1895 724 2315 805 repugnanS.”¹
2398 727 2571 793 Quod

387 834 572 883 autem
620 823 696 881 de·
736 824 978 883 Daniele
1007 826 1316 903 puerisque
1365 828 1657 884 utentibus
1708 826 2095 903 leguminibus
2141 827 2313 904 objici
2360 835 2568 903 potest,

391 923 625 982 solvitur
651 944 685 981 a
711 914 775 981 S.
805 923 1068 982 Thoma':
1139 932 1178 959 ‘⁴
1201 924 1410 982 Daniel
1449 910 1564 981 illa'
1585 926 1919 983 abstinentia
1944 946 1976 982 a
2002 925 2424 985 delectabilibus
2452 934 2571 982 ute·

387 1023 565 1091 batur,
594 1041 710 1080 non
738 1024 902 1095 quasi
927 1032 1157 1099 propter
1181 1042 1244 1080 se
1271 1022 1580 1081 abhorrens
1608 1024 2033 1092 delectationes,
2060 1033 2124 1081 ut
2148 1022 2463 1083 secundum
2506 1042 2571 1079 se

390 1122 597 1179 malas:
629 1120 729 1179 sed
757 1132 992 1199 propter
1018 1123 1269 1194 aliquem
1289 1122 1464 1179 finem
1489 1122 1850 1189 laudabilem,
1879 1133 1942 1180 ut
1967 1124 2185 1182 scilicet
2209 1122 2480 1181 idoneum
2507 1140 2571 1178 se

392 1220 460 1276 ad
488 1220 841 1278 altitudinem
869 1220 1358 1296 contemplationis
1398 1220 1676 1289 redderet,
1706 1222 2035 1279 abstinendo
2075 1222 2295 1279 scilicet
2319 1242 2351 1278 a
2377 1240 2577 1297 corpo-

386 1318 592 1377 ralibus
641 1310 1208 1376 delectationibus.”²
1289 1318 1347 1375 N
1353 1337 1428 1375 on
1467 1330 1689 1395 oportet
1735 1332 1922 1379 tamen
1964 1320 2393 1379 delectationem
2436 1320 2569 1378 finis

391 1418 567 1474 instar
593 1418 820 1484 habere,
850 1434 1026 1487 quum
1055 1417 1245 1491 potius
1273 1418 1542 1475 inserviat
1566 1419 1667 1476 fini
1693 1419 1937 1477 honesto
1979 1421 2147 1477 vitam
2186 1418 2569 1485 sustentandi}

393 1524 736 1591 quapropter
787 1515 955 1592 culpa
995 1516 1203 1573 veniali
1248 1534 1366 1573 non
1407 1528 1580 1585 caret,
1622 1518 1720 1589 qui
1752 1536 1879 1574 eam
1922 1518 2085 1575 unice
2132 1518 2238 1575 sibi
2284 1519 2571 1594 proponit.

391 1613 675 1671 Damnata
713 1624 802 1671 est
837 1612 1038 1671 merito
1092 1615 1447 1697 propositio:
1535 1623 1575 1650 ‘⁸
1598 1614 1919 1674 comedere
1956 1623 2013 1672 et
2048 1617 2239 1673 bibere
2274 1634 2457 1689 usque
2504 1615 2573 1673 ad

392 1712 702 1770 satietatem
745 1713 818 1770 ob
851 1715 1035 1772 solam
1074 1714 1419 1789 voluptatem
1457 1732 1575 1771 non
1613 1722 1700 1771 est
1730 1725 2027 1791 peccatum
2064 1714 2235 1773 modo
2275 1734 2389 1773 non
2428 1716 2577 1772 obsit

388 1810 733 1879 valetudini3
763 1814 898 1884 quia
921 1812 1074 1870 licite
1103 1822 1290 1888 potest
1315 1813 1601 1889 appetitus
1628 1813 1899 1871 naturalis
1927 1814 2046 1870 suis
2076 1814 2291 1871 actibus
2318 1806 2526 1871 frui.”³

469 1915 570 1967 25.
611 1910 1070 1988 Intemperantiae
1110 1912 1310 1969 vitium
1351 1930 1482 1968 oum
1517 1912 1769 1971 hominis
1798 1911 2075 1970 dedecore
2112 1923 2169 1969 et
2200 1914 2406 1988 probro
2444 1930 2577 1969 con-

389 2010 651 2085 junctum
698 2020 818 2068 est:
907 2006 1081 2068 “Est
1131 2009 1332 2087 ergo,''
1387 2010 1573 2081 inquit
1624 2011 1688 2068 S.
1744 2011 2026 2079 Thomas,
2084 2013 2579 2087 “intemperantia

393 2110 641 2166 maxime
679 2110 1112 2186 exprobrabilis,
1155 2117 1389 2186 propter
1427 2108 1559 2166 duo·
1644 2110 1841 2167 Primo
1868 2110 2119 2195 quidem,
2151 2112 2285 2182 quia
2324 2112 2576 2169 maxime

318 2211 322 2214 '
392 2217 668 2283 repugnat
711 2207 1063 2265 excellentiae
1108 2208 1391 2266 hominis:
1435 2216 1524 2263 est
1561 2210 1717 2267 enim
1762 2210 1915 2279 circa,
1964 2208 2365 2266 delectationes
2420 2227 2573 2265 com—

399 2324 602 2363 munes
619 2307 781 2363 nobis
803 2316 858 2363 et
881 2307 1098 2363 brutis·
1083 2347 1286 2373 .....
1315 2305 1511 2364 unde
1495 2326 1556 2365 m
1577 2307 1811 2366 Psalmo
1832 2308 2014 2365 xlviii.
2041 2307 2275 2365 dicitur·
2340 2314 2355 2341 ‘
2378 2306 2576 2365 Homo

397 2422 530 2462 cum
574 2405 633 2461 in
665 2404 880 2463 honore
919 2414 1093 2473 esset,
1121 2424 1254 2463 non·
1279 2404 1578 2474 intellexit,
1618 2416 1977 2482 comparatus
2005 2416 2093 2463 est
2122 2407 2402 2484 jumentis
2444 2407 2579 2463 insi-

401 2504 722 2579 pientibus3
753 2515 812 2561 et
835 2504 1036 2561 similis
1063 2505 1248 2562 factus
1275 2516 1364 2560 est
1401 2504 1536 2561 illis.
1541 2504 1558 2531 ’
1616 2502 1905 2572 SecundO,
1936 2506 2080 2578 quia
2076 2488 2346 2563 Jaxime
2374 2522 2579 2581 repug-

396 2612 496 2661 nat
520 2603 644 2679 ejus
684 2602 936 2669 claritati,
965 2603 1058 2661 vel
1097 2601 1531 2679 pulchritudini,
1572 2604 1633 2660 in
1672 2612 1947 2674 quantum
1985 2603 2206 2659 scilicet
2242 2605 2303 2660 in
2342 2602 2581 2659 delecta-

393 2701 658 2769 tionibus,
707 2703 857 2759 circa
898 2720 1040 2774 quas
1087 2712 1175 2759 est
1216 2701 1668 2775 intemperantia,
1714 2700 1907 2757 minus
1958 2711 2196 2776 apparet
2245 2699 2313 2757 de
2365 2700 2581 2757 lumine

391 2800 643 2868 rationis,
671 2818 744 2857 ex
772 2820 884 2873 qua
909 2811 997 2858 est
1023 2812 1136 2859 tota
1162 2801 1406 2867 claritaS,
1435 2810 1493 2857 et
1519 2799 1881 2875 pulchritudo
1909 2796 2229 2857 virtutiS.'’⁴

1094 3052 1254 3127 §.IL
1339 3051 1435 3110 ΒΕ
1480 3051 1892 3110 Sonam-rani.

477 3255 576 3309 26.
621 3251 908 3309 Sobrietas
935 3260 1025 3307 est
1043 3252 1218 3309 virtus
1247 3270 1374 3324 quae
1401 3260 1569 3325 potus
1596 3268 1765 3307 usum
1792 3248 2013 3325 dirigit:
2047 3248 2258 3307 “illam
2289 3249 2581 3307 materiam

400 3350 718 3426 specialiter
743 3351 851 3408 sibi
871 3351 1142 3408 sobrietas
1163 3351 1408 3419 ascribit,
1431 3350 1492 3406 in
1518 3369 1633 3423 qua
1656 3349 1907 3407 maxime
1929 3346 2205 3406 laudabile
2240 3359 2329 3404 est
2352 3366 2581 3406 mensu-

400 3468 522 3507 ram
543 3466 787 3507 servare.
843 3447 1199 3526 Hujusmodi
1220 3458 1406 3506 autem
1429 3456 1517 3505 est
1531 3458 1700 3525 potus
1720 3448 2001 3505 inebriare
2024 3446 2251 3503 valens:
2300 3446 2434 3517 quia
2455 3447 2581 3520 ejus

399 3566 539 3606 usus
567 3558 924 3606 mensuratus
951 3548 1190 3607 multum
1217 3548 1454 3624 confert,
1483 3556 1540 3605 et
1566 3546 1827 3605 modicus
1848 3563 2121 3607 excessus
2150 3544 2388 3601 multum
2408 3542 2582 3606 laedit,

406 3649 540 3719 quia
565 3646 804 3723 impedit
827 3666 1000 3706 usum
1027 3648 1284 3714 rationis,
1311 3648 1496 3723 magis
1523 3648 1693 3705 etiam
1720 3658 1893 3717 quam
1920 3659 2195 3700 excessus
2224 3640 2355 3697 eibi.
2412 3638 2586 3700 Unde

405 3745 612 3805 dicitur
651 3746 818 3804 Eccl.
865 3748 1034 3805 xxxi.
1118 3756 1133 3782 ‘
1154 3747 1380 3804 Sanitas
1415 3754 1504 3804 est
1533 3745 1739 3807 animae
1776 3752 1831 3797 et
1868 3740 2094 3816 corpori
2132 3739 2353 3795 sobrius
2392 3748 2583 3814 potus,

403 3845 620 3903 Vinum
647 3845 889 3904 multum
918 3856 1172 3923 potatum
1198 3845 1596 3909 irritationem,
1616 3850 1673 3897 et
1698 3842 1863 3906 iram,
1882 3849 1939 3902 et
1958 3838 2149 3897 ruinas
2182 3838 2387 3896 multas
2406 3837 2582 3896 facit.’

403 3944 482 4003 Et
492 3944 623 4002 ideo
643 3944 964 4021 specialiter
983 3945 1263 4003 sobrietas
1283 3939 1587 4000 attenditur
1604 3939 1752 3995 circa
1769 3947 1987 4015 potum,
2009 3956 2126 3997 non
2142 3954 2587 4011 quemcumque,

403 4042 504 4101 sed
531 4060 663 4101 eum
691 4044 790 4117 qui
815 4062 922 4101 sua
942 4044 1266 4106 fumositate
1293 4048 1458 4100 natus
1499 4051 1589 4097 est
1625 4048 1793 4117 caput
1831 4033 2185 4103 conturbare,
2214 4037 2363 4094 sicut
2387 4036 2587 4093 vinum

475 4255 558 4320 (1)
597 4253 649 4301 S.
673 4253 855 4303 Thom.
879 4257 926 4302 2.
952 4257 999 4303 2.
1023 4270 1104 4317 qu.
1123 4252 1252 4301 cxlii.
1279 4258 1368 4301 art.
1391 4250 1424 4299 i.
1479 4251 1635 4319 Resp.
1784 4226 1789 4231 ι
1840 4250 1924 4315 (2)
1964 4248 2179 4297 Ibidem.⁴
2232 4244 2317 4294 Ad
2334 4243 2589 4310 primum·

473 4339 556 4403 (3)
598 4337 741 4402 Prop.
764 4337 864 4387 viii.
882 4338 1045 4387 damn.
1069 4338 1129 4386 ab
1151 4334 1411 4403 Innocyxi.

367 4432 378 4443 ·
473 4421 556 4486 (4)
596 4420 649 4468 S.
671 4421 852 4471 Thom.
876 4426 924 4470 2.
951 4426 998 4471 2.
1014 4439 1095 4488 qu.
1115 4421 1245 4471 cxlii.
1269 4427 1354 4469 art.
1379 4418 1442 4467 iv.
1499 4419 1653 4485 Resp.

564 4516 719 4575 Vol..
764 4515 968 4576 11.—3
