3117 5217
755 604 867 663 DE
909 604 1174 665 MODIS
1214 605 1751 674 AOQUIRENDI
1792 604 2259 664 DOMINIUM.
2522 604 2599 659 65

504 778 599 833 67.
643 774 757 833 Per
781 776 1274 835 commixtionem
1300 786 1356 833 et
1383 775 1799 858 confusionem
1838 775 2147 848 acquiritur
2170 791 2599 846 nonnumquam

422 872 758 931 dominium.
829 873 1211 934 commisceri
1240 876 1501 935 dicuntur
1525 874 1709 933 solida
1734 893 1865 933 cum
1890 872 2115 941 solidis,
2134 882 2196 931 ut
2220 874 2441 930 nummi
2466 891 2601 929 cum

418 973 690 1038 numum,
718 972 1063 1031 frumentum
1089 992 1221 1032 cum
1249 974 1551 1032 frumento.
1638 972 1929 1031 Confundi
1958 972 2221 1031 dicuntur
2243 970 2479 1043 liquida,
2508 970 2599 1027 vel

415 1069 718 1142 liquefacta
743 1071 1004 1147 ejusdem
1033 1073 1156 1131 sive
1197 1073 1424 1130 alterius
1467 1074 1706 1149 speciei,
1736 1071 1963 1144 quando
2002 1072 2079 1129 ita
2118 1079 2327 1129 coeunt
2352 1080 2416 1125 ut
2445 1068 2601 1127 nulla

415 1186 546 1242 pars
591 1170 870 1245 assignari
917 1180 1105 1242 queat,
1149 1190 1274 1244 quae
1318 1170 1388 1228 de
1423 1181 1665 1243 utroque
1694 1189 1811 1229 non
1852 1171 2169 1246 participet.
2254 1168 2354 1225 Sic
2400 1169 2597 1225 vinum

415 1284 550 1324 cum
576 1268 713 1326 vino
739 1267 1124 1336 confunditur,
1147 1288 1345 1327 aurum
1371 1270 1540 1326 etiam
1568 1288 1701 1327 cum
1728 1288 1883 1336 autc,
1906 1279 2197 1345 argentum
2214 1284 2343 1325 cum
2372 1276 2599 1325 stamno

411 1363 838 1436 liquefactione.
922 1364 1348 1424 De⁴commixta
1373 1369 1617 1442 pecunia
1641 1369 1833 1425 statuit
1860 1369 1958 1444 jus
1986 1368 2185 1425 civile:
2270 1373 2309 1400 ‘⁴
2330 1366 2395 1421 Si
2430 1365 2599 1423 alieni

413 1465 662 1533 nummi,
679 1464 861 1521 inscio
887 1465 978 1521 vel
1004 1465 1180 1524 invito
1206 1465 1460 1531 dominc,
1491 1467 1660 1523 soluti
1700 1476 1849 1532 sunt,
1878 1474 2109 1523 manent
2132 1465 2255 1540 ejus
2284 1465 2447 1540 cujus
2474 1463 2597 1521 fue·

413 1570 563 1618 rant.
620 1560 738 1618 Sed
764 1564 814 1619 si
839 1564 1006 1621 mixti
1033 1563 1158 1621 aliis
1185 1565 1420 1622 sumita
1444 1573 1509 1621 ut
1533 1563 1779 1623 discerni
1806 1582 1923 1621 non
1949 1564 2189 1639 possint,
2210 1562 2337 1638 eJus
2358 1562 2482 1619 fieri
2502 1563 2599 1633 qui

413 1661 638 1735 accepit
663 1661 722 1717 in
747 1660 906 1719 libris
935 1660 1130 1719 Cassii
1157 1663 1430 1738 scriptum
1455 1671 1561 1729 est,
1592 1663 1669 1721 ita
1694 1671 1757 1720 ut
1780 1662 1912 1721 furti
1938 1663 2085 1719 actio
2112 1660 2347 1719 domino
2368 1679 2499 1718 cum
2528 1678 2601 1717 eo

411 1760 514 1830 qui
540 1757 794 1816 dedisset
817 1757 1263 1837 competeret.”¹
1343 1760 1504 1819 Idem
1533 1760 1606 1817 de
1646 1760 1771 1818 aliis
1810 1762 1979 1819 rebus
2020 1759 2367 1826 commixtis,
2398 1758 2494 1839 (vt
2524 1776 2595 1833 g:

413 1856 486 1914 de
513 1855 845 1937 frumentO,)
875 1877 1000 1931 quae
1039 1858 1286 1918 discerni
1315 1878 1348 1917 a
1385 1878 1448 1918 se
1489 1861 1739 1918 invicem
1780 1868 2091 1932 nequeunt,
2120 1858 2377 1935 plerique
2404 1857 2603 1915 dicunt

411 1956 666 2032 theologi
693 1957 768 2014 ob
811 1976 1008 2034 parem
1045 1961 1344 2017 rationem.
1428 1959 1519 2016 De
1559 1958 1896 2017 confusione
1934 1976 2010 2016 ex
2048 1958 2341 2030 utriusque
2380 1956 2598 2015 domini

414 2072 698 2112 consensu
727 2056 894 2125 facta,
924 2056 1228 2115 tenendum
1253 2067 1343 2114 est
1366 2076 1488 2115 rem
1505 2037 1630 2116 {ieri
1650 2058 1874 2129 utrique
1892 2075 2281 2123 communem,
2304 2066 2363 2113 et
2381 2055 2597 2132 judicis

414 2154 644 2212 arbitrio
684 2147 1099 2213 dividendam.2
1177 2157 1244 2213 Si
1283 2155 1416 2213 vero
1457 2156 1718 2231 0011qu
1760 2157 1905 2214 sacta
1942 2156 2033 2223 sit,
2074 2157 2249 2213 altero
2286 2154 2595 2220 nesciente,

412 2252 507 2308 vel
549 2253 746 2319 invite,
786 2253 1102 2312 dominium
1149 2254 1516 2312 confundenti
1563 2256 1889 2327 acquiritur,
1934 2255 2045 2311 nisi
2101 2252 2327 2313 modica
2378 2262 2592 2309 tantum

415 2369 548 2425 pars
581 2369 769 2409 rerum
809 2352 1172 2411 confusarum
1215 2354 1284 2411 ad
1325 2372 1457 2411 eum
1497 2354 1859 2430 pertinuerit:
1904 2361 2124 2411 tenetur
2150 2363 2341 2409 tamen
2366 2351 2591 2409 solvere

413 2449 658 2524 pretium
685 2446 861 2507 alteri.
943 2450 1082 2509 Jure
1123 2454 1412 2509 communi
1452 2453 1719 2529 AnglicO‚
1763 2450 1921 2525 quod
1960 2450 2022 2509 et'
2055 2451 2457 2509 Americanum
2486 2460 2593 2516 est,

412 2556 531 2604 tota
548 2565 640 2604 res
666 2546 815 2605 cedit
837 2550 890 2606 ei
911 2551 1006 2621 qui
1029 2550 1293 2626 injuriam
1319 2561 1409 2607 est
1433 2568 1634 2625 passus
1655 2546 1702 2617 3³
1728 2549 1833 2607 sed
1856 2549 2000 2625 legis
2017 2550 2170 2627 rigor
2175 2547 2437 2626 judicum
2466 2566 2594 2604 sen-

420 2646 612 2704 tentiis
642 2646 922 2723 mitigatus
949 2644 1086 2705 est.⁴

496 2748 592 2801 68.
650 2744 762 2801 Per
805 2745 1265 2824 aedificationem
1311 2745 1630 2803 dominium
1672 2744 1999 2817 acquiritur,
2047 2761 2179 2800 nam
2234 2740 2594 2800 “aedificium

413 2860 642 2919 semper
679 2843 805 2901 solo
848 2839 1096 2901 cedit.'’⁵
1178 2844 1468 2901 Caeterum
1517 2845 1567 2913 si
1612 2862 1687 2901 ex
1732 2842 1919 2901 aliena
1960 2842 2193 2919 materia
2236 2841 2296 2898 in
2332 2850 2428 2898 tuo
2474 2841 2599 2899 solo

414 2940 660 2999 aedifices
687 2943 951 3009 scienter,
981 2942 1216 3018 duplum
1242 2928 1408 3019 pretii
1435 2944 1645 3000 teneris
1672 2943 1753 2999 illi
1785 2932 2119 3000 reddere.”⁶
2169 2940 2235 2997 Si
2262 2958 2337 2997 ex
2362 2949 2459 2997 tua
2482 2959 2599 2997 ma-

412 3041 554 3096 teria
578 3041 637 3098 in
657 3041 846 3098 alieno
868 3040 992 3097 solo
1018 3042 1260 3098 scienter
1279 3041 1548 3109 aedificeS,
1570 3040 1872 3098 aedificium
1892 3040 1956 3096 fit
1982 3039 2157 3107 illius,
2182 3040 2323 3113 quin
2350 3041 2597 3097 materiae

415 3139 662 3213 pretium
702 3140 799 3197 tibi
839 3148 1092 3197 teneatur
1129 3140 1384 3197 solvere:
1423 3141 1785 3216 praesumitur
1818 3140 1971 3197 enim
2012 3148 2065 3196 te
2094 3157 2219 3195 eam
2254 3138 2465 3196 donare
2503 3157 2601 3197 vo-

492 3326 575 3388 (1)
604 3322 663 3373 L.
682 3325 724 3374 si
740 3326 899 3383 alieni,
921 3323 968 3373 ff
979 3324 1039 3373 de
1063 3325 1395 3373 solutionibus.
1672 3326 1755 3391 (2)
1776 3324 1895 3373 Inst-
1918 3325 1950 3373 l.
1968 3324 1999 3373 i.
2020 3324 2092 3373 tit.
2108 3324 2139 3373 i.
2164 3328 2209 3383 ξ.
2227 3323 2269 3373 si
2290 3324 2497 3374 duorum
2519 3328 2601 3373 27..

493 3414 576 3478 (3)
605 3422 634 3445 “
649 3412 761 3463 The
784 3430 1009 3464 common
1027 3415 1135 3473 laW,
1157 3414 1277 3462 with
1294 3430 1425 3463 more
1447 3414 1608 3477 policy
1625 3414 1723 3463 and
1750 3414 1941 3478 justice,
1973 3420 2024 3462 to
2059 3414 2211 3474 guard
2235 3414 2425 3475 against
2446 3414 2597 3477 fraud,

419 3512 542 3557 gave
563 3498 648 3546 the
671 3499 821 3547 entire
843 3506 1080 3563 property,
1103 3498 1312 3547 without
1335 3514 1432 3561 any
1452 3505 1673 3557 account,
1695 3504 1745 3547 to
1767 3498 1871 3547 him
1894 3498 2062 3553 whose
2095 3506 2317 3560 property
2340 3514 2443 3545 was
2464 3498 2605 3557 origi-

419 3582 554 3643 nally
577 3582 797 3641 invaded,
821 3583 916 3631 and
939 3583 1001 3631 its
1033 3582 1230 3631 distinct
1247 3582 1490 3631 character
1519 3582 1785 3647 destroyed.
1854 3582 1905 3630 If
1930 3582 1981 3629 A
2020 3581 2122 3629 will
2148 3580 2353 3641 wilfully
2377 3580 2603 3627 intermix

421 3664 498 3713 his
519 3681 637 3713 corn
660 3681 713 3713 or
733 3666 830 3728 hay
863 3666 984 3714 with
1006 3666 1110 3715 that
1136 3666 1193 3714 of
1217 3665 1280 3725 B,
1314 3682 1368 3714 or
1389 3673 1516 3714 casts
1549 3665 1628 3713 his
1650 3663 1763 3725 gold
1784 3664 1887 3713 into
1921 3660 2162 3711 another's
2184 3661 2405 3719 crucible,
2424 3676 2479 3709 so
2501 3660 2605 3711 that

420 3748 460 3795 it
479 3750 701 3797 becomes
723 3749 997 3813 impossible
1019 3757 1070 3798 to
1091 3749 1385 3811 distinguish
1401 3749 1534 3797 what
1554 3747 1792 3809 belonged
1826 3754 1876 3795 to
1902 3745 1949 3793 A
1974 3745 2099 3793 from
2120 3744 2254 3793 what
2283 3744 2519 3807 belonged
2553 3752 2603 3795 to

423 3831 482 3891 B,
505 3832 590 3881 the
611 3834 772 3883 whole
788 3835 986 3895 belongs
1010 3842 1058 3883 to
1081 3834 1174 3882 B.''
1244 3834 1418 3883 Kent's
1437 3833 1631 3881 Comm.
1656 3831 1750 3878 vol.
1774 3831 1823 3879 ii.
1846 3846 1893 3893 p.
1912 3844 1957 3877 v.
1982 3831 2069 3878 lec.
2089 3830 2255 3879 xxxvi.
2278 3846 2328 3878 n.
2355 3831 2468 3878 365.

495 3919 580 3981 (4)
609 3926 638 3950 ‘⁴
657 3918 784 3966 This
803 3920 907 3967 rule
929 3919 972 3967 is
994 3918 1174 3968 carried
1195 3934 1262 3967 no
1277 3918 1459 3966 further
1479 3917 1600 3964 than
1618 3915 1855 3977 necessity
1870 3914 2094 3978 requires.
2130 3950 2143 3963 .
2180 3949 2192 3963 .
2228 3914 2311 3973 So,
2334 3914 2379 3964 if
2393 3916 2475 3964 the
2490 3932 2604 3965 corn

421 4017 472 4048 or
492 4002 616 4051 flour
637 4002 803 4051 mixed
826 4004 1040 4063 together
1060 4019 1186 4052 were
1209 4005 1266 4051 of
1279 4001 1422 4063 equal
1438 4001 1592 4058 velue,
1616 4001 1732 4048 then
1750 3998 1833 4049 the
1853 4000 2042 4065 injured
2057 4007 2194 4064 party
2212 4001 2347 4051 takes
2369 4000 2446 4049 his
2460 4001 2605 4062 given

421 4088 657 4151 quantity,
680 4088 778 4136 and
800 4096 887 4137 not
908 4089 990 4137 the
1012 4087 1185 4135 whole.
1255 4086 1380 4135 This
1413 4085 1455 4133 is
1479 4084 1609 4133 Lord
1633 4085 1838 4135 Eldon's
1856 4086 2182 4135 construction
2209 4087 2266 4135 of
2288 4086 2370 4137 the
2395 4102 2530 4137 cases
2552 4087 2605 4135 in

425 4170 504 4217 the
527 4170 606 4219 old
627 4170 771 4220 law-’⁹
840 4171 1037 4220 Ibidem.

497 4256 580 4319 (5)
617 4255 736 4303 Inst.
759 4256 791 4303 l.
815 4256 846 4303 i.
870 4256 940 4304 tit.
964 4255 995 4303 i.
1018 4271 1068 4303 n.
1094 4256 1176 4313 29,
1197 4255 1275 4301 30.
1347 4252 1472 4301 Vide
1494 4258 1543 4300 et
1566 4252 1742 4303 Kent’s
1767 4253 1961 4303 Comm.
1986 4254 2068 4303 ubi
2092 4270 2251 4317 supra,
2276 4269 2325 4302 n.
2352 4256 2469 4301 262.

493 4339 576 4402 (6)
615 4338 800 4388 Ibidem
820 4342 864 4398 ξ.
888 4355 1002 4389 cum
1023 4338 1076 4387 in
1100 4354 1203 4387 suo.
1273 4336 1394 4385 Hoec
1417 4352 1561 4399 poena
1587 4352 1689 4385 non
1723 4344 1796 4385 est
1836 4337 2021 4399 legibus
2044 4337 2269 4397 Anglicis
2301 4336 2377 4383 vel
2418 4335 2605 4384 Ameri-

430 4424 564 4471 canis
585 4424 786 4472 sancita.

1479 4502 1554 4556 7*
