3117 5217
1008 524 1122 584 DE
1163 524 1941 587 IRREGULARITATE.
1984 553 1989 557 «
2457 532 2575 588 399

391 691 678 757 conversi,
707 698 765 747 et
789 707 988 748 eorum
1015 689 1119 747 filii
1145 689 1214 746 ad
1239 689 1468 748 ordines
1495 691 1829 758 ascendunt,
1852 692 2065 764 absque
2092 693 2326 770 speciali
2344 691 2573 770 dispen-

391 789 630 846 satione.

478 892 612 945 119.
657 889 874 946 Gravia
900 889 1138 947 crimina
1165 907 1288 961 quae
1316 889 1504 966 palam
1533 891 1917 958 innotuerunt,
1940 891 2129 964 qualia
2154 901 2289 949 sunt
2306 891 2571 958 simonia,

389 985 525 1043 laesa
556 988 840 1064 majestas,
883 989 1240 1054 adulterium,
1282 991 1555 1057 incestuS,
1599 989 1881 1057 sodomia,
1924 990 2351 1058 concubinatus,
2383 992 2571 1068 perju-

390 1085 539 1142 rium
579 1088 639 1144 in
671 1088 911 1163 judici0‚
957 1087 1318 1156 maleficium,
1361 1100 1554 1165 raptus
1594 1089 1870 1156 mulieris,
1900 1100 1956 1147 et
1994 1089 2245 1148 duellum
2280 1089 2569 1148 infamiam

390 1201 588 1242 secum
616 1186 873 1244 trahunt:
913 1205 1030 1244 non
1058 1196 1243 1244 autem
1273 1207 1400 1260 quae
1428 1187 1652 1246 occulta
1678 1180 1860 1246 sunt.¹

477 1287 611 1342 120.
657 1285 922 1342 Mortalis
962 1285 1130 1361 culpa
1168 1287 1492 1358 requiritur,
1531 1296 1589 1344 et
1626 1306 1771 1364 opus
1809 1287 2056 1344 exterius
2093 1298 2571 1379 consummatum,

389 1393 454 1440 ut
481 1384 854 1460 irregularitas
893 1403 966 1442 ex
1007 1385 1214 1444 delicto
1254 1386 1650 1444 contrahatur.
1681 1406 1787 1444 nec
1828 1387 1982 1444 enim
2024 1405 2195 1463 poe-na
2234 1385 2376 1444 adeo
2414 1386 2574 1464 gravi

389 1481 560 1558 culpa
586 1484 792 1550 minor,
827 1485 913 1542 vel
941 1502 1114 1560 opere
1141 1503 1256 1542 non
1283 1485 1536 1561 perfecta
1561 1485 1735 1563 plecti
1766 1485 1952 1543 debet.

476 1585 611 1640 121.
642 1582 1134 1656 Quandocumque
1154 1583 1433 1642 dubitatur
1459 1593 1645 1643 utrum
1664 1584 2075 1662 irregularitas
2060 1603 2118 1642 1n
2141 1583 2383 1657 quodam
2413 1599 2567 1650 casu,

379 1680 514 1756 jure
557 1691 758 1739 statuta
801 1683 894 1750 sit,
939 1682 1332 1759 benigniorem
1373 1685 1711 1742 sententiam
1752 1685 1919 1757 sequi
1957 1683 2120 1740 licet:
2183 1681 2335 1755 quod
2379 1682 2570 1760 plures

388 1777 586 1837 dicunt
612 1782 780 1838 etiam
809 1783 878 1840 de
906 1782 1075 1849 facto,
1112 1781 1339 1854 quando
1367 1785 1496 1856 quis
1551 1782 1767 1841 dubitat
1792 1783 1918 1855 quis
1944 1791 2129 1840 utrum
2160 1792 2346 1840 actum
2374 1781 2572 1837 fecerit

387 1879 480 1936 cui
507 1897 676 1954 poena
701 1880 798 1938 illa
823 1880 974 1940 certo
1017 1881 1240 1939 adnexa
1277 1891 1383 1939 est.
1469 1881 1757 1940 Caeterum
1798 1883 1846 1940 si
1888 1881 2262 1940 homicidium
2292 1889 2571 1956 patratum

389 1979 482 2045 sit,
513 1978 664 2050 quod
691 1981 935 2040 clericus
973 1979 1162 2038 utrum
1203 1999 1308 2038 sua
1345 1982 1514 2058 culpa
1555 1969 1860 2058 contigerit
1893 1981 2127 2048 dubitat,
2157 1980 2324 2039 debet
2350 1999 2383 2036 a
2408 1997 2570 2035 sacro

388 2077 726 2136 celebrando
753 2099 816 2136 se
845 2081 1140 2147 abstinere,
1171 2090 1229 2137 et
1267 2092 1458 2157 petere
1498 2081 2011 2156 dispensationem,
2041 2098 2217 2152 quum
2246 2080 2321 2136 ita
2346 2078 2405 2135 in
2437 2078 2569 2153 jure

389 2185 654 2234 statutum
683 2179 775 2246 sit,
817 2198 890 2236 ne
917 2194 1120 2237 manus
1148 2179 1301 2236 caede
1343 2179 1537 2238 forsan
1565 2181 1891 2252 inquinatae,
1935 2197 2067 2236 cum
2110 2177 2363 2235 fidelium
2410 2176 2569 2252 gravi

397 2275 741 2346 offensione,
772 2279 1059 2337 victimam
1087 2288 1338 2336 sanctam
1381 2279 1655 2346 offerant3
1699 2279 1757 2337 in
1798 2297 1860 2336 re
1888 2278 2105 2354 quippe
2132 2277 2267 2334 tanti
2298 2273 2577 2334 momenti

392 2383 432 2408 ‘⁶
453 2377 714 2434 semitam
745 2377 1018 2436 debemus
1045 2378 1254 2454 eligere
1283 2369 1647 2437 tutiorem.'’²

472 2479 606 2532 122.
649 2477 982 2554 Episcopus
1012 2487 1198 2553 potest
1223 2496 1356 2534 cum
1383 2478 1504 2535 suis
1544 2477 1808 2544 subditis,
1852 2495 1969 2535 non
1996 2486 2183 2534 autem
2214 2494 2345 2532 cum
2372 2475 2568 2533 alieni·

384 2576 572 2650 genis,
601 2575 825 2634 etiamsi
852 2577 1014 2648 quasi
1042 2576 1396 2635 domicilium
1425 2577 1484 2634 in
1507 2595 1611 2635 sua
1636 2576 1873 2634 dioecesi
1914 2571 2209 2643 habeant‚³
2236 2573 2565 2649 dispensare

387 2673 449 2731 in
487 2676 645 2732 omni
671 2675 1074 2752 irregularitate
1103 2689 1158 2732 et
1197 2676 1578 2751 suspensione
1605 2677 1976 2752 proveniente
1996 2693 2071 2732 ex
2095 2674 2305 2732 delicto
2324 2672 2566 2740 occulto,

385 2791 490 2830 nec
518 2772 589 2830 ad
615 2773 804 2837 forum
830 2777 1250 2833 contentiosum
1292 2773 1555 2843 deduct0,
1599 2784 1843 2851 excepta
1877 2793 2001 2847 quae
2028 2774 2205 2831 oritur
2230 2789 2305 2828 ex
2329 2771 2569 2830 homici-

383 2871 479 2929 dio
505 2867 877 2930 voluntari0.⁴
953 2872 1102 2933 Item
1126 2873 1455 2948 dispensare
1498 2875 1647 2932 valet
1683 2893 1814 2932 cum
1843 2857 2038 2949 spurio
2082 2871 2151 2929 ad
2192 2870 2423 2929 ordines
2462 2871 2567 2928 mi-

385 2988 551 3028 nores
595 2982 652 3028 et
690 2973 1030 3030 beneficium
1080 2972 1352 3048 simplex,
1393 2971 1544 3045 quod
1593 2991 1706 3030 non
1750 2973 1943 3048 exigat
1987 2971 2244 3029 ordinem
2292 2962 2570 3026 sacrum.⁵

388 3069 531 3128 Item
574 3051 865 3146 dispensat
911 3073 971 3129 in
1017 3072 1262 3148 bigamia
1307 3063 1819 3131 similitudinaria.⁶
1897 3072 1964 3128 In
2007 3072 2225 3128 caeteris
2268 3068 2567 3128 Pontificis

387 3171 687 3226 auctoritas
715 3170 1080 3228 desideratur.
1137 3170 1425 3228 Caeterum
1455 3190 1487 3226 a
1513 3172 1763 3248 peccatis
1792 3170 2253 3247 irregularitatem
2285 3167 2567 3226 adnexam

386 3268 720 3328 habentibus
748 3270 984 3342 quilibet
1009 3269 1415 3329 confessarius
1435 3279 1627 3352 potest⁴
1662 3270 2016 3347 dispensare,
2058 3268 2162 3326 sed
2202 3285 2327 3329 eam
2370 3266 2569 3325 tollere

387 3370 586 3441 nequit
611 3370 723 3426 nisi
749 3387 822 3425 ex
850 3371 1086 3445 speciali
1111 3370 1510 3434 concessione,
1539 3389 1665 3441 quae
1695 3389 1811 3428 non
1852 3369 2107 3435 habetur,
2136 3369 2305 3424 etiam
2336 3366 2569 3442 amplis-

385 3469 528 3524 sima
555 3469 682 3525 data
708 3468 1096 3532 absolvendi-a
1123 3469 1380 3526 censuris
1411 3468 1694 3526 facultate.
1780 3468 1981 3526 Potest
2018 3477 2209 3536 tamen
2236 3465 2567 3540 episcopus,

384 3566 786 3634 sacerdotibuS‚
816 3566 1134 3625 facultatem
1166 3567 1428 3644 delegare
1454 3565 1825 3642 dispensandi
1852 3567 1912 3622 in
1940 3563 2439 3642 irregularitatibus
2471 3580 2567 3619 oc-

383 3665 568 3732 cultis,
598 3667 728 3738 quia
755 3667 832 3722 ita
873 3665 1224 3724 consuetudo
1265 3667 1661 3741 interpretatur
1684 3665 1971 3722 decretum
2002 3662 2425 3720 Tridentinum.
2493 3661 2562 3718 In

383 3763 542 3822 hisce
587 3765 894 3840 provinciis
924 3766 1185 3843 episcopi
1211 3765 1565 3823 facultatibus
1593 3764 1699 3821 sibi
1728 3764 1797 3821 ab
1815 3763 2147 3840 Apostolica
2173 3761 2325 3818 Sede
2346 3759 2566 3817 tributis

385 3864 494 3930 usi,
517 3863 839 3922 concedunt
859 3865 1242 3923 Missionariis
1269 3874 1604 3940 potestatem
1626 3862 1995 3939 dispensandi
2018 3862 2087 3920 ad
2108 3860 2375 3920 effectum
2404 3877 2565 3918 exer-

857 4043 942 4108 (1)
983 4041 1106 4105 Cap.
1127 4041 1192 4091 iv.
1215 4047 1264 4090 et
1287 4042 1372 4090 ult.
1395 4039 1452 4090 de
1475 4045 1625 4108 temp.
1647 4040 1823 4092 ordin.-

860 4130 944 4193 (2)
986 4126 1108 4190 Cap.
1131 4127 1217 4176 xii.
1238 4125 1297 4176 de
1319 4125 1549 4176 homicid.

855 4215 939 4279 (3)
979 4213 1061 4262 Ex
1084 4213 1205 4263 decl.
1225 4214 1371 4276 Greg.
1386 4214 1488 4264 xiii.

857 4300 942 4365 (4)
984 4299 1138 4348 Cone.
1161 4299 1296 4349 Trid.
1320 4300 1449 4348 Sess,
1472 4299 1606 4348 xxiv.
1630 4314 1733 4362 cap.
1755 4299 1821 4348 vi.

853 4384 943 4451 (5)
986 4378 1068 4432 G.'
1068 4383 1101 4432 i.
1124 4391 1172 4432 et
1193 4385 1242 4433 ii.
1265 4385 1326 4433 de
1348 4384 1414 4433 fil.
1438 4384 1656 4447 Presbyt.

863 4471 946 4537 (6)
987 4469 1040 4518 S.
1063 4470 1212 4535 Alph.
1235 4472 1266 4520 l.
1289 4471 1370 4520 vii.
1392 4487 1442 4523 n.
1465 4471 1584 4520 452.
