<?xml version="1.0" encoding="UTF-8"?>
<!DOCTYPE html PUBLIC "-//W3C//DTD XHTML 1.0 Transitional//EN"
    "http://www.w3.org/TR/xhtml1/DTD/xhtml1-transitional.dtd">
<html xmlns="http://www.w3.org/1999/xhtml" xml:lang="en" lang="en">
 <head>
  <title>
</title>
<meta http-equiv="Content-Type" content="text/html;charset=utf-8" />
  <meta name='ocr-system' content='tesseract 3.04.00' />
  <meta name='ocr-capabilities' content='ocr_page ocr_carea ocr_par ocr_line ocrx_word'/>
</head>
<body>
  <div class='ocr_page' id='page_1' title='image "./theologiaemoral00unkngoog_0032.png"; bbox 0 0 3117 5217; ppageno 0'>
   <div class='ocr_carea' id='block_1_1' title="bbox 525 548 2006 629">
    <p class='ocr_par' dir='ltr' id='par_1_1' title="bbox 525 548 2006 629">
     <span class='ocr_line' id='line_1_1' title="bbox 525 548 2006 629; baseline -0.001 -20"><span class='ocrx_word' id='word_1_1' title='bbox 525 554 596 609; x_wconf 83' lang='lat'><strong>18</strong></span> <span class='ocrx_word' id='word_1_2' title='bbox 829 620 838 629; x_wconf 41' lang='grc'>,</span> <span class='ocrx_word' id='word_1_3' title='bbox 1203 548 1316 607; x_wconf 86' lang='lat' dir='ltr'><strong>DE</strong></span> <span class='ocrx_word' id='word_1_4' title='bbox 1358 548 2006 609; x_wconf 78' lang='lat' dir='ltr'><strong>TEMPERANTIA.</strong></span> 
     </span>
    </p>
   </div>
   <div class='ocr_carea' id='block_1_2' title="bbox 523 718 2722 3055">
    <p class='ocr_par' dir='ltr' id='par_1_2' title="bbox 523 718 2715 2285">
     <span class='ocr_line' id='line_1_2' title="bbox 524 718 2703 797; baseline -0.003 -16"><span class='ocrx_word' id='word_1_5' title='bbox 524 722 666 781; x_wconf 88' lang='lat' dir='ltr'><strong>alios</strong></span> <span class='ocrx_word' id='word_1_6' title='bbox 693 728 1007 797; x_wconf 84' lang='lat' dir='ltr'>provocent</span> <span class='ocrx_word' id='word_1_7' title='bbox 1037 718 1106 777; x_wconf 84' lang='lat' dir='ltr'><strong>ad</strong></span> <span class='ocrx_word' id='word_1_8' title='bbox 1145 720 1695 797; x_wconf 78' lang='lat' dir='ltr'><strong>concupiscentiam,</strong></span> <span class='ocrx_word' id='word_1_9' title='bbox 1723 718 2037 779; x_wconf 71' lang='lat' dir='ltr'><strong>mortaliter</strong></span> <span class='ocrx_word' id='word_1_10' title='bbox 2074 728 2334 797; x_wconf 88' lang='lat' dir='ltr'><strong>peccant.</strong></span> <span class='ocrx_word' id='word_1_11' title='bbox 2416 718 2485 777; x_wconf 81' lang='lat' dir='ltr'><strong>si</strong></span> <span class='ocrx_word' id='word_1_12' title='bbox 2513 726 2703 777; x_wconf 85' lang='lat' dir='ltr'><strong>autem</strong></span> 
     </span>
     <span class='ocr_line' id='line_1_3' title="bbox 523 818 2699 895; baseline -0.003 -14"><span class='ocrx_word' id='word_1_13' title='bbox 523 840 596 881; x_wconf 87' lang='lat' dir='ltr'><strong>ex</strong></span> <span class='ocrx_word' id='word_1_14' title='bbox 627 820 874 893; x_wconf 85' lang='lat' dir='ltr'><strong>quadam</strong></span> <span class='ocrx_word' id='word_1_15' title='bbox 897 819 1144 887; x_wconf 84' lang='lat' dir='ltr'><strong>levitate,</strong></span> <span class='ocrx_word' id='word_1_16' title='bbox 1167 818 1259 875; x_wconf 88' lang='lat' dir='ltr'><strong>vel</strong></span> <span class='ocrx_word' id='word_1_17' title='bbox 1285 820 1456 877; x_wconf 88' lang='lat' dir='ltr'><strong>etiam</strong></span> <span class='ocrx_word' id='word_1_18' title='bbox 1483 838 1556 877; x_wconf 87' lang='lat' dir='ltr'><strong>ex</strong></span> <span class='ocrx_word' id='word_1_19' title='bbox 1588 818 1832 891; x_wconf 86' lang='lat' dir='ltr'><strong>quadam</strong></span> <span class='ocrx_word' id='word_1_20' title='bbox 1856 820 2097 877; x_wconf 86' lang='lat' dir='ltr'><strong>vanitate</strong></span> <span class='ocrx_word' id='word_1_21' title='bbox 2124 828 2355 895; x_wconf 88' lang='lat' dir='ltr'><strong>propter</strong></span> <span class='ocrx_word' id='word_1_22' title='bbox 2370 818 2699 895; x_wconf 87' lang='lat' dir='ltr'><strong>jactantiam</strong></span> 
     </span>
     <span class='ocr_line' id='line_1_4' title="bbox 525 916 2699 997; baseline -0.002 -20"><span class='ocrx_word' id='word_1_23' title='bbox 525 918 832 993; x_wconf 90' lang='lat' dir='ltr'><strong>quandam,</strong></span> <span class='ocrx_word' id='word_1_24' title='bbox 859 937 973 977; x_wconf 93' lang='lat' dir='ltr'><strong>non</strong></span> <span class='ocrx_word' id='word_1_25' title='bbox 1001 936 1230 997; x_wconf 89' lang='lat' dir='ltr'><strong>semper</strong></span> <span class='ocrx_word' id='word_1_26' title='bbox 1255 927 1343 977; x_wconf 94' lang='lat' dir='ltr'><strong>est</strong></span> <span class='ocrx_word' id='word_1_27' title='bbox 1366 928 1665 997; x_wconf 88' lang='lat' dir='ltr'><strong>peccatum</strong></span> <span class='ocrx_word' id='word_1_28' title='bbox 1692 917 1947 985; x_wconf 87' lang='lat' dir='ltr'><strong>mortale,</strong></span> <span class='ocrx_word' id='word_1_29' title='bbox 1968 916 2073 975; x_wconf 90' lang='lat' dir='ltr'><strong>sed</strong></span> <span class='ocrx_word' id='word_1_30' title='bbox 2098 916 2439 991; x_wconf 83' lang='lat' dir='ltr'><strong>quandoque</strong></span> <span class='ocrx_word' id='word_1_31' title='bbox 2460 916 2699 975; x_wconf 80' lang='lat' dir='ltr'><strong>veniale.</strong></span> 
     </span>
     <span class='ocr_line' id='line_1_5' title="bbox 527 1015 2703 1093; baseline -0.003 -14"><span class='ocrx_word' id='word_1_32' title='bbox 527 1019 608 1079; x_wconf 89' lang='lat' dir='ltr'><strong>Et</strong></span> <span class='ocrx_word' id='word_1_33' title='bbox 645 1018 842 1077; x_wconf 90' lang='lat' dir='ltr'><strong>eadem</strong></span> <span class='ocrx_word' id='word_1_34' title='bbox 883 1018 1046 1084; x_wconf 87' lang='lat' dir='ltr'><strong>ratio,</strong></span> <span class='ocrx_word' id='word_1_35' title='bbox 1089 1026 1360 1090; x_wconf 87' lang='lat' dir='ltr'><strong>quantum</strong></span> <span class='ocrx_word' id='word_1_36' title='bbox 1402 1016 1474 1075; x_wconf 88' lang='lat' dir='ltr'><strong>ad</strong></span> <span class='ocrx_word' id='word_1_37' title='bbox 1511 1017 1643 1083; x_wconf 89' lang='lat' dir='ltr'><strong>hoc,</strong></span> <span class='ocrx_word' id='word_1_38' title='bbox 1684 1026 1772 1075; x_wconf 88' lang='lat' dir='ltr'><strong>est</strong></span> <span class='ocrx_word' id='word_1_39' title='bbox 1808 1017 1879 1075; x_wconf 91' lang='lat' dir='ltr'><strong>de</strong></span> <span class='ocrx_word' id='word_1_40' title='bbox 1908 1018 2067 1075; x_wconf 86' lang='lat' dir='ltr'><strong>viris.</strong></span> <span class='ocrx_word' id='word_1_41' title='bbox 2152 1015 2323 1075; x_wconf 85' lang='lat' dir='ltr'>Unde</span> <span class='ocrx_word' id='word_1_42' title='bbox 2350 1016 2703 1093; x_wconf 75' lang='lat' dir='ltr'><strong>Augustinus</strong></span> 
     </span>
     <span class='ocr_line' id='line_1_6' title="bbox 527 1114 2704 1193; baseline -0.002 -16"><span class='ocrx_word' id='word_1_43' title='bbox 527 1118 684 1185; x_wconf 89' lang='lat' dir='ltr'><strong>dicit,</strong></span> <span class='ocrx_word' id='word_1_44' title='bbox 713 1118 772 1175; x_wconf 92' lang='lat' dir='ltr'><strong>in</strong></span> <span class='ocrx_word' id='word_1_45' title='bbox 799 1116 1040 1193; x_wconf 87' lang='lat' dir='ltr'><strong>epistola</strong></span> <span class='ocrx_word' id='word_1_46' title='bbox 1065 1116 1136 1175; x_wconf 89' lang='lat' dir='ltr'><strong>ad</strong></span> <span class='ocrx_word' id='word_1_47' title='bbox 1162 1115 1534 1175; x_wconf 74' lang='lat' dir='ltr'><strong>Possidiumz</strong></span> <span class='ocrx_word' id='word_1_48' title='bbox 1620 1124 1659 1151; x_wconf 79' lang='lat'><strong>‘⁶</strong></span> <span class='ocrx_word' id='word_1_49' title='bbox 1684 1116 1843 1175; x_wconf 91' lang='lat' dir='ltr'><strong>Nolo</strong></span> <span class='ocrx_word' id='word_1_50' title='bbox 1880 1126 1945 1173; x_wconf 93' lang='lat' dir='ltr'><strong>ut</strong></span> <span class='ocrx_word' id='word_1_51' title='bbox 1982 1114 2053 1173; x_wconf 90' lang='lat' dir='ltr'><strong>de</strong></span> <span class='ocrx_word' id='word_1_52' title='bbox 2092 1116 2439 1175; x_wconf 77' lang='lat' dir='ltr'><strong>ornamentis</strong></span> <span class='ocrx_word' id='word_1_53' title='bbox 2466 1116 2589 1173; x_wconf 87' lang='lat' dir='ltr'><strong>auri</strong></span> <span class='ocrx_word' id='word_1_54' title='bbox 2614 1115 2704 1173; x_wconf 79' lang='lat' dir='ltr'><strong>v‘el</strong></span> 
     </span>
     <span class='ocr_line' id='line_1_7' title="bbox 529 1214 2703 1293; baseline -0.002 -18"><span class='ocrx_word' id='word_1_55' title='bbox 529 1218 703 1275; x_wconf 83' lang='lat' dir='ltr'><strong>vestis</strong></span> <span class='ocrx_word' id='word_1_56' title='bbox 732 1234 1150 1293; x_wconf 66' lang='lat' dir='ltr'><strong>praeproperam</strong></span> <span class='ocrx_word' id='word_1_57' title='bbox 1175 1215 1388 1273; x_wconf 80' lang='lat' dir='ltr'>habeas</span> <span class='ocrx_word' id='word_1_58' title='bbox 1411 1217 1474 1274; x_wconf 89' lang='lat' dir='ltr'><strong>in</strong></span> <span class='ocrx_word' id='word_1_59' title='bbox 1503 1214 1859 1293; x_wconf 91' lang='lat' dir='ltr'><strong>prohibendo</strong></span> <span class='ocrx_word' id='word_1_60' title='bbox 1882 1217 2244 1284; x_wconf 86' lang='lat' dir='ltr'><strong>sententiam,</strong></span> <span class='ocrx_word' id='word_1_61' title='bbox 2266 1215 2379 1273; x_wconf 88' lang='lat' dir='ltr'><strong>nisi</strong></span> <span class='ocrx_word' id='word_1_62' title='bbox 2404 1215 2465 1273; x_wconf 90' lang='lat' dir='ltr'><strong>in</strong></span> <span class='ocrx_word' id='word_1_63' title='bbox 2484 1233 2585 1273; x_wconf 89' lang='lat' dir='ltr'><strong>eos</strong></span> <span class='ocrx_word' id='word_1_64' title='bbox 2606 1215 2703 1285; x_wconf 89' lang='lat' dir='ltr'><strong>qui</strong></span> 
     </span>
     <span class='ocr_line' id='line_1_8' title="bbox 529 1312 2705 1393; baseline -0.003 -18"><span class='ocrx_word' id='word_1_65' title='bbox 529 1334 716 1389; x_wconf 89' lang='lat' dir='ltr'><strong>neque</strong></span> <span class='ocrx_word' id='word_1_66' title='bbox 743 1316 1032 1393; x_wconf 87' lang='lat' dir='ltr'><strong>conjugati</strong></span> <span class='ocrx_word' id='word_1_67' title='bbox 1073 1324 1226 1382; x_wconf 88' lang='lat' dir='ltr'><strong>sunt,</strong></span> <span class='ocrx_word' id='word_1_68' title='bbox 1265 1333 1453 1388; x_wconf 89' lang='lat' dir='ltr'><strong>neque</strong></span> <span class='ocrx_word' id='word_1_69' title='bbox 1493 1314 1787 1393; x_wconf 85' lang='lat' dir='ltr'><strong>conjugari</strong></span> <span class='ocrx_word' id='word_1_70' title='bbox 1826 1314 2141 1393; x_wconf 88' lang='lat' dir='ltr'><strong>cupientes,</strong></span> <span class='ocrx_word' id='word_1_71' title='bbox 2182 1314 2428 1391; x_wconf 89' lang='lat' dir='ltr'><strong>cogitare</strong></span> <span class='ocrx_word' id='word_1_72' title='bbox 2466 1312 2705 1371; x_wconf 88' lang='lat' dir='ltr'><strong>debeant</strong></span> 
     </span>
     <span class='ocr_line' id='line_1_9' title="bbox 531 1406 2705 1491; baseline -0.002 -18"><span class='ocrx_word' id='word_1_73' title='bbox 531 1414 821 1489; x_wconf 90' lang='lat' dir='ltr'><strong>quomodo</strong></span> <span class='ocrx_word' id='word_1_74' title='bbox 861 1414 1118 1491; x_wconf 83' lang='lat' dir='ltr'><strong>placeant</strong></span> <span class='ocrx_word' id='word_1_75' title='bbox 1156 1406 1382 1473; x_wconf 86' lang='lat' dir='ltr'><strong>Deo.”¹</strong></span> <span class='ocrx_word' id='word_1_76' title='bbox 1465 1412 1677 1473; x_wconf 84' lang='lat' dir='ltr'><strong>Merito</strong></span> <span class='ocrx_word' id='word_1_77' title='bbox 1718 1422 2027 1489; x_wconf 78' lang='lat' dir='ltr'><strong>arguuntur</strong></span> <span class='ocrx_word' id='word_1_78' title='bbox 2064 1412 2312 1473; x_wconf 79' lang='lat' dir='ltr'><strong>soeminae</strong></span> <span class='ocrx_word' id='word_1_79' title='bbox 2352 1412 2605 1471; x_wconf 83' lang='lat' dir='ltr'><strong>studiose</strong></span> <span class='ocrx_word' id='word_1_80' title='bbox 2642 1430 2705 1469; x_wconf 88' lang='lat' dir='ltr'><strong>se</strong></span> 
     </span>
     <span class='ocr_line' id='line_1_10' title="bbox 531 1512 2709 1581; baseline -0.003 -6"><span class='ocrx_word' id='word_1_81' title='bbox 531 1524 794 1575; x_wconf 89' lang='lat' dir='ltr'><strong>ornantes</strong></span> <span class='ocrx_word' id='word_1_82' title='bbox 821 1514 1036 1573; x_wconf 86' lang='lat' dir='ltr'><strong>maritis</strong></span> <span class='ocrx_word' id='word_1_83' title='bbox 1063 1514 1408 1581; x_wconf 74' lang='lat' dir='ltr'><strong>absentibus,</strong></span> <span class='ocrx_word' id='word_1_84' title='bbox 1435 1513 1528 1571; x_wconf 77' lang='lat' dir='ltr'><strong>vel</strong></span> <span class='ocrx_word' id='word_1_85' title='bbox 1567 1513 1837 1571; x_wconf 82' lang='lat' dir='ltr'><strong>aerumnis</strong></span> <span class='ocrx_word' id='word_1_86' title='bbox 1862 1512 2101 1581; x_wconf 88' lang='lat' dir='ltr'><strong>obrutis,</strong></span> <span class='ocrx_word' id='word_1_87' title='bbox 2141 1512 2248 1571; x_wconf 89' lang='lat' dir='ltr'><strong>hos</strong></span> <span class='ocrx_word' id='word_1_88' title='bbox 2274 1512 2429 1569; x_wconf 90' lang='lat' dir='ltr'><strong>enim</strong></span> <span class='ocrx_word' id='word_1_89' title='bbox 2457 1522 2709 1569; x_wconf 86' lang='lat' dir='ltr'><strong>contem-</strong></span> 
     </span>
     <span class='ocr_line' id='line_1_11' title="bbox 531 1611 2707 1689; baseline -0.002 -15"><span class='ocrx_word' id='word_1_90' title='bbox 531 1633 664 1674; x_wconf 88' lang='lat' dir='ltr'><strong>nere</strong></span> <span class='ocrx_word' id='word_1_91' title='bbox 693 1614 988 1679; x_wconf 86' lang='lat' dir='ltr'><strong>videntur;</strong></span> <span class='ocrx_word' id='word_1_92' title='bbox 1023 1611 1128 1671; x_wconf 88' lang='lat' dir='ltr'><strong>sed</strong></span> <span class='ocrx_word' id='word_1_93' title='bbox 1155 1613 1526 1689; x_wconf 82' lang='lat' dir='ltr'><strong>praesentibus</strong></span> <span class='ocrx_word' id='word_1_94' title='bbox 1568 1612 1807 1680; x_wconf 80' lang='lat' dir='ltr'><strong>maritis,</strong></span> <span class='ocrx_word' id='word_1_95' title='bbox 1834 1620 1892 1671; x_wconf 89' lang='lat' dir='ltr'><strong>et</strong></span> <span class='ocrx_word' id='word_1_96' title='bbox 1922 1630 2015 1671; x_wconf 85' lang='lat' dir='ltr'><strong>res</strong></span> <span class='ocrx_word' id='word_1_97' title='bbox 2048 1611 2375 1689; x_wconf 79' lang='lat' dir='ltr'><strong>gerentibus</strong></span> <span class='ocrx_word' id='word_1_98' title='bbox 2414 1629 2707 1687; x_wconf 87' lang='lat' dir='ltr'><strong>prospere,</strong></span> 
     </span>
     <span class='ocr_line' id='line_1_12' title="bbox 533 1708 2707 1789; baseline -0.002 -18"><span class='ocrx_word' id='word_1_99' title='bbox 533 1712 697 1776; x_wconf 76' lang='lat' dir='ltr'><strong>decet</strong></span> <span class='ocrx_word' id='word_1_100' title='bbox 747 1713 1016 1771; x_wconf 86' lang='lat' dir='ltr'><strong>mulieres</strong></span> <span class='ocrx_word' id='word_1_101' title='bbox 1057 1729 1121 1768; x_wconf 88' lang='lat' dir='ltr'><strong>se</strong></span> <span class='ocrx_word' id='word_1_102' title='bbox 1163 1729 1384 1779; x_wconf 87' lang='lat' dir='ltr'><strong>ornare,</strong></span> <span class='ocrx_word' id='word_1_103' title='bbox 1431 1721 1493 1769; x_wconf 90' lang='lat' dir='ltr'><strong>ut</strong></span> <span class='ocrx_word' id='word_1_104' title='bbox 1531 1730 1730 1769; x_wconf 89' lang='lat' dir='ltr'><strong>eorum</strong></span> <span class='ocrx_word' id='word_1_105' title='bbox 1774 1708 2098 1770; x_wconf 82' lang='lat' dir='ltr'><strong>conditione</strong></span> <span class='ocrx_word' id='word_1_106' title='bbox 2132 1709 2391 1789; x_wconf 87' lang='lat' dir='ltr'><strong>jucunda</strong></span> <span class='ocrx_word' id='word_1_107' title='bbox 2430 1710 2707 1776; x_wconf 74' lang='lat' dir='ltr'><strong>laetentur,</strong></span> 
     </span>
     <span class='ocr_line' id='line_1_13' title="bbox 535 1808 2709 1887; baseline -0.003 -16"><span class='ocrx_word' id='word_1_108' title='bbox 535 1812 866 1871; x_wconf 83' lang='lat' dir='ltr'><strong>Modestum</strong></span> <span class='ocrx_word' id='word_1_109' title='bbox 911 1820 1172 1869; x_wconf 87' lang='lat' dir='ltr'><strong>ornatum</strong></span> <span class='ocrx_word' id='word_1_110' title='bbox 1215 1810 1521 1867; x_wconf 86' lang='lat' dir='ltr'><strong>convenire</strong></span> <span class='ocrx_word' id='word_1_111' title='bbox 1567 1810 1896 1869; x_wconf 89' lang='lat' dir='ltr'><strong>mulieribus</strong></span> <span class='ocrx_word' id='word_1_112' title='bbox 1936 1829 2011 1869; x_wconf 87' lang='lat' dir='ltr'><strong>ex</strong></span> <span class='ocrx_word' id='word_1_113' title='bbox 2062 1810 2346 1887; x_wconf 83' lang='lat' dir='ltr'><strong>Apostolo</strong></span> <span class='ocrx_word' id='word_1_114' title='bbox 2396 1808 2709 1867; x_wconf 84' lang='lat' dir='ltr'><strong>discimus:</strong></span> 
     </span>
     <span class='ocr_line' id='line_1_14' title="bbox 535 1908 2708 1975; baseline -0.002 -6"><span class='ocrx_word' id='word_1_115' title='bbox 535 1921 574 1947; x_wconf 91' lang='grc'>“</span> <span class='ocrx_word' id='word_1_116' title='bbox 597 1912 878 1970; x_wconf 82' lang='lat' dir='ltr'><strong>Mulieres</strong></span> <span class='ocrx_word' id='word_1_117' title='bbox 899 1912 961 1969; x_wconf 90' lang='lat' dir='ltr'><strong>in</strong></span> <span class='ocrx_word' id='word_1_118' title='bbox 987 1910 1180 1967; x_wconf 88' lang='lat' dir='ltr'><strong>habitu</strong></span> <span class='ocrx_word' id='word_1_119' title='bbox 1199 1920 1397 1967; x_wconf 90' lang='lat' dir='ltr'><strong>ornato</strong></span> <span class='ocrx_word' id='word_1_120' title='bbox 1423 1927 1554 1967; x_wconf 88' lang='lat' dir='ltr'><strong>cum</strong></span> <span class='ocrx_word' id='word_1_121' title='bbox 1583 1908 1925 1969; x_wconf 87' lang='lat' dir='ltr'><strong>verecundia</strong></span> <span class='ocrx_word' id='word_1_122' title='bbox 1948 1920 2006 1969; x_wconf 94' lang='lat' dir='ltr'><strong>et</strong></span> <span class='ocrx_word' id='word_1_123' title='bbox 2021 1910 2321 1969; x_wconf 84' lang='lat' dir='ltr'><strong>sobrietate</strong></span> <span class='ocrx_word' id='word_1_124' title='bbox 2339 1918 2603 1968; x_wconf 84' lang='lat' dir='ltr'><strong>ornantes</strong></span> <span class='ocrx_word' id='word_1_125' title='bbox 2622 1926 2708 1975; x_wconf 89' lang='lat' dir='ltr'><strong>se,</strong></span> 
     </span>
     <span class='ocr_line' id='line_1_15' title="bbox 535 1999 2715 2085; baseline -0.001 -17"><span class='ocrx_word' id='word_1_126' title='bbox 535 2029 650 2069; x_wconf 92' lang='lat' dir='ltr'><strong>non</strong></span> <span class='ocrx_word' id='word_1_127' title='bbox 679 2010 738 2068; x_wconf 93' lang='lat' dir='ltr'><strong>in</strong></span> <span class='ocrx_word' id='word_1_128' title='bbox 767 2009 923 2067; x_wconf 88' lang='lat' dir='ltr'><strong>tortis</strong></span> <span class='ocrx_word' id='word_1_129' title='bbox 950 2008 1220 2075; x_wconf 86' lang='lat' dir='ltr'><strong>crinibus,</strong></span> <span class='ocrx_word' id='word_1_130' title='bbox 1249 2016 1346 2065; x_wconf 88' lang='lat' dir='ltr'><strong>aut</strong></span> <span class='ocrx_word' id='word_1_131' title='bbox 1367 2026 1526 2075; x_wconf 88' lang='lat' dir='ltr'><strong>auro,</strong></span> <span class='ocrx_word' id='word_1_132' title='bbox 1555 2018 1651 2065; x_wconf 90' lang='lat' dir='ltr'><strong>aut</strong></span> <span class='ocrx_word' id='word_1_133' title='bbox 1674 2010 2013 2085; x_wconf 83' lang='lat' dir='ltr'><strong>margaritis,</strong></span> <span class='ocrx_word' id='word_1_134' title='bbox 2054 2022 2151 2068; x_wconf 89' lang='lat' dir='ltr'><strong>aut</strong></span> <span class='ocrx_word' id='word_1_135' title='bbox 2174 2018 2331 2067; x_wconf 78' lang='lat' dir='ltr'><strong>veste</strong></span> <span class='ocrx_word' id='word_1_136' title='bbox 2370 1999 2715 2085; x_wconf 80' lang='lat' dir='ltr'><strong>pretiosa.”²</strong></span> 
     </span>
     <span class='ocr_line' id='line_1_16' title="bbox 537 2106 2713 2184; baseline -0.001 -16"><span class='ocrx_word' id='word_1_137' title='bbox 537 2118 576 2145; x_wconf 79' lang='lat'><strong>‘⁶</strong></span> <span class='ocrx_word' id='word_1_138' title='bbox 600 2110 716 2169; x_wconf 90' lang='lat' dir='ltr'><strong>Per</strong></span> <span class='ocrx_word' id='word_1_139' title='bbox 735 2106 888 2181; x_wconf 91' lang='lat' dir='ltr'><strong>quod</strong></span> <span class='ocrx_word' id='word_1_140' title='bbox 907 2106 1068 2165; x_wconf 89' lang='lat' dir='ltr'><strong>datur</strong></span> <span class='ocrx_word' id='word_1_141' title='bbox 1085 2106 1346 2184; x_wconf 86' lang='lat' dir='ltr'><strong>intelligi,</strong></span> <span class='ocrx_word' id='word_1_142' title='bbox 1365 2106 1518 2180; x_wconf 92' lang='lat' dir='ltr'><strong>quod</strong></span> <span class='ocrx_word' id='word_1_143' title='bbox 1539 2108 1765 2165; x_wconf 88' lang='lat' dir='ltr'><strong>sobrius</strong></span> <span class='ocrx_word' id='word_1_144' title='bbox 1785 2117 1841 2165; x_wconf 93' lang='lat' dir='ltr'><strong>et</strong></span> <span class='ocrx_word' id='word_1_145' title='bbox 1859 2107 2183 2167; x_wconf 89' lang='lat' dir='ltr'><strong>moderatus</strong></span> <span class='ocrx_word' id='word_1_146' title='bbox 2202 2120 2432 2166; x_wconf 90' lang='lat' dir='ltr'><strong>ornatus</strong></span> <span class='ocrx_word' id='word_1_147' title='bbox 2452 2127 2567 2167; x_wconf 89' lang='lat' dir='ltr'><strong>non</strong></span> <span class='ocrx_word' id='word_1_148' title='bbox 2582 2125 2713 2183; x_wconf 91' lang='lat' dir='ltr'><strong>pro·</strong></span> 
     </span>
     <span class='ocr_line' id='line_1_17' title="bbox 537 2199 2652 2285; baseline -0 -18"><span class='ocrx_word' id='word_1_149' title='bbox 537 2209 762 2267; x_wconf 88' lang='lat' dir='ltr'><strong>hibetur</strong></span> <span class='ocrx_word' id='word_1_150' title='bbox 787 2206 1144 2275; x_wconf 88' lang='lat' dir='ltr'><strong>mulieribus,</strong></span> <span class='ocrx_word' id='word_1_151' title='bbox 1173 2206 1276 2264; x_wconf 87' lang='lat' dir='ltr'><strong>sed</strong></span> <span class='ocrx_word' id='word_1_152' title='bbox 1303 2206 1649 2284; x_wconf 63' lang='lat' dir='ltr'><strong>superflum,</strong></span> <span class='ocrx_word' id='word_1_153' title='bbox 1678 2206 2119 2275; x_wconf 82' lang='lat' dir='ltr'><strong>inverecundus,</strong></span> <span class='ocrx_word' id='word_1_154' title='bbox 2146 2217 2205 2264; x_wconf 88' lang='lat' dir='ltr'><strong>et</strong></span> <span class='ocrx_word' id='word_1_155' title='bbox 2226 2199 2652 2285; x_wconf 83' lang='lat' dir='ltr'><strong>impudicus.”³</strong></span> 
     </span>
    </p>

    <p class='ocr_par' dir='ltr' id='par_1_3' title="bbox 533 2304 2722 3055">
     <span class='ocr_line' id='line_1_18' title="bbox 617 2304 2717 2383; baseline -0.001 -18"><span class='ocrx_word' id='word_1_156' title='bbox 617 2312 717 2365; x_wconf 84' lang='lat'><strong>35.</strong></span> <span class='ocrx_word' id='word_1_157' title='bbox 763 2316 801 2341; x_wconf 83' lang='lat'><strong>‘⁶</strong></span> <span class='ocrx_word' id='word_1_158' title='bbox 821 2306 1028 2364; x_wconf 88' lang='lat' dir='ltr'><strong>Fucari</strong></span> <span class='ocrx_word' id='word_1_159' title='bbox 1055 2306 1384 2383; x_wconf 87' lang='lat' dir='ltr'><strong>pigmentis,</strong></span> <span class='ocrx_word' id='word_1_160' title='bbox 1414 2324 1529 2379; x_wconf 91' lang='lat' dir='ltr'><strong>quo</strong></span> <span class='ocrx_word' id='word_1_161' title='bbox 1570 2306 1661 2364; x_wconf 87' lang='lat' dir='ltr'><strong>vel</strong></span> <span class='ocrx_word' id='word_1_162' title='bbox 1685 2304 2071 2375; x_wconf 88' lang='lat' dir='ltr'><strong>rubicundior,</strong></span> <span class='ocrx_word' id='word_1_163' title='bbox 2098 2306 2191 2363; x_wconf 81' lang='lat' dir='ltr'><strong>vel</strong></span> <span class='ocrx_word' id='word_1_164' title='bbox 2224 2306 2520 2366; x_wconf 87' lang='lat' dir='ltr'><strong>candidior</strong></span> <span class='ocrx_word' id='word_1_165' title='bbox 2544 2325 2717 2383; x_wconf 87' lang='lat' dir='ltr'><strong>appa-</strong></span> 
     </span>
     <span class='ocr_line' id='line_1_19' title="bbox 536 2398 2717 2483; baseline -0.001 -20"><span class='ocrx_word' id='word_1_166' title='bbox 536 2416 676 2473; x_wconf 88' lang='lat' dir='ltr'><strong>reat,</strong></span> <span class='ocrx_word' id='word_1_167' title='bbox 699 2404 1012 2463; x_wconf 87' lang='lat' dir='ltr'><strong>adulterina</strong></span> <span class='ocrx_word' id='word_1_168' title='bbox 1030 2404 1253 2463; x_wconf 82' lang='lat' dir='ltr'><strong>fallacia</strong></span> <span class='ocrx_word' id='word_1_169' title='bbox 1271 2398 1453 2473; x_wconf 82' lang='lat' dir='ltr'><strong>est,”⁴</strong></span> <span class='ocrx_word' id='word_1_170' title='bbox 1469 2404 1668 2481; x_wconf 89' lang='lat' dir='ltr'><strong>judice</strong></span> <span class='ocrx_word' id='word_1_171' title='bbox 1695 2406 2053 2481; x_wconf 83' lang='lat' dir='ltr'><strong>Augustino:</strong></span> <span class='ocrx_word' id='word_1_172' title='bbox 2085 2414 2124 2441; x_wconf 80' lang='lat'><strong>‘⁸</strong></span> <span class='ocrx_word' id='word_1_173' title='bbox 2144 2423 2261 2463; x_wconf 91' lang='lat' dir='ltr'><strong>non</strong></span> <span class='ocrx_word' id='word_1_174' title='bbox 2289 2424 2515 2483; x_wconf 88' lang='lat' dir='ltr'><strong>semper</strong></span> <span class='ocrx_word' id='word_1_175' title='bbox 2530 2416 2717 2463; x_wconf 87' lang='lat' dir='ltr'><strong>tamen</strong></span> 
     </span>
     <span class='ocr_line' id='line_1_20' title="bbox 539 2502 2719 2581; baseline 0 -19"><span class='ocrx_word' id='word_1_176' title='bbox 539 2505 666 2562; x_wconf 89' lang='lat' dir='ltr'><strong>talis</strong></span> <span class='ocrx_word' id='word_1_177' title='bbox 693 2504 901 2563; x_wconf 85' lang='lat' dir='ltr'><strong>fucatio</strong></span> <span class='ocrx_word' id='word_1_178' title='bbox 929 2514 1018 2560; x_wconf 89' lang='lat' dir='ltr'><strong>est</strong></span> <span class='ocrx_word' id='word_1_179' title='bbox 1043 2522 1172 2561; x_wconf 89' lang='lat' dir='ltr'><strong>cum</strong></span> <span class='ocrx_word' id='word_1_180' title='bbox 1203 2513 1439 2579; x_wconf 87' lang='lat' dir='ltr'><strong>peccato</strong></span> <span class='ocrx_word' id='word_1_181' title='bbox 1480 2505 1726 2572; x_wconf 87' lang='lat' dir='ltr'><strong>mortali,</strong></span> <span class='ocrx_word' id='word_1_182' title='bbox 1756 2502 1861 2561; x_wconf 87' lang='lat' dir='ltr'><strong>sed</strong></span> <span class='ocrx_word' id='word_1_183' title='bbox 1897 2505 2083 2564; x_wconf 89' lang='lat' dir='ltr'><strong>solum</strong></span> <span class='ocrx_word' id='word_1_184' title='bbox 2113 2504 2343 2578; x_wconf 88' lang='lat' dir='ltr'><strong>quando</strong></span> <span class='ocrx_word' id='word_1_185' title='bbox 2380 2504 2447 2563; x_wconf 87' lang='lat' dir='ltr'><strong>fit</strong></span> <span class='ocrx_word' id='word_1_186' title='bbox 2489 2515 2719 2581; x_wconf 89' lang='lat' dir='ltr'><strong>propter</strong></span> 
     </span>
     <span class='ocr_line' id='line_1_21' title="bbox 537 2602 2719 2679; baseline 0 -18"><span class='ocrx_word' id='word_1_187' title='bbox 537 2604 852 2671; x_wconf 85' lang='lat' dir='ltr'><strong>lasciviam,</strong></span> <span class='ocrx_word' id='word_1_188' title='bbox 880 2602 973 2661; x_wconf 87' lang='lat' dir='ltr'><strong>vel</strong></span> <span class='ocrx_word' id='word_1_189' title='bbox 997 2604 1058 2661; x_wconf 93' lang='lat' dir='ltr'><strong>in</strong></span> <span class='ocrx_word' id='word_1_190' title='bbox 1085 2602 1199 2663; x_wconf 91' lang='lat' dir='ltr'><strong>Dei</strong></span> <span class='ocrx_word' id='word_1_191' title='bbox 1225 2612 1613 2679; x_wconf 87' lang='lat' dir='ltr'><strong>contemptum</strong></span> <span class='ocrx_word' id='word_1_192' title='bbox 1644 2645 1660 2661; x_wconf 91' lang='lat'><strong>.</strong></span> <span class='ocrx_word' id='word_1_193' title='bbox 1692 2645 1708 2661; x_wconf 90' lang='lat'><strong>.</strong></span> <span class='ocrx_word' id='word_1_194' title='bbox 1740 2645 1755 2660; x_wconf 88' lang='lat'><strong>.</strong></span> <span class='ocrx_word' id='word_1_195' title='bbox 1799 2603 2114 2664; x_wconf 88' lang='lat' dir='ltr'><strong>Sciendum</strong></span> <span class='ocrx_word' id='word_1_196' title='bbox 2155 2614 2347 2663; x_wconf 90' lang='lat' dir='ltr'><strong>tamen</strong></span> <span class='ocrx_word' id='word_1_197' title='bbox 2372 2604 2526 2677; x_wconf 89' lang='lat' dir='ltr'><strong>quod</strong></span> <span class='ocrx_word' id='word_1_198' title='bbox 2564 2603 2719 2662; x_wconf 90' lang='lat' dir='ltr'><strong>aliud</strong></span> 
     </span>
     <span class='ocr_line' id='line_1_22' title="bbox 539 2701 2722 2781; baseline -0 -20"><span class='ocrx_word' id='word_1_199' title='bbox 539 2713 628 2761; x_wconf 90' lang='lat' dir='ltr'><strong>est</strong></span> <span class='ocrx_word' id='word_1_200' title='bbox 652 2702 868 2779; x_wconf 88' lang='lat' dir='ltr'><strong>fingere</strong></span> <span class='ocrx_word' id='word_1_201' title='bbox 896 2701 1375 2781; x_wconf 87' lang='lat' dir='ltr'><strong>pulchritudinem</strong></span> <span class='ocrx_word' id='word_1_202' title='bbox 1401 2722 1518 2761; x_wconf 89' lang='lat' dir='ltr'><strong>non</strong></span> <span class='ocrx_word' id='word_1_203' title='bbox 1543 2703 1815 2769; x_wconf 86' lang='lat' dir='ltr'><strong>habitam,</strong></span> <span class='ocrx_word' id='word_1_204' title='bbox 1842 2712 1900 2761; x_wconf 90' lang='lat' dir='ltr'><strong>et</strong></span> <span class='ocrx_word' id='word_1_205' title='bbox 1938 2703 2091 2761; x_wconf 91' lang='lat' dir='ltr'><strong>aliud</strong></span> <span class='ocrx_word' id='word_1_206' title='bbox 2118 2704 2403 2763; x_wconf 89' lang='lat' dir='ltr'><strong>occultare</strong></span> <span class='ocrx_word' id='word_1_207' title='bbox 2428 2702 2722 2779; x_wconf 85' lang='lat' dir='ltr'><strong>turpitudi-</strong></span> 
     </span>
     <span class='ocr_line' id='line_1_23' title="bbox 539 2801 2718 2879; baseline -0 -19"><span class='ocrx_word' id='word_1_208' title='bbox 539 2822 673 2860; x_wconf 91' lang='lat' dir='ltr'><strong>nem</strong></span> <span class='ocrx_word' id='word_1_209' title='bbox 702 2820 776 2859; x_wconf 84' lang='lat' dir='ltr'><strong>ex</strong></span> <span class='ocrx_word' id='word_1_210' title='bbox 803 2803 992 2873; x_wconf 88' lang='lat' dir='ltr'><strong>aliqua</strong></span> <span class='ocrx_word' id='word_1_211' title='bbox 1017 2820 1190 2859; x_wconf 89' lang='lat' dir='ltr'><strong>causa</strong></span> <span class='ocrx_word' id='word_1_212' title='bbox 1215 2801 1665 2875; x_wconf 88' lang='lat' dir='ltr'><strong>provenientem,</strong></span> <span class='ocrx_word' id='word_1_213' title='bbox 1704 2810 1844 2876; x_wconf 88' lang='lat' dir='ltr'><strong>puta</strong></span> <span class='ocrx_word' id='word_1_214' title='bbox 1882 2803 2236 2879; x_wconf 65' lang='lat' dir='ltr'><strong>aegritudine,</strong></span> <span class='ocrx_word' id='word_1_215' title='bbox 2267 2803 2358 2861; x_wconf 87' lang='lat' dir='ltr'><strong>vel</strong></span> <span class='ocrx_word' id='word_1_216' title='bbox 2398 2804 2589 2875; x_wconf 90' lang='lat' dir='ltr'><strong>aliquo</strong></span> <span class='ocrx_word' id='word_1_217' title='bbox 2614 2802 2718 2859; x_wconf 92' lang='lat' dir='ltr'><strong>hu-</strong></span> 
     </span>
     <span class='ocr_line' id='line_1_24' title="bbox 533 2896 2717 2979; baseline 0.001 -22"><span class='ocrx_word' id='word_1_218' title='bbox 533 2896 885 2978; x_wconf 76' lang='lat' dir='ltr'><strong>jusmodi.’&#39;⁵</strong></span> <span class='ocrx_word' id='word_1_219' title='bbox 968 2898 1125 2956; x_wconf 89' lang='lat' dir='ltr'><strong>Hinc</strong></span> <span class='ocrx_word' id='word_1_220' title='bbox 1173 2898 1468 2957; x_wconf 87' lang='lat' dir='ltr'><strong>adscititiis</strong></span> <span class='ocrx_word' id='word_1_221' title='bbox 1509 2898 1769 2957; x_wconf 88' lang='lat' dir='ltr'><strong>dentibus</strong></span> <span class='ocrx_word' id='word_1_222' title='bbox 1806 2898 1959 2959; x_wconf 82' lang='lat' dir='ltr'><strong>licite</strong></span> <span class='ocrx_word' id='word_1_223' title='bbox 1998 2904 2127 2975; x_wconf 86' lang='lat' dir='ltr'><strong>quis</strong></span> <span class='ocrx_word' id='word_1_224' title='bbox 2168 2904 2363 2972; x_wconf 86' lang='lat' dir='ltr'><strong>utitur,</strong></span> <span class='ocrx_word' id='word_1_225' title='bbox 2404 2913 2463 2961; x_wconf 86' lang='lat' dir='ltr'><strong>et</strong></span> <span class='ocrx_word' id='word_1_226' title='bbox 2498 2901 2717 2979; x_wconf 86' lang='lat' dir='ltr'><strong>capillis</strong></span> 
     </span>
     <span class='ocr_line' id='line_1_25' title="bbox 541 2997 1336 3055; baseline 0 0"><span class='ocrx_word' id='word_1_227' title='bbox 541 2997 835 3055; x_wconf 83' lang='lat' dir='ltr'><strong>adscititiis</strong></span> <span class='ocrx_word' id='word_1_228' title='bbox 862 2997 1148 3055; x_wconf 88' lang='lat' dir='ltr'><strong>calvitiem</strong></span> <span class='ocrx_word' id='word_1_229' title='bbox 1173 2997 1336 3055; x_wconf 83' lang='lat' dir='ltr'><strong>celat.</strong></span> 
     </span>
    </p>
   </div>
   <div class='ocr_carea' id='block_1_3' title="bbox 1351 3229 1928 3303">
    <p class='ocr_par' dir='ltr' id='par_1_4' title="bbox 1351 3229 1928 3303">
     <span class='ocr_line' id='line_1_26' title="bbox 1351 3229 1928 3303; baseline 0.009 -18"><span class='ocrx_word' id='word_1_230' title='bbox 1351 3230 1403 3303; x_wconf 88' lang='lat'><strong>§.</strong></span> <span class='ocrx_word' id='word_1_231' title='bbox 1433 3229 1509 3287; x_wconf 90' lang='lat' dir='ltr'><strong>V.</strong></span> <span class='ocrx_word' id='word_1_232' title='bbox 1597 3229 1693 3290; x_wconf 76' lang='lat' dir='ltr'><strong>Dr.</strong></span> <span class='ocrx_word' id='word_1_233' title='bbox 1735 3231 1928 3289; x_wconf 82' lang='lat' dir='ltr'><strong>Luno.</strong></span> 
     </span>
    </p>
   </div>
   <div class='ocr_carea' id='block_1_4' title="bbox 547 3396 2737 4077">
    <p class='ocr_par' dir='ltr' id='par_1_5' title="bbox 547 3396 2737 4077">
     <span class='ocr_line' id='line_1_27' title="bbox 626 3396 2727 3476; baseline 0.004 -22"><span class='ocrx_word' id='word_1_234' title='bbox 626 3401 724 3455; x_wconf 89' lang='grc'><strong>36.</strong></span> <span class='ocrx_word' id='word_1_235' title='bbox 809 3396 1009 3456; x_wconf 89' lang='lat' dir='ltr'><strong>Ludus</strong></span> <span class='ocrx_word' id='word_1_236' title='bbox 1039 3396 1110 3455; x_wconf 86' lang='lat' dir='ltr'><strong>ad</strong></span> <span class='ocrx_word' id='word_1_237' title='bbox 1139 3398 1403 3456; x_wconf 86' lang='lat' dir='ltr'><strong>virtutem</strong></span> <span class='ocrx_word' id='word_1_238' title='bbox 1444 3400 1773 3476; x_wconf 80' lang='lat' dir='ltr'><strong>eutrapeliae</strong></span> <span class='ocrx_word' id='word_1_239' title='bbox 1815 3400 2077 3469; x_wconf 86' lang='lat' dir='ltr'><strong>refertur,</strong></span> <span class='ocrx_word' id='word_1_240' title='bbox 2118 3410 2395 3476; x_wconf 89' lang='lat' dir='ltr'><strong>quatenus</strong></span> <span class='ocrx_word' id='word_1_241' title='bbox 2428 3404 2605 3463; x_wconf 86' lang='lat' dir='ltr'><strong>animi</strong></span> <span class='ocrx_word' id='word_1_242' title='bbox 2632 3404 2727 3462; x_wconf 90' lang='lat' dir='ltr'><strong>ob-</strong></span> 
     </span>
     <span class='ocr_line' id='line_1_28' title="bbox 547 3497 2727 3580; baseline 0.003 -25"><span class='ocrx_word' id='word_1_243' title='bbox 547 3497 771 3555; x_wconf 83' lang='lat' dir='ltr'><strong>lectatio</strong></span> <span class='ocrx_word' id='word_1_244' title='bbox 791 3515 921 3556; x_wconf 89' lang='lat' dir='ltr'><strong>cum</strong></span> <span class='ocrx_word' id='word_1_245' title='bbox 943 3497 1285 3556; x_wconf 89' lang='lat' dir='ltr'><strong>remissione</strong></span> <span class='ocrx_word' id='word_1_246' title='bbox 1313 3498 1640 3558; x_wconf 86' lang='lat' dir='ltr'><strong>attentionis</strong></span> <span class='ocrx_word' id='word_1_247' title='bbox 1662 3500 1921 3568; x_wconf 87' lang='lat' dir='ltr'><strong>inservit,</strong></span> <span class='ocrx_word' id='word_1_248' title='bbox 1951 3510 2013 3558; x_wconf 89' lang='lat' dir='ltr'><strong>ut</strong></span> <span class='ocrx_word' id='word_1_249' title='bbox 2041 3502 2171 3573; x_wconf 87' lang='lat' dir='ltr'><strong>quis</strong></span> <span class='ocrx_word' id='word_1_250' title='bbox 2198 3503 2403 3580; x_wconf 88' lang='lat' dir='ltr'><strong>majori</strong></span> <span class='ocrx_word' id='word_1_251' title='bbox 2428 3503 2617 3563; x_wconf 87' lang='lat' dir='ltr'><strong>studio</strong></span> <span class='ocrx_word' id='word_1_252' title='bbox 2642 3520 2727 3561; x_wconf 91' lang='lat' dir='ltr'><strong>re·</strong></span> 
     </span>
     <span class='ocr_line' id='line_1_29' title="bbox 547 3596 2727 3675; baseline 0.002 -20"><span class='ocrx_word' id='word_1_253' title='bbox 547 3598 652 3655; x_wconf 88' lang='lat' dir='ltr'><strong>bus</strong></span> <span class='ocrx_word' id='word_1_254' title='bbox 695 3597 955 3674; x_wconf 86' lang='lat' dir='ltr'><strong>agendis,</strong></span> <span class='ocrx_word' id='word_1_255' title='bbox 1000 3605 1057 3654; x_wconf 90' lang='lat' dir='ltr'><strong>et</strong></span> <span class='ocrx_word' id='word_1_256' title='bbox 1095 3596 1320 3672; x_wconf 88' lang='lat' dir='ltr'><strong>pietatis</strong></span> <span class='ocrx_word' id='word_1_257' title='bbox 1363 3598 1693 3657; x_wconf 88' lang='lat' dir='ltr'><strong>muneribus</strong></span> <span class='ocrx_word' id='word_1_258' title='bbox 1734 3598 2005 3675; x_wconf 90' lang='lat' dir='ltr'><strong>deinceps</strong></span> <span class='ocrx_word' id='word_1_259' title='bbox 2038 3611 2217 3659; x_wconf 87' lang='lat' dir='ltr'><strong>vacet.</strong></span> <span class='ocrx_word' id='word_1_260' title='bbox 2302 3610 2341 3637; x_wconf 80' lang='lat'><strong>‘⁴</strong></span> <span class='ocrx_word' id='word_1_261' title='bbox 2366 3602 2529 3661; x_wconf 85' lang='lat' dir='ltr'><strong>Sicut</strong></span> <span class='ocrx_word' id='word_1_262' title='bbox 2551 3604 2727 3662; x_wconf 90' lang='lat' dir='ltr'><strong>homo</strong></span> 
     </span>
     <span class='ocr_line' id='line_1_30' title="bbox 549 3696 2732 3778; baseline 0.002 -24"><span class='ocrx_word' id='word_1_263' title='bbox 549 3697 768 3773; x_wconf 86' lang='lat' dir='ltr'><strong>indiget</strong></span> <span class='ocrx_word' id='word_1_264' title='bbox 791 3696 1075 3772; x_wconf 89' lang='lat' dir='ltr'><strong>corporali</strong></span> <span class='ocrx_word' id='word_1_265' title='bbox 1101 3697 1292 3769; x_wconf 86' lang='lat' dir='ltr'><strong>quiete</strong></span> <span class='ocrx_word' id='word_1_266' title='bbox 1319 3696 1391 3755; x_wconf 91' lang='lat' dir='ltr'><strong>ad</strong></span> <span class='ocrx_word' id='word_1_267' title='bbox 1424 3698 1683 3775; x_wconf 81' lang='lat' dir='ltr'><strong>corporis</strong></span> <span class='ocrx_word' id='word_1_268' title='bbox 1710 3698 2205 3769; x_wconf 83' lang='lat' dir='ltr'><strong>refocillationem,</strong></span> <span class='ocrx_word' id='word_1_269' title='bbox 2232 3702 2368 3773; x_wconf 89' lang='lat' dir='ltr'><strong>quia</strong></span> <span class='ocrx_word' id='word_1_270' title='bbox 2404 3721 2518 3761; x_wconf 89' lang='lat' dir='ltr'><strong>non</strong></span> <span class='ocrx_word' id='word_1_271' title='bbox 2545 3712 2732 3778; x_wconf 90' lang='lat' dir='ltr'><strong>potest</strong></span> 
     </span>
     <span class='ocr_line' id='line_1_31' title="bbox 551 3795 2735 3875; baseline 0.004 -24"><span class='ocrx_word' id='word_1_272' title='bbox 551 3796 819 3853; x_wconf 89' lang='lat' dir='ltr'><strong>continue</strong></span> <span class='ocrx_word' id='word_1_273' title='bbox 846 3795 1117 3864; x_wconf 86' lang='lat' dir='ltr'><strong>laborare,</strong></span> <span class='ocrx_word' id='word_1_274' title='bbox 1149 3807 1388 3873; x_wconf 89' lang='lat' dir='ltr'><strong>propter</strong></span> <span class='ocrx_word' id='word_1_275' title='bbox 1413 3797 1522 3855; x_wconf 89' lang='lat' dir='ltr'><strong>hoc</strong></span> <span class='ocrx_word' id='word_1_276' title='bbox 1550 3796 1706 3870; x_wconf 87' lang='lat' dir='ltr'><strong>quod</strong></span> <span class='ocrx_word' id='word_1_277' title='bbox 1733 3797 1904 3855; x_wconf 87' lang='lat' dir='ltr'><strong>habet</strong></span> <span class='ocrx_word' id='word_1_278' title='bbox 1928 3798 2145 3857; x_wconf 90' lang='lat' dir='ltr'><strong>finitam</strong></span> <span class='ocrx_word' id='word_1_279' title='bbox 2173 3799 2457 3869; x_wconf 87' lang='lat' dir='ltr'><strong>virtutem,</strong></span> <span class='ocrx_word' id='word_1_280' title='bbox 2486 3820 2611 3875; x_wconf 77' lang='lat' dir='ltr'><strong>quae</strong></span> <span class='ocrx_word' id='word_1_281' title='bbox 2639 3800 2735 3859; x_wconf 90' lang='lat' dir='ltr'><strong>de·</strong></span> 
     </span>
     <span class='ocr_line' id='line_1_32' title="bbox 553 3893 2730 3987; baseline 0.006 -39"><span class='ocrx_word' id='word_1_282' title='bbox 553 3893 864 3950; x_wconf 85' lang='lat' dir='ltr'><strong>terminatis</strong></span> <span class='ocrx_word' id='word_1_283' title='bbox 888 3893 1176 3952; x_wconf 90' lang='lat' dir='ltr'><strong>laboribus</strong></span> <span class='ocrx_word' id='word_1_284' title='bbox 1222 3896 1720 3974; x_wconf 87' lang='lat' dir='ltr'><strong>proportionatur:</strong></span> <span class='ocrx_word' id='word_1_285' title='bbox 1771 3898 1847 3956; x_wconf 89' lang='lat' dir='ltr'><strong>ita</strong></span> <span class='ocrx_word' id='word_1_286' title='bbox 1885 3898 2056 3957; x_wconf 87' lang='lat' dir='ltr'><strong>etiam</strong></span> <span class='ocrx_word' id='word_1_287' title='bbox 2085 3908 2174 3955; x_wconf 88' lang='lat' dir='ltr'><strong>est</strong></span> <span class='ocrx_word' id='word_1_288' title='bbox 2208 3918 2285 3957; x_wconf 83' lang='lat' dir='ltr'><strong>ex</strong></span> <span class='ocrx_word' id='word_1_289' title='bbox 2324 3910 2480 3977; x_wconf 87' lang='lat' dir='ltr'><strong>parte</strong></span> <span class='ocrx_word' id='word_1_290' title='bbox 2508 3903 2730 3987; x_wconf 68' lang='lat' dir='ltr'><strong>animae,</strong></span> 
     </span>
     <span class='ocr_line' id='line_1_33' title="bbox 553 3989 2737 4077; baseline 0.006 -31"><span class='ocrx_word' id='word_1_291' title='bbox 553 3990 716 4066; x_wconf 87' lang='lat' dir='ltr'><strong>cujus</strong></span> <span class='ocrx_word' id='word_1_292' title='bbox 743 3989 914 4047; x_wconf 85' lang='lat' dir='ltr'><strong>etiam</strong></span> <span class='ocrx_word' id='word_1_293' title='bbox 940 3999 1030 4049; x_wconf 87' lang='lat' dir='ltr'><strong>est</strong></span> <span class='ocrx_word' id='word_1_294' title='bbox 1055 3991 1232 4049; x_wconf 86' lang='lat' dir='ltr'><strong>virtus</strong></span> <span class='ocrx_word' id='word_1_295' title='bbox 1259 3994 1438 4061; x_wconf 83' lang='lat' dir='ltr'><strong>finita,</strong></span> <span class='ocrx_word' id='word_1_296' title='bbox 1461 3996 1533 4055; x_wconf 92' lang='lat' dir='ltr'><strong>ad</strong></span> <span class='ocrx_word' id='word_1_297' title='bbox 1559 3997 1960 4057; x_wconf 87' lang='lat' dir='ltr'><strong>determinatas</strong></span> <span class='ocrx_word' id='word_1_298' title='bbox 1987 3999 2351 4075; x_wconf 85' lang='lat' dir='ltr'><strong>operationes</strong></span> <span class='ocrx_word' id='word_1_299' title='bbox 2378 4002 2737 4077; x_wconf 85' lang='lat' dir='ltr'><strong>proportion-</strong></span> 
     </span>
    </p>
   </div>
   <div class='ocr_carea' id='block_1_5' title="bbox 626 4175 2730 4443">
    <p class='ocr_par' dir='ltr' id='par_1_6' title="bbox 626 4175 2730 4443">
     <span class='ocr_line' id='line_1_34' title="bbox 626 4175 2335 4274; baseline 0.008 -28"><span class='ocrx_word' id='word_1_300' title='bbox 626 4200 710 4265; x_wconf 89' lang='lat'><strong>(1)</strong></span> <span class='ocrx_word' id='word_1_301' title='bbox 751 4202 1246 4264; x_wconf 76' lang='lat' dir='ltr'><strong>2.2.qu.01xix.art.</strong></span> <span class='ocrx_word' id='word_1_302' title='bbox 1270 4202 1318 4251; x_wconf 82' lang='lat' dir='ltr'><strong>ii.</strong></span> <span class='ocrx_word' id='word_1_303' title='bbox 1388 4202 1539 4270; x_wconf 64' lang='grc' dir='ltr'><strong>Κεφ.</strong></span> <span class='ocrx_word' id='word_1_304' title='bbox 1880 4210 1965 4274; x_wconf 80' lang='lat'><strong>(2)</strong></span> <span class='ocrx_word' id='word_1_305' title='bbox 2009 4212 2030 4255; x_wconf 92' lang='lat'>1</span> <span class='ocrx_word' id='word_1_306' title='bbox 2059 4208 2263 4259; x_wconf 66' lang='lat' dir='ltr'><strong>rimi.</strong></span> <span class='ocrx_word' id='word_1_307' title='bbox 2288 4175 2335 4259; x_wconf 67' lang='grc'><strong>9.</strong></span> 
     </span>
     <span class='ocr_line' id='line_1_35' title="bbox 627 4282 2032 4357; baseline 0.008 -28"><span class='ocrx_word' id='word_1_308' title='bbox 627 4282 712 4348; x_wconf 87' lang='grc'><strong>(3)</strong></span> <span class='ocrx_word' id='word_1_309' title='bbox 754 4282 806 4331; x_wconf 82' lang='lat' dir='ltr'><strong>S.</strong></span> <span class='ocrx_word' id='word_1_310' title='bbox 830 4283 1010 4333; x_wconf 86' lang='lat' dir='ltr'><strong>Thom.</strong></span> <span class='ocrx_word' id='word_1_311' title='bbox 1034 4288 1082 4333; x_wconf 79' lang='lat'><strong>2.</strong></span> <span class='ocrx_word' id='word_1_312' title='bbox 1107 4288 1154 4333; x_wconf 80' lang='lat'><strong>2.</strong></span> <span class='ocrx_word' id='word_1_313' title='bbox 1178 4301 1259 4349; x_wconf 85' lang='lat' dir='ltr'><strong>qu.</strong></span> <span class='ocrx_word' id='word_1_314' title='bbox 1282 4284 1430 4335; x_wconf 85' lang='lat' dir='ltr'><strong>clxix.</strong></span> <span class='ocrx_word' id='word_1_315' title='bbox 1454 4293 1540 4336; x_wconf 84' lang='lat' dir='ltr'><strong>art.</strong></span> <span class='ocrx_word' id='word_1_316' title='bbox 1564 4288 1613 4337; x_wconf 87' lang='lat' dir='ltr'><strong>ii.</strong></span> <span class='ocrx_word' id='word_1_317' title='bbox 1685 4289 1772 4341; x_wconf 82' lang='lat' dir='ltr'><strong>Ad</strong></span> <span class='ocrx_word' id='word_1_318' title='bbox 1778 4289 2032 4357; x_wconf 79' lang='lat' dir='ltr'><strong>primum.</strong></span> 
     </span>
     <span class='ocr_line' id='line_1_36' title="bbox 627 4366 2730 4443; baseline 0.007 -29"><span class='ocrx_word' id='word_1_319' title='bbox 627 4367 712 4433; x_wconf 85' lang='lat'><strong>(4)</strong></span> <span class='ocrx_word' id='word_1_320' title='bbox 750 4366 845 4431; x_wconf 85' lang='lat' dir='ltr'><strong>Ep.</strong></span> <span class='ocrx_word' id='word_1_321' title='bbox 864 4368 1018 4418; x_wconf 84' lang='lat' dir='ltr'><strong>lxxiii.</strong></span> <span class='ocrx_word' id='word_1_322' title='bbox 1087 4368 1174 4420; x_wconf 77' lang='lat' dir='ltr'><strong>Ad</strong></span> <span class='ocrx_word' id='word_1_323' title='bbox 1194 4368 1500 4423; x_wconf 67' lang='lat' dir='ltr'><strong>Poe-sidium.</strong></span> <span class='ocrx_word' id='word_1_324' title='bbox 1640 4376 1725 4443; x_wconf 90' lang='lat'><strong>(5)</strong></span> <span class='ocrx_word' id='word_1_325' title='bbox 1766 4375 1819 4423; x_wconf 88' lang='lat' dir='ltr'><strong>S.</strong></span> <span class='ocrx_word' id='word_1_326' title='bbox 1843 4374 2021 4425; x_wconf 85' lang='lat' dir='ltr'><strong>Thom.</strong></span> <span class='ocrx_word' id='word_1_327' title='bbox 2044 4376 2127 4427; x_wconf 92' lang='lat' dir='ltr'><strong>ubi</strong></span> <span class='ocrx_word' id='word_1_328' title='bbox 2150 4393 2308 4443; x_wconf 83' lang='lat' dir='ltr'><strong>supra.</strong></span> <span class='ocrx_word' id='word_1_329' title='bbox 2343 4378 2430 4429; x_wconf 78' lang='lat' dir='ltr'><strong>Ad</strong></span> <span class='ocrx_word' id='word_1_330' title='bbox 2440 4378 2730 4431; x_wconf 79' lang='lat' dir='ltr'><strong>secundum.</strong></span> 
     </span>
    </p>
   </div>
  </div>
 </body>
</html>
