3117 5217
484 571 599 624 146
900 565 1013 624 DE
1058 563 1722 625 CONTRACTIBUS
1768 565 2234 624 GRATIOSIS.

1360 1045 1644 1106 CAPUT
1687 1047 1765 1105 ΙΙ.

1088 1261 1164 1300 ΒΕ
1208 1262 1664 1302 coNTRAC‘rIBUs
1708 1261 2039 1301 GRA'rlosts,

474 1403 477 1410 ’
556 1418 657 1472 21.
698 1411 1305 1490 Promissiogratuita
1330 1413 1598 1472 definitur
1623 1413 1930 1472 deliberata
1969 1421 2026 1470 et
2065 1420 2380 1490 spontanea
2405 1410 2539 1469 fidei
2565 1411 2662 1469 ob-

476 1511 673 1588 ligatio
700 1512 845 1570 facta
870 1513 1031 1570 alteri
1056 1531 1183 1569 eam
1211 1514 1527 1589 acceptanti
1552 1513 1624 1570 de
1651 1532 1712 1570 re
1739 1513 1890 1570 bona
1915 1521 1973 1570 et
1998 1511 2277 1588 possibili.
2343 1509 2670 1568 Deliberatn

478 1612 551 1667 sit
576 1609 843 1685 obligatio
870 1629 1105 1668 necesse
1134 1621 1239 1679 est,
1269 1614 1322 1669 si
1349 1612 1503 1669 enim
1549 1613 1750 1670 leviter
1795 1621 1853 1668 et
1905 1621 2114 1668 temere
2161 1628 2234 1666 ex
2279 1626 2469 1665 errore
2517 1610 2667 1665 circa

476 1709 866 1775 substantiam,
895 1710 987 1767 vel
1007 1727 1233 1767 causam
1256 1710 1509 1775 finalem,
1540 1711 1670 1781 quis
1692 1709 1867 1766 fidem
1888 1708 2240 1784 obligaverit,
2269 1725 2338 1764 ea
2363 1723 2478 1764 non
2509 1715 2662 1763 tene·-

474 1809 641 1866 bitur.
726 1807 791 1863 Si
831 1809 960 1879 quis
1002 1809 1303 1883 pecuniam
1351 1808 1637 1883 pollicitus
1677 1809 1754 1864 sit
1793 1807 1865 1864 ad
1907 1803 2293 1863 aedificandam
2335 1805 2658 1870 ecclesiam,

476 1915 679 1981 putans
708 1924 834 1962 eam
864 1905 1165 1963 Catholico
1192 1905 1368 1978 cultui
1407 1906 1728 1972 dicandam,
1776 1904 2152 1980 promissione
2197 1921 2312 1961 non
2340 1912 2580 1970 tenetur,
2610 1903 2660 1958 si

476 2003 679 2061 domus
718 2013 887 2060 sectae
928 2004 1097 2061 alicui
1137 2004 1472 2061 inservitura
1510 2006 1602 2061 sit.
1689 2004 2022 2078 Spontanea
2061 2019 2288 2074 quoque
2325 1999 2493 2058 debet
2533 2019 2660 2058 esse

476 2101 804 2178 promissio,
834 2122 965 2160 nam
996 2111 1034 2136 ‘⁴
1056 2103 1323 2178 obligatio
1346 2120 1457 2174 qua
1484 2105 1614 2174 quis
1635 2102 1918 2178 obligatur
1935 2101 2154 2159 homini
2173 2100 2268 2165 eui
2296 2099 2509 2170 aliquid
2531 2117 2660 2174 pro-

475 2201 665 2266 mittit,
696 2201 907 2258 tollitur
936 2219 1036 2275 per
1062 2201 1412 2260 coactionem
1436 2195 1530 2258 :”²
1558 2220 1676 2260 non
1701 2202 1779 2258 ita
1805 2211 1993 2258 tamen
2021 2209 2084 2255 ut
2107 2200 2338 2256 nemine
2366 2199 2658 2265 suadente,

478 2299 571 2356 vel
596 2309 849 2374 rogante,
891 2299 1007 2365 fiat,
1036 2298 1348 2356 dummodo
1386 2301 1617 2358 libertas
1661 2299 1966 2357 voluntatis
2007 2297 2177 2373 plena
2219 2307 2462 2354 maneat.
2547 2297 2664 2362 Qui

480 2398 611 2454 ficto
640 2397 832 2457 animo
859 2397 1157 2472 promittit,
1188 2416 1301 2454 non
1332 2406 1553 2455 tenetur
1594 2373 1663 2456 ad
1690 2416 1811 2454 rem
1855 2395 2226 2473 implendam,
2261 2397 2426 2471 juxta
2452 2395 2668 2454 theolo-

478 2514 616 2571 gos;
658 2494 824 2551 debet
851 2504 1035 2552 tamen
1062 2495 1354 2563 damnum,
1382 2497 1433 2554 si
1460 2497 1616 2570 quod
1641 2506 1825 2553 ortum
1851 2497 1944 2563 sit,
1967 2489 2282 2570 reparare.²
2361 2493 2534 2550 Fides
2561 2495 2661 2552 ob·

476 2594 647 2670 ligata
673 2593 961 2652 censenda
985 2614 1104 2652 non
1130 2605 1217 2652 est
1242 2596 1465 2674 quoties
1494 2597 1623 2668 quis
1651 2613 1712 2651 se
1741 2594 1955 2667 aliquid
1995 2593 2154 2651 alteri
2193 2591 2452 2649 daturum
2481 2591 2655 2659 dicit;

477 2692 835 2768 propositum
872 2693 1023 2750 enim
1064 2693 1315 2769 simplex
1356 2695 1540 2751 verbis
1582 2693 1916 2770 hujusmodi
1954 2691 2262 2766 aliquando
2302 2692 2666 2755 enuntiatur;

476 2789 579 2848 sed
607 2791 831 2849 animus
860 2811 923 2848 se
951 2791 1241 2867 obligandi
1280 2773 1351 2847 ad
1389 2793 1830 2867 promissionem
1859 2790 2179 2861 requiritur.
2260 2789 2458 2856 Quum
2487 2807 2658 2846 nemo

478 2888 548 2945 ad
576 2899 887 2964 peccatum,
922 2889 1011 2946 vel
1051 2888 1120 2945 ad
1162 2890 1517 2964 impossibile
1558 2899 1833 2955 teneatur,
1876 2888 2184 2964 promissio
2227 2906 2346 2944 non
2372 2887 2509 2963 ligat
2537 2905 2662 2958 quae

476 3005 597 3043 rem
618 2986 845 3054 malam,
871 2986 963 3043 vel
990 2989 1278 3045 moraliter
1297 2987 1710 3063 impossibilem
1731 2989 1967 3063 respicit
1989 2979 2037 3043 :³
2065 2995 2106 3022 ‘⁶
2129 2987 2264 3058 quia
2283 2984 2664 3061 promittendo

478 3085 749 3159 peccavit,
778 3085 1047 3144 mutando
1068 3097 1254 3143 autem
1283 3089 1640 3162 propositum
1669 3088 1812 3144 bene
1839 3081 2069 3144 facit.”⁴
2110 3085 2168 3142 N
2173 3103 2242 3142 ec
2266 3086 2656 3161 juramentum

478 3183 921 3258 promissionem
949 3183 1281 3259 hujusmodi
1308 3184 1510 3251 firmat,
1540 3204 1716 3256 quum
1743 3199 1860 3243 non
1899 3185 1976 3242 sit
1999 3183 2288 3242 vinculum
2315 3182 2648 3253 iniquitatis·

480 3279 631 3337 Ante
656 3282 1103 3356 acceptationem
1138 3299 1365 3356 semper
1402 3284 1655 3339 revocari
1693 3292 1884 3358 potest
1923 3282 2250 3358 promissio,
2277 3280 2434 3337 salva
2459 3281 2662 3337 saltem

478 3373 755 3455 justitia.⁵

559 3482 658 3534 22.
702 3477 792 3534 De
820 3477 976 3553 gravi
1004 3476 1093 3534 vel
1116 3477 1227 3534 lev‘i
1256 3478 1598 3554 obligatione
1626 3497 1750 3551 quae
1780 3478 2220 3555 promissionem
2249 3476 2526 3548 sequitur,
2545 3495 2662 3533 non

482 3575 828 3634 conveniunt
853 3576 1138 3652 theologi:
1184 3586 1315 3633 sunt
1352 3579 1505 3634 enim
1534 3578 1634 3648 qui
1674 3577 1982 3649 quamlibet
2015 3575 2459 3653 promissionem
2487 3574 2560 3632 de
2599 3593 2662 3632 re

561 3811 643 3874 (1)
684 3809 735 3856 S.
758 3813 935 3861 Thom-
960 3815 1008 3858 2.
1032 3815 1079 3859 2.
1101 3827 1182 3874 qu.
1205 3811 1394 3860 lxxxix.
1418 3827 1461 3859 a.
1487 3815 1533 3869 7,
1568 3810 1641 3860 ad
1658 3811 1881 3862 tertium.

559 3894 643 3957 (2)
684 3892 851 3941 Placet
870 3894 990 3943 illud
1012 3895 1189 3957 Paley:
1214 3904 1243 3927 ‘⁸
1255 3896 1338 3943 the
1355 3895 1561 3960 promise
1579 3894 1622 3942 is
1639 3900 1689 3941 to
1706 3896 1766 3942 be
1787 3893 2053 3957 performed
2073 3894 2128 3942 in
2143 3893 2247 3941 that
2269 3909 2408 3942 sense
2430 3893 2483 3941 in
2500 3891 2664 3940 which

485 3973 567 4022 the
588 3973 818 4036 promiser
838 3977 1172 4039 apprehended
1206 3983 1255 4025 at
1288 3978 1372 4025 the
1406 3978 1521 4026 time
1556 3977 1661 4026 that
1701 3976 1784 4025 the
1819 3976 2056 4039 promisee
2091 3975 2310 4026 received
2345 3974 2430 4024 it.”
2501 3971 2670 4027 Marad

488 4055 625 4107 Phil.
649 4057 679 4104 l.
700 4057 751 4105 ii.
766 4074 809 4108 c.
832 4061 879 4105 5.

558 4144 643 4208 (3)
683 4140 806 4204 Cap.
826 4143 915 4190 ult.
936 4141 995 4192 de
1012 4143 1190 4210 pactis.
1228 4143 1350 4208 Cap.
1375 4145 1533 4196 Nemo
1556 4150 1737 4212 potest.
1807 4146 1882 4195 De
1905 4161 2005 4207 reg.
2017 4146 2142 4211 juris
2161 4145 2218 4195 in
2239 4147 2288 4194 6.
2333 4145 2407 4194 Ita
2429 4151 2479 4192 et
2502 4145 2652 4207 Paley

486 4228 578 4276 loc.
600 4227 679 4276 cit.

560 4312 644 4377 (4)
683 4309 736 4360 S.
758 4309 937 4360 Thom.
961 4315 1008 4359 2.
1032 4315 1080 4360 2.
1102 4328 1185 4374 qu.
1206 4328 1283 4361 cx.
1307 4321 1393 4362 art.
1416 4315 1491 4363 iii.
1524 4315 1598 4364 ad
1615 4321 1874 4382 qum-tum.

560 4396 643 4460 (5)
682 4393 742 4444 L.
764 4395 796 4443 i.
818 4393 868 4443 ff.
891 4393 950 4445 de
960 4395 1173 4462 pollicit.
1239 4404 1271 4428 ‘⁶
1291 4397 1475 4446 Where
1496 4398 1580 4447 the
1601 4400 1808 4462 promise
1823 4399 1867 4446 is
1887 4398 2154 4458 beneficial,
2176 4398 2221 4447 if
2231 4397 2390 4446 notice
2411 4398 2472 4446 be
2493 4397 2654 4458 given,

495 4486 780 4546 acceptanoe
801 4495 915 4544 may
935 4482 996 4529 be
1016 4480 1316 4545 presumed.”
1386 4483 1553 4546 Paley,
1577 4481 1744 4535 Mora!
1764 4482 2092 4551 Philosophy,
2102 4484 2136 4533 l.
2157 4483 2208 4532 ii.
2229 4499 2273 4532 c.
2296 4485 2377 4530 50.
