3117 5217
491 532 604 589 198
1081 528 1196 587 DE
1241 524 1567 585 CAMBIO
1610 524 1726 584 ΕΤ
1766 520 2079 583 CENSU.

491 698 834 775 impetravit,
875 708 939 755 ut
979 697 1218 755 aliorum
1263 694 1583 753 commodis
1624 695 1954 752 inserviret:
1996 692 2153 766 quod
2192 693 2529 770 plerumque
2567 696 2674 752 im-

492 816 700 875 pensas
745 814 941 853 secum
985 795 1090 852 fert
1131 804 1189 853 et
1231 793 1424 851 damni
1470 792 1809 869 periculum.
1892 792 1959 849 si
1984 792 2197 850 utilitas
2222 792 2557 865 lucrumque
2598 810 2675 850 ex

491 906 725 969 utraque
747 904 902 970 parte
929 893 1012 951 illi
1053 894 1366 969 proveniat,
1395 911 1510 949 non
1550 891 1682 949 ideo
1712 893 1846 969 jure
1870 888 2023 949 cadit
2058 890 2329 968 exigendi
2352 890 2675 949 mercedem

492 995 565 1053 ob
591 1012 714 1051 rem
752 1010 880 1064 quoe
922 1010 1024 1068 per
1059 1010 1124 1049 se
1165 992 1346 1067 pretio
1385 988 1717 1047 aestimanda
1754 998 1859 1047 est.
1942 986 2163 1047 Eadem
2191 988 2323 1047 vero
2366 998 2453 1045 est
2476 1008 2675 1047 norma

495 1094 662 1159 lucri,
690 1092 1012 1148 communis
1033 1090 1251 1148 scilicet
1277 1106 1641 1165 campsorum
1669 1104 2005 1146 consensus.

580 1196 714 1248 127.
745 1188 1050 1247 Cambium
1081 1188 1386 1264 temporale
1407 1186 1713 1259 aliquando
1729 1204 1935 1262 purum
1950 1194 2263 1261 putumque
2288 1196 2377 1242 est
2394 1194 2671 1252 mutuum,

500 1289 744 1361 ideoque
824 1287 894 1343 de
949 1305 1018 1345 eo
1050 1285 1427 1364 judicandum
1464 1287 1633 1363 juxta
1682 1303 1751 1342 ea
1789 1302 1915 1357 quze
1967 1283 2103 1341 alibi
2146 1281 2513 1341 tradidimus:
2576 1284 2678 1341 sed

500 1385 970 1460 quandocumque
999 1387 1150 1443 bona
1173 1383 1286 1441 fide
1311 1384 1394 1452 fit,
1424 1392 1611 1460 potest
1651 1400 1781 1441 esse
1818 1382 1963 1440 lucri
1988 1400 2180 1448 causa,
2210 1382 2284 1439 ob
2310 1399 2497 1437 rerum
2524 1383 2675 1439 vices

501 1486 644 1543 intra
669 1484 915 1561 spatium
943 1483 1082 1543 illud
1109 1484 1378 1560 temporis
1405 1481 1558 1555 quod
1587 1482 1809 1539 cambio
1837 1479 2135 1547 definitur;
2164 1498 2233 1538 eo
2261 1480 2445 1557 magis
2473 1480 2523 1536 si
2548 1500 2677 1537 cum

496 1584 614 1642 loci
639 1584 927 1651 varietate,
957 1582 1048 1640 vel
1076 1590 1426 1640 monetarum
1454 1580 1863 1657 permutatione
1890 1587 2205 1637 concurrat.

590 1686 724 1739 128.
769 1682 1010 1747 Quoties
1038 1689 1262 1738 recusat
1299 1680 1393 1737 ille
1434 1679 1505 1736 ad
1541 1698 1715 1753 quem
1740 1678 1939 1736 litterae
1972 1677 2181 1735 cambii
2219 1675 2555 1753 diriguntur,
2584 1696 2679 1736 eas

504 1790 798 1857 acceptare
843 1790 901 1837 et
938 1797 1270 1855 agnoscere,
1315 1779 1641 1853 protestatio
1680 1778 1745 1833 fit
1770 1797 1803 1833 a
1842 1775 2060 1835 notario
2086 1775 2336 1853 public0‚
2365 1794 2491 1848 quae
2540 1778 2682 1835 intra

502 1878 926 1953 quatuordecim
954 1877 1075 1934 dies
1102 1876 1578 1935 communicanda
1616 1888 1707 1933 est
1740 1876 2051 1933 litterarum
2080 1874 2308 1941 auctori,
2329 1874 2499 1950 juxta
2522 1869 2677 1954 leges

503 1971 790 2051 Angliaet²
829 1974 981 2050 apud
1019 1993 1124 2032 nos
1165 1984 1351 2032 autem
1387 1976 1791 2049 protestatione
1833 1992 1977 2050 opus
2017 1991 2133 2030 non
2173 1982 2277 2039 est,
2319 1972 2421 2029 sed
2462 1971 2553 2030 die
2592 1994 2677 2031 se·

505 2075 700 2147 quenti
728 2073 819 2129 vel
847 2059 1268 2148 quamprimum
1307 2071 1631 2130 monendus
1658 2082 1764 2139 est,
1794 2073 1942 2129 sicut
1966 2082 2023 2129 et
2048 2070 2144 2127 alii
2169 2090 2272 2148 per
2296 2089 2536 2143 quorum
2565 2092 2680 2131 ma-

503 2191 611 2230 nus
639 2172 849 2229 traditae
877 2180 1008 2229 sunt
1030 2171 1247 2239 litterae‚
1275 2172 1490 2245 quique
1518 2181 1747 2248 accepta
1781 2171 2026 2246 pecunia
2050 2170 2120 2227 iis
2146 2170 2557 2247 inscripserunt
2580 2191 2683 2230 sua

505 2272 769 2336 nomina3
799 2280 862 2327 ut
876 2272 976 2347 jus
1003 2271 1078 2326 sit
1113 2290 1240 2329 eam
1277 2258 1703 2346 recuperan'di.2
1782 2268 1849 2325 Si
1888 2270 2262 2345 acceptaverit
2301 2268 2532 2335 litteras,
2576 2288 2680 2327 nec

503 2378 692 2426 tamen
720 2378 976 2444 tempore
1003 2376 1207 2427 statuto
1235 2367 1488 2435 solverit,
1512 2368 1843 2445 protestatio
1869 2367 2128 2425 facienda
2154 2376 2259 2435 est,
2288 2376 2344 2423 et
2367 2366 2680 2427 remedium

495 2468 643 2542 juris
670 2465 832 2523 datur
857 2476 1051 2523 contra
1076 2468 1286 2543 ipsum,
1315 2468 1408 2524 vel
1434 2481 1722 2524 auctorem
1748 2466 2079 2533 litterarum,
2109 2466 2199 2523 vel
2228 2465 2480 2537 aliquem
2508 2485 2583 2523 ex
2606 2466 2679 2524 iis

505 2566 606 2639 qui
631 2565 788 2641 prius
815 2584 920 2622 sua
946 2566 1357 2642 inscripserunt
1393 2566 1645 2623 nomina.
1730 2564 1969 2623 Nemini
2009 2572 2195 2622 autem
2220 2550 2355 2623 licet
2385 2582 2449 2621 se
2477 2564 2680 2623 immu-

502 2682 634 2722 nem
661 2662 897 2721 reddere
923 2662 1172 2721 celandis
1207 2665 1370 2723 bonis
1410 2666 1550 2731 suis,
1581 2664 1673 2720 vel
1711 2672 1826 2721 arte
1867 2664 2075 2735 aliqua,
2105 2681 2281 2735 quum
2309 2662 2547 2735 quisque
2573 2682 2678 2721 suo

507 2763 739 2820 nomine
768 2762 1126 2820 inscribendo
1153 2782 1216 2819 se
1243 2764 1558 2821 obnoxium
1582 2762 1797 2819 fecerit.
1882 2760 2011 2818 Nec
2039 2770 2357 2829 excusatur,
2386 2761 2520 2818 licet
2538 2762 2678 2819 nihil

509 2878 710 2935 reapse
757 2860 1044 2926 debuerit3
1091 2879 1226 2918 nam
1272 2879 1415 2918 onus
1462 2858 1723 2917 solvendi
1770 2859 1877 2916 sibi
1922 2859 2249 2934 assumpsit,
2297 2860 2533 2932 aliisque
2578 2860 2686 2917 suit

507 2958 700 3015 damni
725 2958 970 3014 occasio.

593 3058 726 3112 129.
771 3049 1149 3130 Campsores³
1176 3056 1324 3132 apud
1351 3076 1456 3114 nos
1485 3075 1717 3132 operam
1743 3056 2047 3132 plurimam
2076 3054 2413 3131 impendunt
2438 3056 2684 3114 venden-

508 3152 594 3209 dis
621 3162 678 3210 et
702 3152 959 3209 emendis
986 3153 1347 3219 actionibu8;
1376 3154 1593 3212 scilicet
1622 3154 1847 3230 juribus
1873 3164 2087 3231 partem
2129 3152 2414 3224 quandam
2441 3152 2683 3211 habendi

511 3251 568 3306 in
596 3251 811 3308 mensis
840 3252 1194 3317 nummariiS‚
1224 3252 1316 3308 vel
1341 3252 1402 3309 in
1429 3270 1536 3309 aere
1578 3252 1764 3311 alieno
1806 3250 2134 3319 Gubernii‚⁴
2160 3263 2216 3309 et
2241 3254 2300 3310 in
2328 3252 2582 3329 collegiis
2610 3254 2685 3310 ci-

581 3488 666 3553 (l)
705 3487 830 3535 Vide
852 3486 1132 3537 Blackston.
1158 3486 1351 3537 Comm.
1375 3489 1406 3537 l.
1428 3488 1478 3537 ii.
1501 3504 1552 3537 n.
1575 3490 1693 3537 469.

580 3572 665 3637 (2)
705 3580 733 3603 “
752 3570 812 3620 In
833 3573 899 3620 all
919 3588 1067 3631 cases,
1089 3572 1304 3620 whether
1326 3572 1383 3620 of
1407 3588 1472 3620 an
1494 3572 1663 3621 inland
1684 3588 1737 3621 or
1759 3573 1943 3633 foreign
1964 3572 2063 3632 bill,
2086 3572 2131 3621 if
2156 3573 2194 3621 it
2229 3574 2290 3621 be
2310 3573 2565 3637 presented
2586 3572 2683 3621 and

511 3662 794 3719 acceptance
815 3656 858 3703 is
880 3656 1082 3714 refused,
1105 3662 1296 3719 prompt
1317 3656 1476 3704 notice
1503 3656 1701 3721 (within
1735 3657 1951 3705 fourteen
1987 3658 2107 3719 days
2140 3658 2241 3706 will
2274 3663 2363 3705 not
2382 3657 2564 3715 suffice,
2598 3658 2687 3705 but

510 3740 702 3801 usually
725 3740 807 3787 the
829 3728 949 3788 next
969 3739 1063 3802 day
1086 3746 1136 3787 to
1175 3738 1259 3788 the
1298 3738 1572 3788 immediate
1611 3740 1838 3798 indorser‚
1873 3740 1969 3789 and
1992 3741 2110 3789 each
2133 3741 2347 3789 indorser
2366 3741 2409 3789 is
2432 3740 2633 3789 allowed
2656 3757 2686 3789 a

509 3820 630 3885 day)
657 3828 788 3869 must
807 3822 866 3869 be
889 3822 1032 3883 given
1053 3829 1104 3869 to
1125 3822 1210 3871 the
1231 3822 1416 3871 drawer
1436 3822 1532 3871 and
1554 3822 1811 3880 indorsers,
1833 3838 1888 3870 or
1914 3823 2031 3885 they
2055 3824 2155 3873 will
2176 3825 2237 3872 be
2258 3823 2541 3885 diseharged
2562 3824 2685 3873 from

512 3904 912 3967 responsibility.'’
983 3904 1154 3969 Chitty
1175 3907 1228 3955 in
1251 3906 1532 3955 Blackston.
1566 3906 1763 3955 Ibidem.
1788 3906 1929 3955 -Note
1950 3909 2033 3955 44.

579 3990 664 4053 (3)
705 3987 932 4047 Broleers,
959 3989 1200 4039 Bankers.

579 4073 669 4151 (4).
697 4072 772 4120 De
793 4071 952 4121 debito
973 4074 1208 4123 nationali
1228 4075 1432 4137 loquens
1454 4074 1797 4125 Blackstonius
1818 4075 1911 4124 ait:
1948 4084 1977 4107 “
1995 4076 2045 4125 A
2066 4084 2247 4139 system
2268 4077 2431 4127 which
2454 4092 2611 4127 seems
2633 4084 2683 4126 to

510 4158 633 4206 have
655 4157 752 4206 had
773 4158 835 4207 its
857 4157 1058 4219 original
1079 4159 1133 4207 in
1165 4160 1247 4207 the
1286 4166 1407 4208 state
1455 4160 1513 4208 of
1538 4160 1788 4219 Florence,
1810 4162 1874 4209 A.
1898 4160 1960 4209 D.
1989 4163 2150 4208 1344:
2186 4162 2348 4209 which
2370 4168 2687 4223 government

509 4242 628 4290 then
651 4241 788 4289 owed
810 4243 956 4290 about
979 4243 1193 4301 60,0001.
1214 4244 1441 4305 sterling:
1477 4244 1573 4292 and
1595 4246 1742 4307 being
1763 4246 1939 4294 unable
1974 4252 2024 4293 to
2057 4261 2153 4309 pay
2176 4244 2228 4305 it,
2251 4246 2433 4295 formed
2454 4246 2537 4295 the
2558 4246 2687 4309 prin·
2764 4236 2773 4243 ’

509 4323 632 4387 cipal
671 4325 774 4372 into
797 4340 860 4372 an
884 4331 1136 4385 aggregate
1158 4342 1282 4384 sum,
1305 4326 1456 4375 called
1478 4328 1868 4391 metaphorically
1892 4344 1922 4376 a
1941 4332 2119 4378 mount
2158 4344 2211 4376 or
2247 4326 2397 4388 bank,
2420 4328 2503 4377 the
2524 4329 2688 4395 shares

510 4408 728 4458 whereof
740 4424 864 4457 were
887 4408 1191 4458 trrmsferable
1213 4410 1308 4457 like
1331 4427 1418 4460 our
1440 4412 1615 4472 stocks‚
1633 4412 1753 4460 with
1775 4411 1969 4460 interest
1990 4420 2039 4461 at
2060 4412 2153 4461 five
2170 4428 2256 4475 per
2271 4419 2412 4471 cent„
2434 4413 2517 4461 the
2533 4412 2688 4476 prices
