3117 5217
867 578 982 640 DE
1024 576 1471 645 DEPOSITo,
1517 574 1961 641 MANDATQ
2002 572 2199 633 ETC.
2514 576 2627 629 155

1335 1048 1623 1107 CAPUT
1660 1047 1767 1105 IV.

1067 1254 1144 1292 DE
1189 1251 1505 1301 DEPOSITO,
1548 1248 1859 1297 MANDATO,
1888 1248 2025 1287 ETC.

535 1404 632 1459 38.
677 1399 1036 1477 Depositum
1063 1410 1152 1457 est
1175 1408 1494 1458 contractus
1522 1418 1639 1472 quo
1679 1417 1769 1457 res
1798 1396 2172 1455 custodienda
2194 1397 2429 1453 traditur
2452 1397 2630 1463 alteri,

457 1501 527 1557 ab
555 1517 738 1569 eoque
765 1500 1090 1574 suscipitur,
1121 1508 1181 1556 ut
1211 1497 1474 1555 reddatur
1501 1490 1753 1555 eadem.1
1842 1494 2228 1571 Sequestrum
2255 1504 2344 1551 est
2382 1506 2634 1551 contrac-

459 1606 548 1654 tus
575 1616 689 1669 quo
717 1616 806 1653 res
834 1596 906 1653 de
932 1616 1044 1668 qua
1069 1606 1156 1654 est
1181 1598 1565 1655 controversia
1604 1596 1762 1653 alteri
1796 1596 1958 1651 tertio
1986 1592 2357 1651 custodienda
2384 1592 2637 1659 traditur,

456 1706 518 1753 ut
542 1695 1032 1773 postea'reddatur
1058 1714 1187 1753 cum
1215 1694 1486 1752 fructibus
1515 1695 1569 1751 ei
1598 1695 1689 1751 cui
1730 1692 2154 1769 adjudicabitur.
2238 1691 2637 1765 Depositarius

466 1803 688 1851 tenetur
726 1812 850 1849 eam
896 1812 1087 1851 curam
1128 1792 1394 1851 adhibere
1421 1794 1482 1851 in
1521 1812 1582 1849 re
1622 1791 1994 1850 custodienda
2021 1808 2189 1861 quam
2231 1790 2495 1847 homines
2523 1787 2645 1844 dili-

457 1900 652 1967 gentes
679 1892 740 1949 in
767 1891 888 1947 suis
913 1894 1080 1949 rebus
1106 1891 1386 1949 similibus
1413 1890 1677 1949 adhibere
1705 1884 1945 1947 solent.2
2026 1889 2127 1945 Uti
2152 1890 2349 1959 nequit
2376 1906 2437 1944 re
2462 1885 2637 1961 depo-

458 1984 614 2055 sita‚³
631 1990 742 2047 nisi
758 1999 1127 2065 praesumatur
1143 1990 1360 2047 domini
1376 2008 1711 2047 consensus,
1758 1987 1934 2045 Hunc
1954 1986 2153 2044 adesse
2165 1988 2296 2063 jure
2318 1985 2637 2055 meritoque

456 2088 832 2163 praesumitur,
861 2088 912 2144 si
941 2107 1030 2157 res
1059 2088 1311 2161 alioquin
1339 2087 1581 2145 deterior
1618 2088 1807 2147 futura
1846 2088 1937 2144 sit.
2024 2086 2123 2143 Sic
2162 2086 2298 2143 licet
2332 2083 2636 2155 aliquando

457 2204 606 2257 equo
633 2185 766 2243 vehi
801 2186 950 2260 apud
992 2207 1054 2244 se
1097 2186 1378 2263 deposit0‚
1423 2204 1494 2243 ne
1534 2186 1741 2243 diutius
1781 2185 1839 2241 in
1880 2184 2099 2241 stabulo
2138 2183 2417 2240 manentis
2460 2180 2641 2256 pedes

465 2294 732 2341 tumeant.
776 2283 829 2342 E
859 2296 1056 2342 contra
1078 2285 1161 2341 uti
1189 2304 1304 2342 non
1331 2284 1464 2341 licet
1488 2284 1735 2360 pecunia
1761 2283 2036 2358 deposita,
2059 2282 2170 2339 nisi
2198 2290 2381 2339 certus
2410 2280 2646 2337 omnino

457 2382 532 2437 sit
556 2400 618 2437 se
645 2382 808 2439 aliam
838 2385 1139 2457 pecuniam
1168 2383 1492 2441 habiturum
1529 2382 1756 2455 quando
1799 2400 1867 2437 ea
1908 2380 2076 2437 fuerit
2116 2378 2425 2455 deponenti
2466 2396 2631 2451 opus.

460 2480 692 2556 Suscipi
718 2498 852 2537 cura
877 2480 1122 2555 depositi
1147 2490 1410 2537 censetur
1437 2481 1504 2535 ab
1532 2480 1760 2555 aurigiS‚
1790 2480 1994 2543 nautiS‚
2023 2478 2361 2545 stabulariiS‚
2392 2476 2637 2547 aliisque

462 2598 535 2635 ex
561 2579 752 2637 officio
781 2578 1042 2654 obligatis
1071 2578 1138 2634 ad
1178 2595 1270 2634 res
1311 2576 1736 2643 custodienda&
1779 2577 2002 2647 quoties
2030 2575 2171 2649 ipsis
2199 2575 2523 2642 videntibus
2550 2591 2641 2629 res

463 2678 520 2734 in
558 2677 752 2744 dom0‚
795 2695 982 2744 curru,
1029 2675 1117 2732 vel
1159 2676 1290 2733 navi
1332 2668 1687 2749 deponitur.⁴
1765 2670 2145 2729 Reddendum
2188 2683 2275 2727 est
2319 2671 2643 2746 depositum

461 2775 695 2833 domino
723 2776 937 2851 petenti
962 2794 976 2831 :
1021 2784 1326 2833 excusatur
1353 2781 1539 2829 tamen
1563 2772 1661 2844 qui
1686 2770 1921 2829 reddere
1944 2769 2132 2828 differt
2158 2769 2389 2827 domino
2417 2787 2487 2825 eo
2516 2769 2647 2825 abu-

459 2892 629 2931 suro:
658 2892 732 2928 vt.
757 2892 831 2949 g:
873 2874 1176 2947 pecuniam
1204 2874 1258 2929 ei
1283 2871 1382 2944 qui
1408 2889 1535 2929 eam
1565 2871 1755 2927 ebrius
1783 2870 2173 2945 insumptums
2203 2877 2306 2925 est.

521 2975 639 3031 ‚39.
685 2970 749 3027 Si
778 2970 1101 3044 depositum
1130 2978 1320 3043 pereat
1345 2987 1418 3025 ex
1446 2970 1617 3044 culpa
1641 2970 1753 3026 lata
1779 2977 1835 3024 et
1860 2968 1992 3026 dolo
2020 2967 2369 3043 depositarii,
2400 2984 2467 3023 ea
2494 2965 2643 3022 scili-

462 3069 542 3126 let
577 3068 835 3143 neglecta
872 3069 954 3125 rei
981 3064 1113 3124 cura
1139 3086 1310 3138 quam
1336 3065 1601 3123 homines
1642 3066 1903 3143 ejusdem
1932 3066 2279 3124 conditionis
2309 3064 2643 3141 plerumque

464 3167 905 3241 adhibent‚-ipse
941 3165 1010 3222 ad
1051 3165 1322 3223 damnum
1365 3165 1739 3240 reparandum
1782 3166 2059 3223 tenebitur
2084 3158 2130 3222 :⁵
2171 3165 2286 3222 imo
2330 3182 2404 3220 ex
2443 3162 2645 3219 leviori

463 3268 648 3342 culpa,
678 3266 729 3321 si
755 3264 1076 3322 mercedem
1115 3284 1265 3323 curae
1293 3264 1566 3339 recipiat;
1609 3284 1725 3322 non
1766 3273 1956 3321 autem
1997 3283 2070 3332 ex
2098 3264 2411 3327 levissima,
2442 3256 2541 3317 seu
2572 3279 2647 3317 ex

465 3365 778 3423 omissione
821 3364 972 3421 illius
1021 3382 1167 3421 curae
1214 3382 1388 3436 quam
1441 3363 1707 3444 hornines
1759 3363 2181 3441 diligentissimi
2227 3370 2445 3419 tantum
2491 3358 2652 3417 adhi-

468 3464 618 3521 bent.

536 3651 614 3715 (1)
651 3648 711 3695 In
735 3646 1124 3696 adnotationibus
1141 3648 1194 3696 in
1218 3647 1519 3699 Blackstonii
1541 3647 1888 3697 commentaria
1903 3646 2103 3706 legitur:
2129 3653 2157 3676 ‘⁴
2176 3641 2477 3708 Depositum
2497 3655 2549 3687 or
2571 3640 2651 3688 de-

471 3729 633 3793 posits,
649 3730 810 3777 where
833 3728 914 3776 the
949 3736 1170 3792 property
1191 3730 1346 3779 bailed
1366 3730 1408 3778 is
1430 3738 1480 3778 to
1502 3732 1560 3778 be
1582 3732 1697 3793 kept
1716 3731 1782 3792 by
1801 3729 1882 3776 the
1903 3728 2069 3784 bailee,
2092 3726 2165 3773 for
2185 3741 2251 3773 no
2270 3722 2524 3787 particular
2540 3737 2652 3785 pur·
2737 3785 2742 3790 Ι

469 3826 598 3874 pose,
609 3812 815 3860 without
834 3810 1189 3873 recompense.”
1259 3812 1390 3861 Note
1414 3814 1495 3860 23.
1517 3812 1575 3861 in
1596 3813 1628 3860 1.
1645 3812 1695 3859 ii.
1716 3827 1767 3858 n.
1788 3812 1904 3856 451.
2030 3859 2037 3866 Ι

541 3898 625 3960 (2)
665 3893 724 3941 L.
746 3893 900 3942 xxxii.
923 3892 973 3941 fl:
996 3893 1159 3961 depos.
1561 3896 1647 3958 (3)
1685 3891 1745 3952 L.
1764 3890 1834 3939 iii.
1858 3890 1981 3939 Cod.
2004 3888 2167 3955 depos.

543 3978 627 4044 (4)
667 3977 725 4025 L.
747 3977 780 4025 i.
802 3976 853 4025 ff.
886 3981 1075 4027 nauta.
1107 3977 1236 4026 Vide
1257 3982 1306 4025 et
1327 3976 1607 4025 Blackston.
1630 3976 1662 4024 1.
1683 3975 1735 4023 ii.
1758 3991 1807 4023 n.
1830 3976 1947 4022 451.
1970 3990 2084 4023 cum
2106 3972 2510 4023 adnotationibus.

549 4062 630 4126 (5)
671 4060 825 4109 Paulo
849 4062 984 4109 aliter
1005 4059 1369 4109 Blackstonius:
1407 4068 1435 4091 ‘⁸
1447 4058 1560 4107 The
1600 4060 1695 4107 law
1728 4074 1883 4107 seems
1910 4064 1962 4107 to
1994 4061 2054 4107 be
2082 4057 2258 4105 ’settled
2279 4057 2383 4105 that
2406 4074 2435 4105 a
2456 4058 2648 4117 general

473 4143 701 4193 bailment
719 4144 820 4193 will
841 4151 930 4193 not
949 4144 1124 4205 charge
1145 4144 1228 4193 the
1249 4144 1400 4211 bailee
1420 4143 1540 4191 with
1563 4159 1660 4206 any
1682 4144 1794 4203 loss,
1816 4144 1982 4191 unless
2004 4142 2043 4191 it
2064 4143 2285 4205 happens
2326 4144 2390 4204 by
2415 4158 2549 4202 gross
2570 4158 2653 4190 ne-

475 4227 614 4287 glect,
635 4228 798 4277 which
817 4229 860 4277 is
882 4244 946 4277 an
967 4228 1194 4277 evidence
1215 4228 1271 4275 of
1295 4225 1465 4276 fraud:
1499 4228 1589 4275 but
1627 4226 1671 4275 if
1695 4227 1759 4275 he
1779 4227 2069 4275 undertakes
2090 4226 2317 4291 specially
2340 4232 2390 4273 to
2425 4226 2549 4288 keep
2568 4225 2651 4274 the

477 4310 626 4371 goods
647 4311 797 4373 safely
820 4311 917 4360 and
938 4313 1168 4374 securely,
1189 4312 1254 4361 he
1273 4312 1316 4360 is
1337 4310 1502 4361 bound
1524 4317 1575 4357 to
1596 4311 1707 4358 take
1740 4310 1823 4359 the
1855 4326 1986 4358 same
2023 4325 2131 4359 care
2162 4309 2220 4357 of
2244 4308 2393 4366 them,
2416 4324 2469 4355 as
2492 4324 2521 4356 a
2540 4323 2651 4369 pru-

477 4395 594 4443 dent
613 4410 730 4443 man
750 4395 914 4445 would
941 4397 996 4445 of
1020 4397 1098 4446 his
1129 4396 1289 4447 ownss'
1359 4396 1666 4455 Blackstone,
1698 4397 1730 4445 l.
1752 4396 1801 4445 ii.
1824 4412 1873 4445 n.
1896 4398 2013 4443 452.
2047 4395 2174 4445 Vide
2208 4402 2257 4443 et
2279 4393 2531 4450 Kentium,
2554 4372 2668 4438 vol.'x

481 4477 530 4526 ii.
552 4494 602 4526 n.
626 4481 741 4526 560.
2660 4478 2665 4485 '
