3117 5217
726 583 837 642 DE
878 584 1143 642 FAMAE
1185 583 1303 642 ET
1344 583 1722 642 HONORIS
1759 584 2098 644 LAEsmN
2103 585 2182 644 E.
2457 591 2534 647 9?
2621 653 2630 660 ,

432 754 568 807 134.
612 751 853 809 Peccari
877 751 1013 810 dum
1046 752 1175 809 sine
1214 769 1387 808 causa
1418 751 1624 810 delicta
1660 751 1880 810 occulta
1909 753 2160 830 proximi
2193 753 2530 821 revelantur,

351 848 483 906 inde
510 835 687 908 etiam
729 861 902 926 patet,
930 850 1085 923 quod
1114 853 1215 928 jus
1240 850 1414 908 habet
1436 851 1680 923 quisque
1717 851 1790 908 ad
1829 849 2058 919 samam,
2085 852 2358 924 quamdin
2397 853 2540 910 nihil

348 949 537 1024 palam
563 947 707 1006 fecit
730 969 847 1022 quo
876 949 1081 1006 malam
1106 948 1178 1006 de
1205 967 1269 1006 se
1294 951 1630 1025 opinionem
1658 949 1918 1025 plurimis
1943 951 2204 1026 ingessit,
2225 951 2318 1008 vel
2341 970 2538 1024 quam·

350 1047 443 1105 diu
472 1049 613 1105 boni
640 1048 961 1106 communis
986 1067 1105 1105 non
1142 1049 1396 1115 interest,
1426 1058 1487 1106 ut
1516 1049 1742 1108 occulta
1777 1050 1904 1124 ejus
1941 1049 2144 1106 delicta
2177 1049 2530 1127 detegantur.

352 1145 659 1204 Peccando
688 1146 919 1218 quidem
945 1146 1058 1204 Dei
1096 1148 1289 1204 amisit
1312 1147 1641 1214 amicitiam,
1669 1157 1728 1204 et
1763 1165 1828 1205 se
1853 1149 2120 1224 exposuit
2143 1148 2392 1206 infamiis
2415 1149 2532 1207 dis-

355 1245 577 1302 crimini
602 1263 618 1311 ς
646 1244 753 1302 sed
792 1244 1035 1303 charitas
1073 1255 1223 1304 vetat
1257 1263 1331 1303 ne
1367 1245 1553 1321 palam
1589 1257 1907 1322 exponatur
1941 1247 2068 1322 ejus
2101 1247 2290 1324 culp,
2317 1248 2532 1322 absque

358 1345 513 1418 gravi
538 1343 681 1400 satis
708 1363 901 1402 causa.

440 1447 574 1500 135.
620 1443 917 1502 Publieam
945 1443 1017 1499 ob
1046 1443 1339 1502 utilitatem
1363 1443 1499 1500 licet
1518 1443 1770 1502 revelare
1795 1445 2018 1502 occulta
2041 1445 2282 1521 alicujus
2308 1444 2532 1514 delicta,

363 1543 459 1611 qui
481 1542 637 1600 fama
662 1542 904 1599 abutitur
929 1540 999 1600 ad
1024 1543 1167 1600 alios
1196 1540 1588 1617 decipiendos.
1673 1551 1712 1578 “
1735 1542 2014 1600 Revelare
2033 1556 2330 1620 peecatum
2351 1545 2538 1604 occul·

364 1649 475 1696 tum
500 1641 770 1717 alicujus,
800 1650 1029 1716 propter
1064 1642 1191 1717 ejus
1230 1640 1692 1700 emendationem
1731 1640 2136 1708 denuntiando,
2179 1641 2270 1699 vel
2309 1657 2538 1720 propter

361 1738 571 1796 bonum
615 1740 853 1816 justitiae
906 1739 1145 1815 publicae
1198 1739 1541 1808 accusando,
1593 1759 1712 1798 non
1763 1749 1854 1798 est
1893 1739 2250 1798 detrahere.”
2335 1741 2422 1798 Ita
2465 1744 2532 1800 S.

362 1833 676 1897 Τιιοῐιιειε,.ι
758 1840 857 1896 Sic
886 1849 1139 1915 apostata
1160 1840 1265 1910 qui
1290 1840 1539 1897 veritatis
1579 1839 1768 1897 studio
1805 1858 1910 1896 sua
1947 1840 2208 1916 praetexit
2233 1841 2390 1907 vitia,
2417 1859 2534 1898 me-

362 1947 529 2004 retur,
558 1945 623 1995 ut
646 1938 770 1995 hoec
796 1939 982 2014 palam
1008 1937 1404 2014 praedicentur.
1490 1937 1794 1996 Peculatus
1821 1940 1926 2006 rei,
1947 1939 2048 2012 qui
2073 1957 2310 1997 munera
2335 1939 2544 1997 habent

365 2036 607 2110 publica,
634 2048 789 2094 recte
828 2036 1183 2112 deteguntur,
1218 2047 1285 2094 ut
1320 2035 1582 2095 desinant
1619 2037 1828 2114 injuste
1857 2057 2065 2114 agere:
2105 2051 2372 2097 caeterum
2413 2057 2541 2111 qun

366 2153 567 2198 coram,
578 2135 841 2193 tribunali
862 2134 1223 2213 dijudicanda
1250 2148 1401 2204 sunt,
1418 2155 1535 2194 non
1560 2134 1769 2194 debent
1791 2147 2004 2194 temere
2029 2137 2088 2194 in
2111 2137 2400 2211 publicum
2425 2138 2540 2204 edi,

367 2250 437 2288 ne
461 2233 669 2309 injuria
695 2233 793 2292 fiat
836 2235 1145 2292 innocenti.
1228 2233 1449 2292 Omnes
1488 2235 1872 2310 magistratus,
1899 2253 1974 2292 ne
2013 2234 2268 2292 Praeside
2309 2235 2542 2307 quidem

368 2341 625 2407 excepta,
658 2333 827 2408 juxta
867 2331 1355 2391 constitutionem
1382 2353 1495 2405 qua
1530 2335 1804 2410 regimur,
1842 2333 2082 2410 publieae
2109 2335 2368 2410 opinioni
2405 2352 2546 2406 quo-

368 2429 669 2488 dammodo
688 2432 1019 2507 subjacent:
1050 2431 1293 2503 ideoque
1314 2449 1432 2490 non
1453 2442 1653 2507 peccat
1669 2433 1770 2504 qui
1785 2432 2112 2509 reipublicae
2131 2431 2320 2490 studio
2345 2451 2544 2492 eorum

370 2539 519 2584 aetus
546 2530 873 2606 investigat,
902 2539 960 2588 et
982 2530 1229 2597 damnat,
1252 2549 1357 2606 pro
1382 2530 1620 2588 merito:
1651 2540 1850 2605 peccat
1873 2540 2060 2588 autem
2085 2533 2172 2588 eis
2199 2531 2548 2590 detrahendo

368 2628 459 2698 qui
486 2629 711 2686 occulta
735 2638 1000 2686 anteactae
1026 2630 1155 2686 vitae
1194 2627 1399 2687 delicta
1422 2637 1638 2685 temere
1677 2629 1939 2704 exponit,
1976 2628 2068 2684 vel
2095 2630 2546 2703 propinquorum

370 2725 599 2802 flagitia,
628 2727 721 2784 vel
742 2727 851 2784 alia
876 2745 1270 2800 quaecumque,
1294 2745 1426 2800 quae
1466 2743 1586 2782 non
1624 2726 1858 2783 interest
1883 2725 2080 2800 populi
2119 2745 2292 2784 nosse
2331 2737 2394 2782 ut
2429 2745 2546 2784 sure

370 2825 625 2882 consulat
648 2826 893 2883 utilitati.
978 2826 1107 2883 Hac
1134 2827 1193 2883 in
1224 2844 1285 2883 re
1312 2824 1626 2902 optandum
1651 2835 1716 2882 ut
1739 2807 2196 2882 modus'tandem
2239 2825 2547 2897 aliquando

369 2933 608 2998 ponatur
634 2923 1015 2982 calumniandi
1042 2924 1443 2982 detrahendive
1468 2924 1714 2992 libidini,
1743 2943 1868 2996 quae
1896 2923 2162 2982 soliorum
2189 2925 2546 3000 publicorum

372 3034 626 3080 auctores
653 3023 787 3098 agit.

450 3124 587 3180 136.
632 3121 697 3178 Si
727 3122 854 3194 quis
880 3122 1093 3198 injusta
1130 3121 1321 3194 aliqua
1344 3122 1560 3180 ratione
1587 3121 1806 3178 crimen
1843 3123 2092 3198 proximi
2122 3121 2402 3190 didicerit,
2430 3142 2548 3183 non

368 3222 575 3294 poterit
611 3238 681 3278 ea
712 3221 793 3278 uti
826 3222 1025 3278 notitia
1060 3239 1193 3278 cum
1232 3221 1397 3280 famae
1436 3221 1592 3279 illius
1635 3220 1958 3297 dispendio,
1985 3222 2098 3279 nisi
2137 3223 2350 3280 malum
2393 3221 2548 3296 quod

367 3318 797 3395 impediendum
822 3330 911 3376 est
935 3321 1009 3377 sit
1034 3321 1457 3396 gravissimum,
1485 3320 1582 3377 cui
1619 3331 1818 3396 postea
1843 3339 1962 3379 non
1999 3322 2206 3397 poterit
2230 3321 2546 3380 remedium

371 3415 644 3475 adhiberi.
728 3416 1021 3490 Equidem
1048 3419 1311 3495 injuriam
1338 3430 1505 3494 auget
1528 3419 1631 3491 qui
1655 3419 1874 3478 crimen
1897 3420 2234 3496 hujusmodi
2260 3421 2546 3496 divulgat:

372 3516 473 3574 sed
498 3518 837 3574 imminente
862 3519 1206 3593 gravissimo
1224 3517 1375 3576 malo
1394 3517 1551 3590 quod
1571 3529 1818 3589 nequeat
1838 3520 2110 3595 reparari,
2139 3517 2360 3574 videtur
2377 3518 2550 3574 licere

372 3615 451 3672 uti
476 3615 677 3672 notitia
694 3615 816 3691 jam
845 3617 1136 3688 acquisita,
1160 3633 1333 3687 quum
1354 3617 1452 3692 jus
1478 3636 1596 3675 non
1623 3617 1698 3674 sit
1723 3615 1892 3675 alicui
1919 3616 1990 3673 ad
2009 3615 2218 3673 famam
2240 3633 2370 3672 cum
2399 3623 2550 3672 tanto

377 3712 609 3771 aliorum
640 3713 994 3772 detrimento.
1080 3715 1179 3772 Sic
1217 3716 1268 3772 si
1301 3715 1429 3786 quis
1470 3715 1616 3773 falsa
1652 3714 1809 3772 clave
1838 3733 2026 3770 arcam
2065 3713 2392 3768 mercatoris
2419 3733 2553 3790 ape-

374 3813 563 3880 ruerit,
610 3823 669 3870 et
712 3811 989 3890 detegerit
1024 3833 1157 3872 eum
1202 3813 1457 3872 fraudem
1502 3812 1876 3871 creditoribus
1909 3811 2094 3870 facere
2139 3810 2304 3880 velle,
2354 3816 2558 3888 poterit

380 3912 591 3984 absque
617 3911 787 3987 culpa
812 3912 1033 3984 aliquos
1072 3913 1219 3971 clam
1260 3929 1493 3969 monere
1532 3920 1599 3968 ut
1633 3911 1740 3968 sibi
1767 3911 2086 3977 consulant,
2113 3921 2170 3968 et
2205 3913 2332 3988 ejus
2359 3911 2554 3990 fugam

382 4009 705 4085 impediant.
792 4011 909 4077 Qui
952 4011 1149 4070 litteris
1188 4009 1497 4068 sacerdotis
1544 4020 1756 4068 temere
1799 4013 2027 4087 apertis,
2064 4012 2226 4068 novit
2261 4031 2390 4070 eum
2431 4031 2554 4088 pra·

386 4125 503 4166 vam
526 4109 717 4166 fovere
744 4110 1069 4176 amicitiam,
1089 4111 1301 4186 poterit
1324 4109 1662 4185 episcopum
1683 4128 1935 4179 monere,
1956 4129 2028 4168 ne
2053 4129 2184 4168 cum
2213 4112 2554 4186 gravissimo

390 4207 691 4266 animarum
720 4206 929 4266 damno
956 4227 1115 4266 sacra
1140 4209 1337 4267 munia
1362 4227 1631 4268 exercere
1658 4218 1871 4284 pergat.

914 4409 999 4476 (1)
1034 4413 1082 4459 2,
1106 4414 1153 4459 2.
1176 4426 1259 4475 qu.
1282 4409 1437 4459 lxxiii.
1460 4417 1544 4459 art.
1567 4411 1618 4459 ii.
1686 4412 1771 4461 Ad
1783 4415 2033 4479 primum.

531 4487 685 4546 Vor..
714 4486 961 4545 11.—1o
