3117 5217
581 539 702 596 386
1279 531 1392 594 DE
1435 531 2056 592 SUSPENSIONE.

583 701 774 762 statuit
797 701 1106 760 concilium
1134 699 1573 759 Tridentinum:
1602 719 1729 772 quae
1756 701 1853 759 lex
1876 699 2029 777 apud
2052 719 2163 760 nos
2186 718 2303 758 non
2324 701 2563 768 obtinet,
2592 717 2759 772 quum

581 799 868 880 parochiae
887 801 1056 860 nulle
1075 800 1256 858 stricti
1273 801 1527 860 nominis
1553 809 1931 876 agnoscantur
1951 820 1968 857 ε
1996 799 2101 857 sed
2126 799 2467 858 attendenda
2486 809 2577 856 est
2602 799 2763 857 nihil-

580 901 830 968 ominus,
857 909 916 958 et
937 901 1008 958 ab
1035 901 1310 977 episcopo
1337 901 1398 958 in
1423 917 1527 958 sua
1551 897 1781 976 synodo
1808 898 2133 958 dicecesana
2149 901 2283 977 jure
2310 901 2534 975 optimo
2564 899 2767 976 poterit

583 997 856 1078 applicari
905 998 1292 1057 sacerdotibus
1335 1015 1587 1076 sponsos
1636 1017 1711 1056 ex
1752 998 1939 1056 alieno
1988 998 2247 1057 districtu
2298 997 2764 1074 suscipientibus,

583 1096 1024 1174 Suspenduntur
1048 1099 1258 1174 pariter
1283 1099 1410 1174 ipso
1431 1101 1565 1176 jure
1584 1107 1929 1174 occupantes
1954 1099 2125 1166 bona,
2146 1098 2235 1155 vel
2256 1115 2467 1155 census
2488 1097 2767 1162 ecclesiae,

581 1196 866 1264 beneficii,
893 1196 986 1254 vel
1005 1197 1236 1254 alterius
1255 1198 1370 1256 loci
1385 1198 1465 1274 pii
1487 1215 1504 1264 3
1533 1197 1865 1264 simoniaci3
1894 1196 2215 1256 sodomiam
2242 1205 2618 1263 exercentes3
2648 1215 2770 1272 pro-

583 1305 850 1354 vocantes
891 1295 964 1354 ad
1003 1295 1276 1365 duellum,
1304 1298 1396 1355 vel
1437 1305 1829 1372 acceptantes;
1872 1305 2137 1372 apostatae
2176 1317 2209 1353 a
2233 1296 2509 1373 religioso
2550 1295 2768 1360 ordine,

583 1397 900 1472 presertim
927 1396 1026 1468 qui
1054 1396 1112 1454 in
1139 1397 1426 1472 apostasia
1449 1395 1684 1454 ordines
1712 1413 1901 1452 sacros
1928 1396 2229 1472 recipiunt.

663 1498 762 1554 87.
803 1493 1108 1571 Depositio
1133 1506 1224 1554 est
1247 1513 1416 1571 poena
1441 1513 1542 1571 per
1569 1513 1741 1568 quam
1770 1494 2009 1552 clericus
2037 1495 2289 1570 privatur
2312 1494 2473 1552 omni
2500 1493 2701 1552 officio
2720 1502 2775 1548 et

582 1593 864 1652 beneficio
889 1594 1276 1653 eeclesiastico
1302 1595 1362 1652 in
1388 1605 1747 1671 perpetuum,
1774 1595 1901 1651 sine
1928 1612 2031 1670 spe
2058 1593 2561 1670 eareouperandi:
2596 1603 2775 1650 reten-

581 1703 644 1752 to
669 1703 858 1751 tamen
891 1693 1194 1772 privilegio
1231 1695 1465 1752 canonis
1505 1705 1564 1751 et
1600 1694 1729 1752 fori.
1812 1693 2159 1770 Degradatio
2196 1694 2405 1769 spoliat
2439 1711 2577 1749 eum
2616 1693 2768 1749 omni

583 1793 906 1870 privilegio,
933 1811 1182 1866 eumque
1209 1793 1474 1864 relinquit
1498 1792 1765 1870 potestati
1802 1792 1961 1850 civili
2002 1791 2351 1869 puniendum
2392 1793 2574 1850 instar
2601 1791 2768 1848 laico-

581 1907 801 1950 corum.
887 1900 927 1928 ⁴⁶
951 1891 1016 1949 Si
1043 1892 1284 1969 clericus
1311 1893 1370 1950 in
1397 1907 1761 1964 quocumque
1786 1891 1985 1950 ordine
2010 1893 2367 1958 constitutus,
2398 1893 2459 1948 in
2487 1891 2661 1958 furto,
2684 1889 2769 1946 vel

581 1988 916 2058 homicidio,
933 1991 1026 2046 vel
1052 1990 1326 2066 perjurio,
1355 2007 1456 2046 seu
1486 1989 1599 2047 alio
1622 1990 1865 2047 crimine
1886 1991 2053 2048 fuerit
2076 1991 2471 2068 deprehensus
2496 1990 2768 2066 legitime,

579 2097 748 2160 atque
775 2087 1092 2156 convictus,
1119 2090 1188 2146 ab
1215 2086 1605 2146 ecclesiastico
1624 2088 1823 2165 judice
1850 2089 2221 2166 deponendus
2251 2098 2356 2146 est.
2443 2091 2565 2156 Qui
2600 2091 2651 2145 si
2678 2087 2769 2144 de-

581 2188 804 2264 ponitus
831 2188 1226 2265 incorrigibilis
1245 2187 1432 2258 suerit,
1455 2188 2158 2248 excommunicaridebet:
2190 2188 2397 2246 deinde
2412 2188 2773 2246 contumacia

583 2299 898 2354 crescente,
919 2287 1292 2346 anathematis
1311 2277 1586 2345 mucrone
1603 2288 1755 2346 feriri
1774 2307 1790 2355 3
1820 2289 2182 2363 postmodum
2208 2287 2359 2356 vero,
2384 2288 2433 2344 si
2457 2289 2520 2344 in
2542 2287 2770 2364 profun-

581 2383 722 2444 dum
749 2386 1028 2444 malorum
1057 2387 1314 2454 veniens,
1343 2388 1769 2462 contempserit,
1800 2405 1929 2454 cum
1958 2387 2224 2446 Ecclesia
2248 2405 2364 2444 non
2392 2386 2605 2444 habeat
2618 2358 2769 2443 :iltra

583 2483 722 2557 quid
749 2484 936 2552 faciat,
963 2503 1038 2544 ne
1064 2487 1250 2562 possit
1273 2503 1402 2543 esse
1429 2485 1675 2562 perditio
1713 2485 2086 2562 plurimorum
2115 2506 2217 2564 per
2254 2486 2593 2544 saecularem
2618 2505 2769 2543 com·

585 2583 921 2662 primendus
947 2595 1034 2642 est
1057 2595 1392 2661 potestatem
1415 2605 1430 2653 ς
1461 2587 1536 2643 ita
1564 2585 1717 2658 quod
1742 2586 1797 2643 ei
1825 2581 2125 2661 deputetur
2150 2587 2389 2644 exilium
2424 2586 2521 2642 vel
2560 2586 2673 2643 alia
2698 2585 2770 2642 le-

586 2684 786 2761 gitima
834 2703 1002 2759 poena
1051 2677 1418 2742 inferatur.”¹
1499 2684 1595 2742 Fit
1642 2684 1971 2761 degradatio
2020 2686 2130 2743 ritu
2182 2685 2449 2750 solemni,
2506 2684 2769 2742 detractis

583 2773 838 2841 vestibus
863 2783 1060 2851 sacris,
1081 2792 1141 2840 et
1165 2785 1362 2851 abrasa
1385 2783 1657 2842 unctione
1682 2785 1943 2842 manibus
1970 2785 2299 2842 sacerdotis.
2386 2783 2565 2842 Omni
2589 2793 2771 2859 potes-

589 2883 716 2940 tatis
743 2883 1022 2940 exereitio
1063 2883 1292 2959 penitus
1335 2883 1629 2958 spoliatur,
1678 2883 1775 2955 qui
1822 2883 2142 2941 alterutram
2167 2868 2413 2960 'poenam
2458 2883 2634 2949 subit,
2676 2883 2769 2954 qui

583 2991 774 3043 tamen
813 2979 998 3039 adhuc
1037 2993 1260 3040 tenetur
1295 2981 1551 3040 officium
1596 2982 1853 3040 divinum
1899 2984 2155 3040 recitare.
2240 2983 2305 3040 Si
2336 3001 2509 3054 quem
2550 2976 2767 3040 ordinis

585 3089 772 3138 actum
795 3091 1078 3148 exerceat,
1105 3083 1274 3148 valet,
1301 3082 1409 3139 etsi
1437 3082 1667 3140 illicitus
1696 3084 1801 3140 sit:
1844 3101 1959 3140 non
1988 3083 2063 3139 ita
2090 3083 2139 3139 si
2167 3081 2628 3158 jurisdictionem
2654 3082 2770 3138 exi-

582 3187 695 3256 gat.
785 3188 823 3214 ‘⁶
845 3177 998 3236 Cum
1025 3178 1326 3254 degradato
1353 3181 1512 3238 solus
1538 3181 1697 3255 Papa
1724 3181 2055 3257 disspenare
2094 3190 2315 3256 potest:
2360 3181 2465 3240 sed
2506 3199 2639 3239 cum
2676 3179 2767 3238 de·

581 3275 778 3353 posito
799 3274 970 3330 etiam
995 3276 1323 3350 episcopua,
1352 3277 1403 3332 si
1429 3278 1648 3334 crimen
1675 3279 1749 3335 sit
1778 3283 1971 3338 minus
1998 3274 2372 3338 adulterio.”²
2398 3351 2405 3356 ‚

659 3377 760 3432 88.
807 3369 984 3432 Juvat
1021 3373 1294 3447 quasdam
1335 3383 1629 3458 recensere
1658 3395 2023 3454 poenas·quas
2064 3381 2399 3438 criminibus
2426 3379 2765 3437 clericorum

581 3475 727 3537 sacri
743 3483 1056 3536 statuerunt
1073 3491 1340 3532 canones.
1371 3474 1722 3536 Fornicatio
1741 3478 2077 3538 clericorum
2092 3480 2229 3538 olim
2244 3477 2767 3556 irregularitatem

581 3575 920 3636 inducebat:
965 3593 1118 3632 nunc
1154 3573 1366 3651 judicis
1408 3575 1637 3634 arbitrio
1690 3577 2045 3649 relinquitur.
2134 3575 2613 3645 Concubinatus,
2662 3577 2766 3634 fre-

528 3729 542 3742 ,
583 3694 768 3750 quens
819 3675 1040 3732 scilicet
1083 3674 1435 3733 consuetudo
1479 3677 1667 3732 earnis
1708 3695 1838 3734 cum
1884 3677 2119 3734 muliere
2166 3677 2321 3736 domi
2376 3687 2617 3744 retenta,
2666 3695 2764 3734 seu

581 3785 763 3843 extra,
808 3773 1136 3850 puniendus
1173 3772 1496 3832 decernitur
1537 3777 1715 3832 tertiae
1757 3777 1931 3851 partis
1972 3777 2233 3834 beneficii
2272 3777 2562 3836 fructuum
2600 3777 2763 3834 amis·

581 3875 764 3940 sione,
793 3874 845 3930 si
869 3871 1268 3932 beneficiarius
1293 3875 1476 3932 semel
1503 3875 1753 3932 monitus
1780 3893 1895 3934 non
1924 3893 1989 3932 se
2028 3876 2449 3950 emendaverit3
2479 3875 2763 3935 fruetuum

581 3973 840 4030 omnium
869 3975 1199 4042 amissione,
1227 3983 1285 4030 et
1314 3975 1695 4050 suspensione
1722 3976 1792 4032 ab
1818 3990 2016 4032 comm
2044 3975 2552 4042 administratione,
2582 3977 2633 4032 si
2668 3977 2763 4033 ite-

579 4071 705 4128 r'um
748 4071 996 4128 monitus
1039 4091 1152 4131 non
1195 4073 1568 4151 obtemperet,
1612 4082 1727 4130 “et
1766 4074 1817 4130 si
1858 4073 1935 4131 ita
1972 4076 2239 4148 suspensi
2263 4075 2641 4138 nihilominus
2670 4093 2762 4132 eas

579 4189 696 4230 non
725 4167 1032 4243 expellant,
1062 4181 1156 4228 aut
1181 4187 1313 4230 cum
1341 4172 1410 4230 iis
1437 4175 1606 4230 etiam
1634 4183 1948 4243 versentur,
1978 4181 2109 4230 tunc
2136 4174 2433 4232 beneficiis
2466 4215 2481 4232 .
2514 4214 2529 4231 .
2562 4192 2763 4250 perpe-

578 4269 672 4329 tuo
703 4268 1012 4347 priventui,
1043 4281 1212 4340 atque
1239 4270 1539 4339 inhabiles,
1572 4291 1635 4330 ac
1676 4273 1895 4350 indigni
1934 4272 2391 4346 quibuscumque
2426 4273 2757 4340 honoribus,

659 4459 743 4524 (1)
784 4453 908 4518 cap.
931 4453 1064 4504 eum
1084 4469 1186 4502 non
1207 4455 1268 4533 ⁸¹³.
1289 4453 1502 4516 homine,
1523 4453 1757 4525 aquata.
1972 4427 2057 4526 (25
2096 4459 2149 4508 s.
2172 4459 2323 4524 Alph.
2344 4460 2378 4508 1.
2400 4459 2484 4508 vii.
2505 4476 2555 4509 n.
2580 4462 2695 4508 327.
