3117 5217
615 586 694 639 34
957 580 1071 641 DE
1115 578 1228 640 IIS
1269 576 1470 646 QUAE
1512 575 1887 637 DOM1N10
1928 574 2448 639 SUBJAOENT.

605 750 784 811 libros
809 746 1038 815 edendi,
1067 746 1176 805 sibi
1201 748 1480 824 imputare
1507 745 1695 814 debet,
1736 747 1787 805 si
1826 746 1923 807 alii
1960 746 2052 804 sui
2092 746 2307 823 ingenii
2330 744 2563 805 foetibus
2592 741 2792 821 gaude-

611 860 725 909 ant.
810 848 968 923 Lege
995 847 1358 913 Americana,
1401 866 1434 903 a
1459 864 1731 921 supremo
1772 855 1919 903 coetu
1958 845 2091 915 lata,
2130 854 2379 914 cavetur,
2405 854 2470 903 ut
2512 844 2621 919 qui
2646 842 2731 901 rei
2766 862 2794 899 a

609 967 673 1007 se
715 948 962 1005 inventae
991 948 1092 1023 jus
1132 946 1269 1003 velit
1310 946 1418 1003 sibi
1445 946 1745 1021 proprium
1786 943 2093 1013 vindio‘are,
2134 944 2429 1020 exemplar
2464 945 2525 1003 ‘m
2568 942 2797 1003 officina

609 1046 842 1124 publica
881 1043 1452 1123 Washingtonopoli,
1499 1044 1637 1104 urbe
1676 1044 2010 1103 foederatum
2050 1045 2474 1120 provinciarum
2511 1042 2796 1121 principe,

615 1145 752 1205 sede
787 1144 1006 1221 quippe
1033 1145 1315 1221 gubernii,
1343 1143 1613 1221 deponat,
1654 1153 1711 1201 et
1748 1144 1959 1203 litteras
2000 1142 2133 1205 inde
2176 1150 2459 1221 patentes,
2498 1145 2583 1201 uti
2626 1143 2798 1207 aiunt,

615 1244 872 1321 accipiat.
959 1243 1074 1309 Qui
1114 1242 1248 1301 vero
1293 1243 1471 1301 libros
1511 1262 1650 1301 suos
1692 1243 1901 1302 edendi
1924 1244 2063 1301 velit
2098 1245 2197 1321 jus
2226 1243 2455 1311 habere,
2498 1241 2673 1301 debet
2708 1260 2800 1299 ex-

611 1342 830 1419 emplar
856 1343 916 1399 in
943 1342 1171 1404 officina
1200 1341 1428 1419 publica
1452 1342 1510 1399 in
1538 1343 1678 1404 urbe
1706 1343 1765 1401 in
1792 1362 1905 1415 qua
1932 1342 2177 1403 eduntur
2202 1341 2490 1419 deponere
2516 1344 2667 1401 intra
2690 1352 2797 1397 tres

613 1460 866 1509 menneo,
895 1451 952 1499 et
975 1442 1132 1501 libris
1161 1453 1302 1519 typo
1329 1440 1611 1499 mandatis
1650 1440 1706 1499 id
1748 1438 2093 1501 enuntiare}
2174 1442 2241 1499 Si
2278 1443 2406 1515 quie
2432 1438 2797 1518 privilegium

613 1541 950 1619 huiusmodi
979 1542 1174 1610 violet,
1203 1542 1352 1602 actio
1393 1540 1556 1599 datur
1578 1541 1787 1599 civilis·
1872 1540 2041 1607 Quod
2080 1542 2131 1599 si
2168 1541 2240 1599 lis
2281 1558 2397 1599 non
2420 1541 2540 1609 fiat,
2566 1560 2643 1601 ex
2669 1558 2799 1599 eon-

615 1643 872 1699 scientiae
925 1638 1228 1699 dictamine
1281 1650 1504 1699 tenetur
1554 1642 1685 1713 quis
1736 1640 1809 1699 ad
1867 1640 2245 1717 reparandum
2296 1639 2588 1708 damnum,
2632 1641 2801 1717 juxta

617 1758 846 1814 aequum
863 1740 1150 1817 judicum.
1235 1739 1400 1799 Idem
1427 1738 1651 1797 videtur
1676 1738 1981 1798 dicendum
2010 1741 2233 1813 quoties
2262 1741 2396 1811 quis
2416 1740 2535 1799 levi
2560 1737 2798 1813 quadam

619 1842 930 1900 mutatione
955 1839 1236 1898 machinae
1263 1857 1451 1905 novae,
1481 1838 1573 1895 vel
1598 1839 1743 1908 libri,
1782 1840 1931 1917 legis
1954 1850 2015 1899 et
2050 1839 2336 1917 privilegii
2362 1840 2481 1897 vim
2523 1840 2655 1897 facit
2680 1838 2798 1896 irri-

621 1948 755 1997 tam.
842 1938 958 2005 Qui
983 1938 1160 1997 libros
1185 1939 1323 1997 alias
1357 1939 1476 2015 jam
1505 1936 1691 1997 editos
1717 1938 1777 1997 in
1804 1939 1911 1997 hac
1939 1940 2171 2015 regione
2194 1939 2397 2000 iterum
2424 1938 2561 2007 edit,
2586 1938 2798 1997 nullam

621 2037 838 2095 auctori
861 2036 996 2096 facit
1019 2038 1309 2114 injuriam,
1339 2056 1518 2110 quum
1537 2038 1662 2115 jam
1681 2038 2021 2115 sintpubliei
2038 2039 2209 2115 juris.
2253 2036 2539 2104 Quamdiu
2562 2038 2653 2095 lex
2682 2053 2797 2095 non

621 2136 804 2195 sancit
829 2138 1073 2195 auctoris
1101 2138 1524 2214 proprietatem,
1568 2138 1769 2209 nequit
1796 2138 1959 2211 queri
1998 2136 2068 2195 de
2108 2137 2299 2211 aliquo
2324 2138 2647 2213 bibliopola,
2673 2136 2793 2207 qui,

621 2253 728 2295 suo
754 2246 920 2293 utens
938 2238 1092 2314 jure,
1131 2238 1337 2296 librum
1379 2239 1581 2295 iterum
1624 2236 1759 2294 edit.
1844 2235 2132 2295 Coeterum
2170 2236 2491 2295 cavendum
2530 2254 2599 2295 ne
2634 2234 2811 2324 deti-13

621 2343 884 2393 mentum
911 2336 1122 2395 auctori
1150 2336 1282 2395 inde
1309 2336 1557 2402 eveniat,
1582 2334 1674 2392 vel
1698 2335 1841 2393 lucri
1867 2335 2015 2409 aequi
2032 2336 2271 2414 jactura.

1204 2512 1288 2578 (1)
1329 2511 1454 2561 Vide
1472 2512 1571 2562 Act
1590 2512 1648 2561 of
1663 2511 1911 2575 congress
1929 2528 2059 2564 anno
2086 2516 2230 2562 1831.
