3117 5217
1319 570 1434 627 DE
1477 567 1733 629 VOTO.
2491 574 2605 628 231

427 738 622 797 sertim
659 724 803 814 post'
827 757 1014 799 rerum
1053 739 1116 798 in
1165 736 1374 795 Galliis
1417 738 1917 815 perturbationem,
1959 746 2219 794 votorum
2266 738 2612 795 solemnium

427 834 740 913 obligatio-¹
799 838 1082 915 Episcopi
1109 836 1594 913 dispensationem
1630 838 1753 907 suis
1794 835 2032 893 subditis
2062 835 2373 893 concedere
2403 838 2610 903 valent,

427 938 586 1013 gravi
610 938 876 1012 exigente
905 956 1097 1005 causa,
1127 937 1318 1011 quoad
1359 939 1551 995 omnia
1592 946 1742 1003 vota,
1785 944 1987 1010 praeter
2015 934 2266 1007 quinque
2309 936 2484 1011 Papae
2527 954 2614 992 re-

428 1044 667 1103 servata,
697 1054 906 1111 nempe
934 1037 1202 1093 castitatis
1243 1044 1547 1112 perpetuae,
1592 1034 1904 1111 religionis,
1947 1024 2419 1110 peregrinationis
2448 1034 2518 1091 ad
2545 1033 2610 1091 li-

425 1135 579 1192 mina
597 1136 1024 1210 Apostolorum,
1049 1135 1118 1193 ad
1139 1136 1204 1191 S.
1227 1135 1263 1191 J
1270 1137 1533 1201 acobum,
1559 1133 2035 1207 compostellam,
2054 1145 2111 1189 et
2130 1134 2199 1191 ad
2222 1144 2423 1191 terram
2446 1152 2609 1190 sanc·-

427 1242 562 1290 tam.
648 1233 938 1291 Caeterum
989 1234 1276 1309 episcopis
1329 1235 1387 1290 in
1433 1233 1717 1289 foederatis
1764 1231 1854 1287 his
1902 1232 2153 1289 Statibus
2200 1233 2347 1289 solet
2391 1232 2609 1305 indulto

427 1332 723 1408 pontificio
751 1331 1009 1399 concedi,
1037 1333 1178 1389 utin
1209 1340 1340 1390 voto
1379 1332 1739 1389 continentiae
1782 1340 2067 1406 perpetuae
2096 1342 2152 1387 et
2175 1331 2467 1408 religionis
2497 1331 2611 1388 dis-

424 1439 690 1507 pensent.
777 1432 1092 1502 Nequeunt
1129 1442 1314 1489 autem
1359 1430 1573 1489 Vicarii
1618 1430 1932 1487 Generales
1970 1430 2027 1487 in
2072 1430 2215 1487 votis
2256 1430 2609 1507 dispensare,

425 1532 541 1588 nisi
567 1528 800 1587 facultas
842 1530 926 1586 eis
967 1531 1206 1606 speciali
1248 1531 1514 1602 mandato
1557 1530 1631 1586 sit
1671 1547 1981 1586 concessa:
2027 1547 2152 1600 quae
2181 1528 2409 1599 quidem
2460 1529 2608 1606 apud

424 1648 532 1687 nos
585 1629 884 1686 consuevit
934 1630 1211 1706 impertiri
1255 1630 1542 1706 plerisque
1595 1628 2003 1685 Missionariis.
2088 1625 2242 1683 Cum
2295 1629 2611 1703 peregrinis

423 1730 730 1806 episcopos
775 1747 892 1786 non
927 1746 1100 1804 posse
1143 1726 1471 1803 dispensare
1514 1729 1577 1785 in
1618 1722 1785 1795 votiS,
1815 1726 2163 1803 probabilius
2194 1736 2393 1783 censet
2420 1727 2482 1783 S.
2513 1728 2612 1783 Al-

426 1830 684 1903 phonsus
712 1827 781 1885 de
811 1827 1067 1904 Ligori0,
1091 1828 1203 1885 nisi
1232 1830 1482 1886 animum
1511 1827 1759 1883 habeant
1786 1824 2045 1885 morandi
2074 1827 2134 1883 in
2154 1825 2392 1882 dioecesi
2412 1826 2613 1883 saltem

433 1947 534 2004 per
558 1928 834 2003 majorem
865 1928 996 1985 anni
1025 1918 1297 2003 partem.²

507 2030 604 2083 34.
647 2021 1138 2098 Quandocumque
1165 2028 1296 2099 quis
1339 2028 1497 2083 vovit
1538 2044 1601 2081 se
1643 2026 2031 2100 ingressurum
2075 2018 2438 2099 religionem,
2468 2023 2610 2081 obli·

425 2126 667 2204 gationis
695 2126 780 2181 vis
808 2144 881 2182 ex
909 2126 1102 2182 animo
1129 2126 1386 2183 voventis
1415 2124 1659 2200 petenda
1678 2132 1782 2179 est.
1870 2132 1909 2158 “
1928 2124 1995 2179 Si
2022 2140 2158 2197 ergo
2189 2142 2402 2181 vovens
2432 2125 2613 2180 inten-

427 2222 510 2280 dit
534 2243 594 2281 se
623 2222 870 2299 obligare
897 2242 1013 2282 non
1040 2223 1226 2281 solum
1253 2223 1322 2280 ad
1362 2224 1683 2299 ingressum
1713 2222 2025 2297 religioniS,
2064 2222 2166 2277 sed
2194 2223 2363 2281 etiam
2394 2220 2463 2277 ad
2489 2240 2614 2295 per-

427 2320 596 2398 petuo
623 2322 1054 2390 remanendum,
1083 2330 1304 2379 tenetur
1341 2331 1617 2398 perpetuo
1658 2338 1967 2377 remanere.
2052 2320 2119 2376 Si
2158 2329 2348 2378 autem
2376 2316 2614 2377 intendit

427 2438 490 2475 se
519 2419 772 2494 obligare
801 2419 870 2475 ad
898 2422 1218 2497 ingressum
1248 2420 1538 2495 religionis
1569 2438 1741 2477 causa
1781 2418 2137 2494 experiendi,
2181 2439 2313 2477 cum
2353 2419 2611 2477 libertate

424 2517 779 2584 remanendi,
812 2516 902 2574 vel
928 2536 1043 2575 non
1068 2518 1422 2583 remanendi,
1452 2517 1825 2574 nsanifestum
1854 2527 1959 2584 est,
1989 2519 2145 2588 quod
2173 2536 2465 2576 remanere
2493 2536 2611 2574 non

423 2626 662 2673 tenetur.
748 2615 815 2673 Si
841 2615 976 2683 vero,
1002 2617 1062 2673 in
1089 2614 1371 2683 vovendO,
1414 2615 1756 2691 simpliciter
1796 2613 1865 2670 de
1906 2616 2169 2689 ingressu
2197 2616 2489 2691 religionis
2518 2634 2613 2672 co-

427 2714 643 2791 gitavit,
674 2716 884 2786 absque
911 2714 1022 2771 hoc
1049 2714 1202 2786 quod
1228 2715 1498 2790 cogitaret
1519 2714 1589 2773 de
1610 2712 1861 2770 libertate
1884 2714 2090 2779 exitus,
2118 2712 2210 2769 vel
2238 2712 2307 2770 de
2329 2714 2614 2789 perpetui-

426 2822 533 2870 tate
561 2812 891 2873 remanendi
917 2833 932 2870 :
975 2812 1196 2871 videtur
1225 2814 1464 2889 obligari
1506 2812 1576 2871 ad
1604 2813 1921 2888 ingressum
1949 2811 2262 2887 religioniS,
2293 2810 2613 2869 secundum

427 2912 667 2969 sormam
688 2913 834 2988 juris
863 2913 1183 2969 communis
1207 2932 1221 2967 :
1268 2926 1393 2984 quae
1419 2921 1510 2968 est
1531 2921 1597 2969 ut
1622 2909 2065 2987 ingredientibus
2089 2909 2253 2968 detur
2278 2929 2457 2968 annus
2486 2928 2613 2987 pro-

425 3010 667 3067 bationis
692 3030 706 3066 :
749 3009 898 3067 unde
926 3027 1044 3067 non
1070 3017 1289 3068 tenetur
1313 3009 1590 3087 perpetuo
1617 3010 1679 3067 in
1703 3009 1977 3085 religione
2005 3000 2438 3086 permanere.”³

492 3178 576 3242 (1)
616 3176 741 3226 Vide
763 3176 946 3240 Mayol.
968 3176 1108 3244 Eap.
1131 3175 1233 3226 Sec.
1262 3192 1393 3243 prae.
1429 3182 1518 3239 art.
1555 3176 1620 3225 iv.
1644 3179 1690 3235 ς.
1714 3175 1746 3224 i.
1768 3172 1869 3225 not.
1903 3176 1957 3227 in
1988 3193 2143 3229 cursu
2174 3174 2411 3244 completa
2438 3172 2599 3226 Theol-

427 3262 521 3311 vol.
548 3262 646 3310 xiv.

496 3349 581 3412 (2)
620 3346 679 3395 L.
701 3346 768 3395 iii.
789 3346 963 3395 Theol.
988 3346 1113 3395 Mor.
1137 3363 1187 3394 n.
1206 3348 1323 3393 262.
1384 3351 1387 3355 ’

501 3431 582 3498 (3)
623 3431 675 3480 S.
697 3430 876 3480 Thom.
900 3433 947 3477 2.
971 3434 1018 3477 2.
1041 3446 1124 3494 qu.
1147 3430 1364 3479 clxxxix.
1388 3435 1475 3477 art.
1498 3428 1560 3477 iv.
1632 3429 1781 3496 Resp.
