3117 5217
991 547 1103 606 DE
1147 547 1857 607 SUPERSTITIONE.
2394 555 2516 609 235
2615 563 2626 574 ·

341 710 464 771 dum
513 711 670 785 quod
711 712 936 769 somnia
971 712 1288 789 procedunt
1326 733 1400 771 ex
1438 716 1785 774 revelatione
1830 713 2042 783 divina,
2090 714 2183 772 vel
2224 732 2299 772 ex
2344 736 2517 775 causa

341 813 568 871 naturali
595 812 924 879 intrinseca,
965 813 1089 871 sive
1133 814 1470 881 extrinseca,
1515 822 1785 887 quantum
1834 822 2021 887 potest
2062 831 2127 871 se
2168 814 2348 871 virtus
2390 817 2517 874 talis

343 927 512 967 causae
553 909 886 977 extendere,
927 929 1044 969 non
1091 912 1198 969 erit
1239 912 1432 970 illicita
1475 911 1765 969 divinatio.
1850 912 1917 969 Si
1960 922 2147 970 autem
2187 912 2519 989 hujusmodi

344 1006 602 1067 divinatio
629 1017 896 1065 causetur
919 1028 996 1066 ex
1037 1010 1382 1069 revelatione
1428 1010 1775 1077 daemonum,
1818 1028 1949 1067 cum
1990 1012 2195 1083 quibus
2229 1022 2393 1086 pacta
2418 1014 2521 1071 ha-

343 1106 528 1165 bentur
555 1126 856 1183 expressa,
887 1110 1021 1180 quia
1047 1108 1116 1165 ad
1143 1108 1255 1166 hoc
1281 1110 1649 1176 invocantur3
1692 1108 1785 1167 vel
1812 1110 1995 1175 tacita,
2024 1111 2158 1182 quia
2183 1110 2517 1187 hujusmodi

345 1204 610 1265 divinatio
637 1204 963 1264 extenditur
989 1208 1059 1264 ad
1101 1207 1254 1279 quod
1281 1226 1344 1265 se
1389 1227 1504 1267 non
1545 1218 1737 1284 potest
1761 1208 2088 1277 extendere,
2118 1210 2225 1267 erit
2246 1209 2521 1271 divinatio

346 1303 525 1364 illicita
549 1313 608 1361 et
633 1300 1128 1381 superstitiosa.”¹

415 1408 508 1461 40.
551 1403 688 1461 Jam
729 1402 886 1472 vero,
927 1414 1104 1476 quum
1157 1403 1280 1462 raro
1326 1406 1416 1463 vel
1459 1422 1771 1477 numquam
1812 1415 1975 1481 pacta
2014 1405 2347 1482 hujusmodi
2386 1427 2519 1467 cum

350 1500 592 1560 daemone
623 1501 886 1559 consulto
911 1504 1184 1570 ineantur,
1213 1512 1476 1579 putamus
1504 1503 1807 1578 plerosque
1829 1504 2126 1562 venialiter
2146 1512 2361 1563 tantum
2390 1525 2523 1583 pec.-

349 1619 484 1667 care,
500 1602 860 1677 conjecturas
889 1620 961 1658 ex
989 1602 1229 1660 somniis
1245 1603 1566 1679 capiendo;
1596 1600 1857 1673 quamvis
1878 1603 2031 1659 enim
2048 1612 2287 1659 eventus
2302 1604 2545 1663 soleant·

351 1698 616 1763 divinare,
645 1700 746 1771 qui
773 1698 988 1757 nullum
1015 1720 1146 1757 cum
1171 1702 1415 1758 somniis
1437 1700 1651 1757 habent
1676 1718 1910 1769 nexum,
1936 1700 2005 1757 ad
2025 1698 2527 1771 daemonestamen

353 1797 403 1854 id
425 1799 747 1856 nullatenus
775 1797 1042 1866 referunt,
1073 1798 1176 1855 sed
1201 1818 1346 1857 vana
1371 1800 1655 1857 ducuntur
1678 1799 1969 1875 opimone,
1993 1800 2133 1871 quin
2159 1817 2389 1859 causam
2418 1802 2529 1859 sibi

355 1898 436 1955 vel
460 1897 582 1955 aliis
635 1897 872 1973 fingant.
958 1897 1143 1955 Stulta
1185 1898 1358 1974 igitur
1399 1910 1488 1956 est
1529 1899 1631 1957 illa
1671 1900 1986 1974 persuasio,
2016 1916 2141 1971 quae
2180 1916 2255 1955 ex
2282 1899 2528 1958 anilibus

354 1996 693 2073 praejudiciis
722 1996 1042 2067 fabulisque
1069 1996 1322 2064 ducitur-3
1364 1998 1466 2056 sed
1493 2000 1593 2056 vix
1620 1996 1843 2057 videtur
1866 2016 1992 2055 eam
2020 1997 2227 2056 habere
2254 2000 2529 2057 malitiam

355 2112 470 2166 quae
497 2094 565 2153 ad
595 2096 826 2171 culpam
853 2094 1118 2153 lethalem
1139 2097 1460 2167 requiritur.
1545 2097 1828 2155 Monendi
1848 2107 2038 2155 tamen
2066 2106 2218 2163 sunt,
2248 2106 2305 2154 et
2330 2100 2535 2156 acriter

355 2193 651 2266 aliquando
678 2193 1046 2269 corripiendi,
1073 2202 1138 2253 ut
1161 2196 1626 2270 superstitionem
1654 2195 1809 2253 illam
1837 2196 2065 2254 inanem
2094 2189 2415 2271 abjiciant.²

425 2296 520 2350 41.
564 2294 627 2351 N
632 2292 916 2351 ullatenus
944 2302 1128 2353 autem
1156 2305 1396 2370 peccant
1419 2294 1518 2367 qui
1543 2312 1619 2351 ex
1638 2294 1879 2352 somniis
1908 2295 2270 2353 occasionem
2300 2302 2533 2353 sumunt

358 2391 556 2463 aliquid
589 2390 833 2449 faciendi
860 2391 1014 2463 quod
1039 2392 1147 2449 sibi
1173 2393 1265 2450 vel
1291 2394 1427 2451 aliis
1447 2395 1660 2470 prosit:
1704 2394 1985 2468 optimum
2012 2394 2163 2450 enim
2188 2400 2277 2449 est
2292 2402 2357 2451 ut
2379 2394 2533 2452 utili·

359 2491 546 2548 tatibus
579 2491 812 2556 nostris,
839 2490 931 2547 vel
975 2490 1197 2558 alieniS,
1226 2510 1400 2563 quum
1442 2494 1752 2568 possimne,
1794 2492 2182 2575 consulamus,
2268 2492 2333 2547 Si
2360 2494 2534 2569 igitur

361 2590 478 2661 quis
503 2590 878 2649 somniaverit
903 2606 966 2645 se
994 2608 1183 2646 coram
1212 2590 1472 2647 tribunali
1501 2589 1719 2666 judicis
1758 2590 2011 2663 supremi
2040 2588 2277 2654 adstare,
2305 2589 2535 2647 laudan-

361 2686 456 2744 dus
483 2690 594 2747 erit
617 2690 668 2748 si
695 2688 827 2746 inde
854 2688 1134 2745 excitetur
1176 2689 1246 2744 ad
1291 2706 1428 2746 suos
1469 2685 1857 2745 emendandos
1898 2704 2106 2744 mores.
2176 2686 2259 2741 'Si
2299 2685 2371 2743 de
2407 2705 2535 2761 pro—

362 2787 570 2861 pinquo
602 2788 694 2845 vel
718 2796 948 2863 parente
993 2787 1262 2845 defuncto
1303 2788 1589 2845 somnium
1634 2785 1909 2853 habuerit,
1954 2786 2161 2862 poterit
2198 2784 2333 2841 inde
2372 2804 2538 2843 occa-

367 2885 582 2944 sionem
610 2904 832 2945 sumere
862 2886 1058 2944 orandi
1085 2904 1190 2961 pro
1218 2888 1344 2963 ejus
1373 2887 1583 2953 anima,
1613 2886 1751 2959 quin
1796 2882 1947 2941 certo
1994 2883 2103 2941 sibi
2142 2892 2349 2940 statuat
2386 2902 2539 2941 som·-

367 2984 514 3043 nium
540 2984 760 3045 idcirco
787 2985 1109 3043 immissum
1131 2983 1284 3057 quod
1310 2985 1434 3041 haec
1461 2984 1745 3061 suffrag-iis
1774 2983 2071 3058 indigeret.
2128 2982 2245 3048 Qui
2272 2981 2539 3041 autemid

363 3084 464 3141 sibi
491 3085 754 3143 habuerit
777 3102 1132 3160 persuasum,
1171 3101 1317 3139 vano
1359 3081 1575 3139 laborat
1618 3100 1826 3149 errore,
1858 3082 1995 3153 quin
2042 3079 2222 3156 culpae
2262 3082 2537 3157 gravioris

363 3183 432 3239 sit
455 3182 620 3241 facile
648 3181 988 3260 arguendus.
1073 3183 1126 3239 E
1157 3192 1619 3256 contrapeccant
1640 3182 1742 3255 qui
1774 3200 1847 3239 ex
1886 3178 2126 3238 somniis
2170 3181 2533 3238 occasionem

363 3292 592 3340 sumunt
615 3274 843 3339 ludendi
870 3298 1002 3338 cum
1030 3282 1187 3357 gravi
1213 3282 1304 3339 sui
1329 3280 1689 3339 detrimenta

439 3384 536 3439 42.
581 3381 836 3439 Possunt
872 3398 1111 3455 peccare
1138 3380 1420 3438 lethaliter
1465 3378 1809 3456 exponendo
1849 3397 1911 3435 se
1965 3378 2283 3435 discrimini
2328 3379 2541 3453 cogita-

371 3480 578 3538 tionum
625 3480 1061 3556 impudicarum‚
1109 3488 1164 3535 et
1203 3478 1554 3555 pollutionis,
1584 3480 1682 3551 qui
1722 3477 1946 3533 somnia
1990 3476 2061 3532 de
2106 3493 2321 3549 sponso
2349 3475 2539 3532 futuro

373 3588 647 3651 quaerunt,
675 3578 944 3635 dulciaria
971 3579 1077 3635 sub
1103 3578 1338 3654 pulvillo
1378 3586 1759 3653 reponentesz
1804 3575 2117 3649 praesertim
2158 3573 2209 3629 si
2246 3571 2395 3628 hanc
2434 3572 2543 3629 sibi

369 3676 528 3735 facile
553 3676 686 3735 inde
713 3678 1006 3744 obvenire,
1027 3679 1148 3754 jam
1177 3676 1430 3752 periculo
1457 3676 1605 3734 facto
1625 3674 1833 3733 norint.
1887 3671 2161 3743 Alioquin
2190 3670 2295 3727 hac
2320 3670 2539 3748 ratione

373 3774 624 3835 ludentes
651 3795 768 3834 non
797 3774 960 3834 facile
989 3775 1316 3834 damnarem
1346 3776 1566 3851 peccati
1600 3772 1806 3849 gravis,
1850 3788 2026 3843 quum
2068 3768 2383 3845 periculum
2428 3788 2543 3828 non

375 3874 444 3930 sit
467 3875 847 3933 manifestum.
937 3946 944 3951 Ι
1162 3940 1167 3943 ,
2121 3871 2125 3876 ’

451 3977 546 4032 43.
592 3975 933 4051 AEgyptios‚
963 3980 1066 4031 seu
1103 3974 1314 4031 'ariolos
1354 3971 1424 4029 de
1469 3970 1693 4028 fortuna
1731 3967 2093 4027 consulentes
2136 3970 2380 4044 graviter
2415 3987 2547 4044 pec·

379 4082 515 4141 cant,
542 4074 678 4132 licet
715 4073 992 4131 daemonis
1031 4090 1208 4148 opera
1244 4072 1327 4131 uti
1371 4070 1589 4138 nolint;
1634 4088 1766 4127 nam
1808 4068 2139 4144 deceptores
2182 4068 2313 4127 illos
2354 4069 2550 4126 fovent

379 4188 502 4229 cum
528 4192 736 4249 magno
765 4191 987 4230 morum
1029 4170 1388 4238 detrimento,
1430 4179 1488 4227 et
1525 4170 1782 4245 pecuniae
1823 4168 2199 4244 plurimorum
2230 4167 2547 4244 dispendio.

379 4268 648 4330 Notitiam
677 4281 886 4338 autem,
915 4290 1086 4343 quam
1113 4278 1390 4343 quaerunt,
1419 4269 1490 4326 de
1509 4269 1675 4325 rebus
1704 4267 1949 4335 amissiS,
1970 4267 2040 4325 de
2065 4268 2297 4346 sponsis
2324 4266 2545 4330 futuris,

843 4408 926 4473 (1)
969 4410 1015 4455 2.
1039 4410 1087 4454 2.
1110 4421 1192 4469 qu.
1213 4421 1323 4454 xcv·
1347 4412 1432 4453 art.
1455 4404 1520 4452 vi.
1594 4403 1740 4471 Κεφ.
1836 4454 1843 4461 ,

847 4494 932 4560 (2)
972 4492 1189 4542 Consule
1211 4492 1395 4553 Mayol‚
1413 4490 1548 4559 Exp.
1575 4493 1616 4539 1.
1630 4505 1781 4557 praec.
1802 4496 1888 4539 art.
1908 4487 1959 4536 ii.
1982 4490 2030 4545 ξ.
2054 4489 2103 4534 6.
