3117 5217
1218 546 1332 606 DE
1375 546 1737 606 INJURIA.
2495 552 2572 608 87

402 716 637 774 sulitur:
681 715 885 792 injuria
915 715 987 788 fit,
1006 715 1223 774 clerico
1266 717 1434 775 etiam
1474 716 1853 774 consentienti
1891 725 1956 773 ut
1993 717 2081 774 sui
2118 725 2296 776 status
2321 717 2477 775 nulla
2499 715 2599 774 ha-

406 817 603 889 beatur
628 817 790 883 ratio,
821 833 1001 888 quum
1025 815 1269 874 aliorum
1290 817 1425 894 jura
1450 835 1580 874 cum
1608 833 1714 874 suo
1740 833 2000 873 connexa
2025 817 2154 873 sint.

486 917 623 972 109
692 915 898 972 Utrum
948 917 1167 991 agentis
1219 916 1455 974 intentio
1500 925 1686 973 actum
1733 914 1904 972 faciat
1954 915 2250 991 injustum,
2299 915 2585 987 quaeritur.

405 1011 647 1072 Constat
672 1022 857 1072 actum
898 1023 1195 1072 externum
1239 1015 1549 1073 intentione
1595 1013 1844 1082 definiri,
1899 1013 2144 1086 ideoque
2177 1017 2397 1092 justum
2441 1031 2591 1080 esse,

406 1115 495 1170 vel
524 1113 817 1190 injustum,
846 1131 949 1188 pro
976 1114 1151 1171 animi
1178 1116 1441 1172 consilio.
1526 1113 1595 1169 Si
1634 1112 1880 1171 famulus
1921 1112 2140 1171 domini
2167 1115 2468 1189 pecuniam
2499 1131 2594 1169 su-

411 1221 526 1270 mat
548 1223 613 1270 ut
640 1212 895 1284 aliquid
880 1231 939 1269 ιιι
967 1212 1201 1271 familiae
1227 1232 1397 1270 usum
1436 1223 1746 1287 comparet,
1787 1211 2196 1270 discernendus
2236 1213 2343 1271 erit
2368 1211 2438 1270 ab
2485 1211 2596 1269 alio

406 1312 505 1383 qui
530 1312 834 1388 pecuniam
863 1312 1098 1387 surripit
1120 1312 1181 1368 in
1198 1330 1343 1370 suos
1368 1331 1507 1370 usus
1549 1309 2017 1387 impendendam.
2103 1312 2168 1370 Si
2197 1315 2254 1372 in
2281 1330 2418 1370 suos
2449 1329 2590 1369 usus

404 1428 533 1467 eam
562 1419 765 1478 sumat,
794 1417 981 1467 certus
1010 1419 1201 1468 tamen
1240 1429 1362 1468 eam
1406 1411 1830 1486 quamprimum
1847 1411 2224 1498 ‘restituendL
2254 1411 2352 1468 vix
2393 1411 2488 1468 fur
2512 1409 2596 1469 di·

405 1509 626 1567 cendus
654 1509 777 1575 erit,
804 1508 939 1565 licet
976 1527 1046 1566 ea
1072 1510 1277 1586 agendi
1302 1510 1443 1569 ratio
1472 1529 1584 1582 qua
1622 1509 1914 1586 injustitiae
1943 1509 2261 1568 discrimini
2287 1527 2350 1566 se
2377 1510 2593 1586 objicit,

400 1616 458 1664 et
482 1627 606 1665 rem
637 1617 895 1682 usurpat,
926 1607 1159 1666 domino
1199 1609 1353 1667 haud
1380 1610 1620 1676 monito,
1663 1607 2038 1686 improbanda
2075 1610 2165 1667 sit.
2251 1608 2386 1667 Hoc
2411 1627 2484 1667 ex
2511 1629 2601 1667 ca·

406 1707 523 1782 pite
552 1707 786 1783 plurimi
813 1717 1121 1783 peccarunt
1145 1709 1508 1767 nummularii
1546 1710 1850 1784 pecuniam
1893 1707 2002 1764 sibi
2026 1707 2410 1766 concreditam
2439 1725 2598 1766 usur-

409 1816 608 1881 pantes
634 1805 773 1864 lucri
821 1823 947 1881 spe,
976 1807 1143 1864 etiam
1172 1807 1449 1866 reddendi
1497 1807 1778 1870 consilio:
1823 1805 1974 1880 quod
2016 1815 2205 1865 tamen
2233 1825 2337 1884 spe
2363 1807 2608 1864 frustrati

412 1906 683 1980 perficere
709 1923 827 1963 non
853 1905 1167 1964 valuerunt.
1252 1907 1498 1973 Quando
1538 1915 1696 1964 actus
1737 1916 2004 1964 externus
2043 1925 2151 1981 per
2174 1925 2236 1964 se
2269 1908 2460 1984 justus
2489 1915 2594 1973 est,

410 2013 602 2081 utpote
630 2005 698 2061 ab
724 2025 795 2064 eo
822 2004 919 2078 qui
940 2016 1157 2064 certum
1178 2007 1275 2082 jus
1303 2007 1475 2064 habet
1501 2014 1774 2083 patrante,
1803 2006 2026 2062 animus
2054 2024 2170 2077 quo
2197 2006 2280 2073 fit,
2311 2005 2596 2082 malignus

408 2104 539 2160 licet
570 2114 627 2160 et
650 2104 939 2171 inimicus,
968 2123 1085 2162 non
1112 2104 1248 2162 facit
1274 2116 1336 2163 ut
1374 2105 1654 2183 injustitia
1693 2104 2030 2162 admittatur.
2116 2105 2216 2162 Sic
2244 2105 2343 2178 qui
2371 2104 2605 2162 dimittit

409 2201 703 2271 famulum,
732 2203 1151 2261 conditionibus
1176 2206 1327 2280 pacti
1354 2223 1487 2262 cum
1514 2222 1584 2260 eo
1611 2203 1936 2281 persolutis,
1958 2211 2076 2260 non
2103 2203 2279 2261 violat
2295 2204 2601 2279 justitiam,

410 2302 544 2359 licet
568 2302 763 2360 animo
788 2303 990 2374 iniquo
1010 2301 1081 2359 ad
1101 2302 1449 2378 puniendum
1468 2321 1600 2360 eum
1621 2304 1696 2362 ob
1720 2301 1854 2359 fidei
1874 2300 2125 2360 studium
2147 2312 2295 2380 agat.
2339 2302 2605 2368 Quoties·

412 2417 657 2472 cumque
686 2401 905 2460 nullum
936 2402 1034 2478 jus
1078 2403 1307 2460 alterius
1348 2402 1611 2470 violatur,
1656 2401 1813 2461 nulla
1853 2400 2166 2460 admittitur
2204 2402 2432 2478 injuria,
2471 2402 2609 2460 licet

416 2499 543 2570 quis
572 2509 699 2574 agat
726 2502 913 2558 animo
941 2500 1207 2568 nocendi,
1250 2501 1493 2575 ideoque
1534 2510 1752 2576 peccet.
1835 2500 1936 2557 Sic
1963 2502 2063 2571 qui
2100 2501 2332 2558 inimice
2367 2500 2609 2577 denegat

414 2598 756 2655 beneficium
806 2598 957 2673 quod
984 2608 1163 2669 totum
1204 2619 1279 2658 ex
1320 2620 1425 2658 sua
1467 2599 1796 2657 liberalitate
1838 2598 2068 2674 pendet,
2103 2599 2340 2675 justitiae
2388 2598 2604 2656 violatoe

412 2714 529 2756 non
555 2706 742 2774 potest
766 2691 942 2777 argui:
987 2708 1045 2756 et
1082 2701 1184 2772 qui
1209 2701 1386 2776 gratia
1430 2697 1586 2774 apud
1631 2698 1881 2772 aliquem⁴
1919 2699 2091 2754 utitur
2135 2705 2198 2755 ut
2235 2714 2446 2755 munus
2485 2715 2603 2754 non

412 2798 685 2854 tribuatur
708 2799 964 2866 inimico,
1012 2799 1361 2868 charitatem,
1390 2797 1544 2858 haud
1587 2795 1722 2855 vero
1759 2796 2062 2873 jus-titiam,
2092 2796 2286 2864 violat,
2316 2795 2430 2853 nisi
2475 2795 2611 2853 alter

407 2896 507 2971 jus
532 2896 735 2954 habeat
760 2899 1015 2954 strictum
1054 2915 1127 2954 ex
1156 2917 1457 2964 concursu,
1496 2897 1590 2953 vel
1631 2897 1790 2964 alia8‚
1821 2896 1890 2954 ad
1921 2914 2131 2953 munus
2159 2894 2609 2972 adipiscendum,

415 2992 507 3050 vel
532 2995 643 3052 nisi
672 2996 779 3063 vis,
808 2996 1033 3053 frausve
1062 2994 1311 3052 adhibita
1335 2997 1412 3053 sit
1438 2995 1507 3052 ad
1534 2994 1958 3070 impediendum
1987 3013 2060 3051 ne
2094 3014 2300 3054 munus
2329 2995 2606 3071 adipisca-

421 3102 527 3148 tur.
610 3094 678 3150 In
705 3093 1076 3152 tribunalibus
1105 3104 1262 3151 actus
1290 3094 1507 3152 externi
1542 3093 1820 3170 injustitia
1860 3113 1934 3152 ex
1961 3093 2276 3152 intentione
2305 3093 2610 3166 aliquando

416 3189 701 3258 definitur,
730 3204 1009 3265 quatenus
1036 3189 1253 3250 scilicet
1278 3193 1400 3251 haec
1426 3211 1489 3250 se
1514 3192 1706 3269 prodit
1729 3194 2000 3252 exterius.
2065 3194 2164 3251 Sic
2181 3195 2312 3272 jure
2341 3193 2608 3252 Romano

418 3291 514 3364 qui
535 3301 837 3350 torrentem
866 3292 1067 3350 avertit
1090 3292 1281 3350 damni
1302 3294 1391 3350 sui
1410 3291 1764 3368 impediendi
1785 3310 1974 3360 causa,
1999 3293 2272 3351 immunis
2299 3301 2387 3350 est
2411 3291 2602 3369 culpa,

413 3388 550 3446 licet
575 3391 766 3448 vicino
792 3401 988 3449 contra
1014 3391 1138 3468 ejus
1179 3401 1427 3449 mentem
1470 3392 1734 3448 obveniat
1768 3391 2078 3450 damnum:
2123 3393 2232 3449 “si
2274 3390 2447 3450 modo
2487 3409 2608 3449 non

410 3488 523 3546 hoc
551 3490 743 3547 animo
769 3490 922 3558 fecit,
952 3500 1015 3548 ut
1042 3490 1142 3548 tibi
1169 3499 1389 3558 noceat,
1420 3489 1521 3548 sed
1548 3508 1622 3548 ne
1653 3491 1762 3548 sibi
1789 3486 2090 3548 noceat.”¹

501 3590 634 3645 110.
678 3590 951 3656 Quaerunt
976 3589 1224 3666 theologi
1254 3600 1439 3648 utrum
1471 3590 1712 3648 intentio
1739 3588 1986 3648 nocendi
2023 3588 2155 3645 facit
2190 3596 2254 3643 ut
2291 3587 2606 3662 imputetur

410 3685 649 3745 effectus
677 3707 751 3745 ex
778 3707 947 3746 causa
965 3689 1173 3766 injuste
1200 3691 1387 3765 posita
1420 3698 1673 3757 secutus,
1706 3689 1806 3759 qui
1849 3697 2036 3745 tamen
2079 3685 2236 3742 casui
2283 3686 2477 3761 potius
2518 3685 2609 3742 tri-

412 3786 670 3843 buendus
696 3786 983 3844 videatur:
1027 3807 1101 3846 v:
1145 3807 1216 3864 g:
1259 3789 1309 3844 si
1336 3789 1465 3861 quis
1504 3796 1681 3863 ponat
1718 3785 1994 3860 lapidem,
2023 3783 2112 3840 vel
2145 3784 2320 3841 alium
2361 3783 2606 3851 obicem,

412 3885 585 3942 simul
611 3895 815 3962 optans
842 3895 903 3942 ut
931 3887 1069 3945 alter
1095 3885 1337 3945 titubans
1365 3888 1586 3961 frangat
1623 3884 1930 3944 cervicem.
2009 3882 2177 3940 Nihil
2215 3882 2446 3942 dubium
2485 3903 2610 3960 pra-

412 4002 545 4041 vam
592 3985 764 4042 animi
804 3986 1146 4044 voluntatem
1182 3985 1265 4042 rei
1301 3982 1452 4060 apud
1483 3982 1675 4040 Deum
1722 3983 2062 4040 adsimilari:
2111 3981 2213 4040 sed
2248 3993 2437 4041 utrum
2476 3983 2609 4055 quis

412 4092 668 4140 teneatur
693 4084 763 4141 ad
787 4083 995 4142 damna
1019 4081 1335 4159 reparanda
1358 4100 1433 4138 ex
1460 4100 1594 4139 casu
1625 4079 1766 4140 adeo
1806 4083 2100 4158 inopinato
2128 4081 2380 4140 derivata
2405 4083 2608 4138 merito

414 4179 715 4240 dubitatur.
800 4182 891 4240 De
938 4183 1105 4260 Lugo
1152 4191 1207 4239 et
1270 4181 1748 4240 Salmanticenses
1802 4181 2101 4250 affirmant,
2157 4182 2290 4254 quia
2347 4181 2608 4252 quamvis

842 4389 927 4455 (1)
967 4387 1027 4437 L.
1052 4391 1099 4437 2.
1124 4391 1171 4448 ς.
1190 4389 1243 4438 9.
1264 4386 1315 4438 ss'.
1338 4388 1511 4440 xxxix.
1532 4386 1602 4437 iii.
1625 4386 1684 4438 de
1705 4403 1844 4456 aqua
1863 4392 1912 4437 et
1933 4401 2013 4452 aq.
2033 4383 2180 4452 plut.
