3117 5217
541 546 663 603 240
1201 540 1314 599 DE
1359 539 1989 601 SUPERSTITION
1996 540 2071 599 Ε.

531 718 798 767 eventum
845 706 926 766 rei
967 706 1258 766 veritatem
1303 706 1759 775 demonstrasse3
1806 707 1961 779 quod
2004 706 2245 783 speciali
2286 706 2399 765 Dei
2440 706 2749 783 beneficio·

531 806 890 867 tribuendum
941 816 1048 875 est,
1089 808 1210 879 qui,
1257 805 1350 864 vel
1393 808 1601 865 bonam
1646 805 1817 865 fidem
1860 825 2083 875 eorum,
2124 808 2224 880 qui
2272 826 2337 865 se
2383 806 2726 883 purgabant,

531 908 805 983 respexit,
849 905 942 963 vel
985 905 1240 965 animum
1283 906 1544 973 invitum,
1590 924 1707 979 quo
1740 904 1961 983 judicia
2010 906 2341 983 hujusmodi
2386 906 2729 963 innoeentes

531 1008 811 1065 subibant.

611 1110 708 1163 52.
753 1104 1022 1163 Tentatio
1059 1103 1172 1162 Dei
1197 1114 1286 1161 est
1322 1104 1661 1179 gravissima
1699 1104 1884 1179 culpa,
1914 1104 2139 1177 quoties
2178 1103 2293 1162 Dei
2318 1102 2729 1179 perfectiones,

529 1205 902 1277 revelataeque
931 1204 1000 1259 ab
1029 1203 1158 1280 ipso
1189 1205 1448 1261 veritates
1476 1204 1536 1261 in
1566 1202 1799 1262 dubium
1822 1202 2209 1263 adducuntur:
2248 1205 2379 1279 ipsa
2404 1203 2573 1259 etiam
2609 1202 2731 1260 Dei

533 1302 782 1361 tentandi
807 1304 1034 1378 species
1061 1304 1218 1379 gravi
1246 1301 1398 1360 haud
1423 1311 1579 1359 caret
1599 1300 1745 1369 labe,
1774 1303 2033 1375 quamvis
2073 1304 2219 1361 bona
2244 1302 2387 1359 fides
2416 1300 2731 1373 aliquando

533 1410 786 1477 excuset„
815 1423 851 1459 a
897 1410 1048 1461 tanto
1087 1402 1344 1460 crimine.
1429 1400 1589 1459 Reus
1620 1402 1789 1478 igitur
1832 1410 1939 1470 est,
1978 1404 2099 1475 qui,
2142 1403 2353 1475 absque
2392 1400 2632 1459 scientia
2674 1410 2733 1456 et

533 1503 708 1561 animi
750 1502 1162 1578 preparatione,
1191 1501 1348 1567 velit,
1389 1500 1544 1558 nulla
1578 1500 1637 1557 id
1676 1500 1943 1577 exigente
1980 1502 2335 1568 necessitate,
2372 1500 2728 1565 concionari,

533 1602 640 1660 sibi
668 1599 1018 1678 persuadens
1040 1599 1230 1659 Deum
1261 1600 1509 1677 Spiritus
1539 1600 1737 1656 Sancti
1750 1600 1969 1658 lumine
1995 1619 2123 1659 eum
2146 1600 2582 1659 illustraturum:
2612 1597 2731 1655 hoc

533 1702 688 1759 enim
715 1710 926 1759 temere
955 1700 1064 1757 sibi
1090 1700 1408 1776 pollicetur,
1439 1700 1540 1770 qui
1568 1698 1835 1757 subsidiis
1864 1720 1895 1756 a
1922 1699 2051 1757 Deo
2082 1698 2227 1757 datis
2268 1698 2351 1756 uti
2386 1696 2727 1773 neglexerit.

536 1801 813 1859 Promisit
838 1798 1068 1872 quidem
1097 1798 1366 1857 Christus
1406 1796 1702 1874 discipulis
1742 1799 1885 1865 suis,
1912 1816 2103 1857 coram
2146 1795 2515 1857 tribunalibus
2542 1796 2732 1855 ethni-

535 1901 792 1959 nicorum
821 1899 1118 1966 accusatis,
1149 1898 1428 1974 Spiritum
1469 1896 1743 1955 Sanctum
1784 1896 2125 1967 adfuturum,
2152 1906 2217 1954 ut
2250 1914 2377 1967 quae
2416 1905 2729 1971 oporteret,

535 1998 808 2062 dicerent,
837 1995 978 2053 adeo
1005 2005 1069 2053 ut
1093 2015 1236 2071 opus
1265 2014 1380 2053 non
1404 2003 1558 2052 esset
1584 2014 1790 2071 magna
1826 1996 2003 2055 animi
2040 1992 2399 2055 solicitudine
2434 1994 2505 2051 de
2532 1993 2731 2053 defen-

533 2098 697 2154 sione
725 2092 1006 2171 cogitare;
1036 2096 1330 2171 Apostolis
1358 2095 1526 2153 etiam
1557 2112 1821 2170 magnam
1849 2095 1963 2153 vim
1992 2094 2218 2154 dicendi
2256 2094 2464 2160 tribuit,
2492 2102 2555 2150 ut
2578 2096 2729 2152 veri·

538 2205 680 2253 tates
709 2194 1091 2270 Evangelicas
1119 2196 1513 2253 annuntiarent
1531 2211 1556 2257 τ,
1576 2193 1678 2251 sed
1706 2192 1963 2251 discendi
1989 2193 2239 2252 laborem
2258 2210 2335 2249 ex
2362 2192 2593 2250 assidua
2616 2192 2731 2249 lec-

537 2296 690 2353 tione
737 2293 922 2351 noluit
955 2295 1074 2351 suis
1122 2294 1398 2351 ministris
1443 2286 1779 2349 sublatum.1
1861 2292 2225 2352 Tentationis
2270 2291 2385 2350 Dei
2424 2292 2596 2349 etiam
2644 2312 2731 2349 ar·

533 2392 794 2471 guendus
847 2402 954 2458 est,
998 2394 1096 2464 qui
1141 2393 1300 2467 gravi
1349 2392 1615 2449 laborans
1666 2392 1867 2449 morbo
1914 2392 2225 2449 remedium
2268 2409 2441 2449 omne
2483 2402 2727 2459 recusat,

535 2491 746 2558 divina,
789 2499 850 2547 ut
881 2491 1074 2567 jactat,
1113 2510 1226 2567 ope
1267 2491 1531 2557 innixum
1578 2508 1745 2561 quam
1790 2500 1979 2547 tamen
2020 2499 2228 2549 temere
2256 2490 2365 2547 sibi
2404 2490 2726 2566 pollicetur,

534 2612 668 2651 narn
711 2600 751 2626 “
774 2589 1106 2649 Altissimus
1147 2592 1358 2649 creavit
1384 2590 1454 2647 de
1483 2600 1629 2647 terra
1656 2588 2089 2655 medicamenta,
2118 2600 2175 2647 et
2212 2592 2300 2647 vir
2326 2587 2573 2664 prudens
2610 2609 2731 2649 non

537 2692 860 2751 abhorrebit
885 2683 1081 2748 illa.”²
1161 2690 1373 2747 Tentat
1399 2707 1631 2761 quoque
1659 2687 1871 2756 Deum,
1900 2688 2000 2760 qui
2038 2689 2249 2761 absque
2284 2688 2465 2764 ipsius
2506 2688 2621 2745 Dei
2648 2690 2731 2746 in-

535 2791 742 2849 stinctu
770 2791 910 2864 petit
935 2788 1210 2855 absolute,
1237 2798 1296 2845 et
1319 2788 1558 2845 fidenter
1576 2788 1705 2854 sibi,
1728 2786 1967 2859 aliisque
1992 2788 2269 2863 promittit
2294 2788 2629 2846 miraculum
2658 2787 2731 2845 ad

539 2890 714 2947 fidem
741 2886 1186 2945 confirmandam
1211 2906 1225 2943 :
1257 2904 1422 2944 secus
1451 2887 1502 2943 si
1527 2886 1687 2962 gravi
1715 2896 1947 2963 urgente
1972 2904 2163 2954 causa,
2191 2886 2331 2944 illud
2368 2894 2539 2962 petat,
2566 2884 2729 2944 dum-

539 2986 712 3045 modo
741 2985 854 3043 Dei
880 2984 1088 3061 placito
1115 2994 1419 3061 congruat:
1451 2984 1607 3058 quod
1635 2994 1843 3053 tamen,
1873 2986 2041 3043 etiam
2068 2984 2395 3045 conditione
2426 2984 2535 3041 hac
2559 2984 2730 3042 inter-

539 3086 742 3161 posita,
773 3085 872 3143 vix
897 3084 1180 3141 convenit.

681 3270 763 3335 (1)
805 3266 1088 3316 1.Tim.iv.
1117 3268 1193 3313 13.
1262 3266 1325 3314 11.
1349 3266 1482 3315 Tim.
1506 3283 1574 3316 m
1603 3270 1683 3315 15.
1896 3253 1901 3259 '
2046 3269 2123 3333 (2)
2159 3269 2295 3319 1²:001.
2318 3266 2523 3325 xxxviii.
2545 3267 2593 3314 4.
