<?xml version="1.0" encoding="UTF-8"?>
<!DOCTYPE html PUBLIC "-//W3C//DTD XHTML 1.0 Transitional//EN"
    "http://www.w3.org/TR/xhtml1/DTD/xhtml1-transitional.dtd">
<html xmlns="http://www.w3.org/1999/xhtml" xml:lang="en" lang="en">
 <head>
  <title>
</title>
<meta http-equiv="Content-Type" content="text/html;charset=utf-8" />
  <meta name='ocr-system' content='tesseract 3.04.00' />
  <meta name='ocr-capabilities' content='ocr_page ocr_carea ocr_par ocr_line ocrx_word'/>
</head>
<body>
  <div class='ocr_page' id='page_1' title='image "./theologiaemoral00unkngoog_0403.png"; bbox 0 0 3117 5217; ppageno 0'>
   <div class='ocr_carea' id='block_1_1' title="bbox 1081 565 2531 629">
    <p class='ocr_par' dir='ltr' id='par_1_1' title="bbox 1081 565 2531 629">
     <span class='ocr_line' id='line_1_1' title="bbox 1081 565 2531 629; baseline 0.003 -5"><span class='ocrx_word' id='word_1_1' title='bbox 1081 565 1194 624; x_wconf 82' lang='lat' dir='ltr'><strong>DE</strong></span> <span class='ocrx_word' id='word_1_2' title='bbox 1237 566 1797 629; x_wconf 85' lang='lat' dir='ltr'><strong>INTERDICTO.</strong></span> <span class='ocrx_word' id='word_1_3' title='bbox 2410 572 2531 628; x_wconf 79' lang='lat'><strong>389</strong></span> 
     </span>
    </p>
   </div>
   <div class='ocr_carea' id='block_1_2' title="bbox 334 729 2534 3779">
    <p class='ocr_par' dir='ltr' id='par_1_2' title="bbox 345 729 2529 1393">
     <span class='ocr_line' id='line_1_2' title="bbox 349 729 2525 808; baseline 0.005 -22"><span class='ocrx_word' id='word_1_4' title='bbox 349 729 409 787; x_wconf 89' lang='lat' dir='ltr'><strong>id</strong></span> <span class='ocrx_word' id='word_1_5' title='bbox 433 731 818 807; x_wconf 82' lang='lat' dir='ltr'>exprimatur:</span> <span class='ocrx_word' id='word_1_6' title='bbox 850 739 1193 808; x_wconf 81' lang='lat' dir='ltr'><strong>quapropter</strong></span> <span class='ocrx_word' id='word_1_7' title='bbox 1217 732 1352 790; x_wconf 79' lang='lat' dir='ltr'><strong>alibi</strong></span> <span class='ocrx_word' id='word_1_8' title='bbox 1377 743 1643 808; x_wconf 86' lang='lat' dir='ltr'><strong>poterunt</strong></span> <span class='ocrx_word' id='word_1_9' title='bbox 1668 753 1825 792; x_wconf 81' lang='lat' dir='ltr'><strong>sacra</strong></span> <span class='ocrx_word' id='word_1_10' title='bbox 1859 733 2173 794; x_wconf 84' lang='lat' dir='ltr'><strong>celebrare:</strong></span> <span class='ocrx_word' id='word_1_11' title='bbox 2216 737 2525 796; x_wconf 76' lang='lat' dir='ltr'><strong>interdictis</strong></span> 
     </span>
     <span class='ocr_line' id='line_1_3' title="bbox 347 818 2529 910; baseline 0.003 -22"><span class='ocrx_word' id='word_1_12' title='bbox 347 818 630 906; x_wconf 84' lang='lat' dir='ltr'><strong>personis,</strong></span> <span class='ocrx_word' id='word_1_13' title='bbox 658 832 818 890; x_wconf 88' lang='lat' dir='ltr'><strong>locus</strong></span> <span class='ocrx_word' id='word_1_14' title='bbox 845 851 962 889; x_wconf 89' lang='lat' dir='ltr'><strong>non</strong></span> <span class='ocrx_word' id='word_1_15' title='bbox 991 832 1228 892; x_wconf 80' lang='lat' dir='ltr'><strong>habetur</strong></span> <span class='ocrx_word' id='word_1_16' title='bbox 1251 831 1615 892; x_wconf 63' lang='lat' dir='ltr'><strong>interdictum</strong></span> <span class='ocrx_word' id='word_1_17' title='bbox 1657 833 2011 910; x_wconf 80' lang='lat' dir='ltr'>proindeque</span> <span class='ocrx_word' id='word_1_18' title='bbox 2048 834 2239 894; x_wconf 82' lang='lat' dir='ltr'><strong>licebit</strong></span> <span class='ocrx_word' id='word_1_19' title='bbox 2276 836 2419 895; x_wconf 84' lang='lat' dir='ltr'><strong>alios</strong></span> <span class='ocrx_word' id='word_1_20' title='bbox 2444 855 2529 894; x_wconf 72' lang='lat' dir='ltr'><strong>ar·</strong></span> 
     </span>
     <span class='ocr_line' id='line_1_4' title="bbox 351 932 2529 1002; baseline 0.004 -16"><span class='ocrx_word' id='word_1_21' title='bbox 351 947 596 997; x_wconf 79' lang='lat' dir='ltr'><strong>cessere,</strong></span> <span class='ocrx_word' id='word_1_22' title='bbox 641 933 741 1002; x_wconf 91' lang='lat' dir='ltr'><strong>qui</strong></span> <span class='ocrx_word' id='word_1_23' title='bbox 783 949 944 988; x_wconf 84' lang='lat' dir='ltr'><strong>sacra</strong></span> <span class='ocrx_word' id='word_1_24' title='bbox 987 932 1194 989; x_wconf 88' lang='lat' dir='ltr'><strong>obeant</strong></span> <span class='ocrx_word' id='word_1_25' title='bbox 1237 950 1492 999; x_wconf 86' lang='lat' dir='ltr'><strong>munera,</strong></span> <span class='ocrx_word' id='word_1_26' title='bbox 1515 933 1647 990; x_wconf 85' lang='lat' dir='ltr'><strong>-nisi</strong></span> <span class='ocrx_word' id='word_1_27' title='bbox 1686 932 1743 990; x_wconf 90' lang='lat' dir='ltr'><strong>id</strong></span> <span class='ocrx_word' id='word_1_28' title='bbox 1770 933 2003 992; x_wconf 78' lang='lat' dir='ltr'><strong>vetitum</strong></span> <span class='ocrx_word' id='word_1_29' title='bbox 2044 935 2138 992; x_wconf 86' lang='lat' dir='ltr'><strong>sit.</strong></span> <span class='ocrx_word' id='word_1_30' title='bbox 2222 934 2529 994; x_wconf 80' lang='lat' dir='ltr'><strong>lutei-dicta</strong></span> 
     </span>
     <span class='ocr_line' id='line_1_5' title="bbox 349 1029 2527 1102; baseline 0.003 -17"><span class='ocrx_word' id='word_1_31' title='bbox 349 1029 756 1087; x_wconf 74' lang='lat' dir='ltr'><strong>communitate</strong></span> <span class='ocrx_word' id='word_1_32' title='bbox 785 1030 992 1102; x_wconf 83' lang='lat' dir='ltr'><strong>aliqua,</strong></span> <span class='ocrx_word' id='word_1_33' title='bbox 1019 1047 1221 1088; x_wconf 85' lang='lat' dir='ltr'><strong>omnes</strong></span> <span class='ocrx_word' id='word_1_34' title='bbox 1250 1031 1359 1102; x_wconf 77' lang='lat' dir='ltr'><strong>qui*</strong></span> <span class='ocrx_word' id='word_1_35' title='bbox 1382 1050 1510 1088; x_wconf 89' lang='lat' dir='ltr'><strong>eam</strong></span> <span class='ocrx_word' id='word_1_36' title='bbox 1551 1031 1899 1090; x_wconf 85' lang='lat' dir='ltr'><strong>constituunt</strong></span> <span class='ocrx_word' id='word_1_37' title='bbox 1936 1033 2381 1092; x_wconf 83' lang='lat' dir='ltr'><strong>interdicuntur:</strong></span> <span class='ocrx_word' id='word_1_38' title='bbox 2422 1033 2527 1092; x_wconf 86' lang='lat' dir='ltr'><strong>sed</strong></span> 
     </span>
     <span class='ocr_line' id='line_1_6' title="bbox 349 1126 2527 1205; baseline 0.004 -21"><span class='ocrx_word' id='word_1_39' title='bbox 349 1127 400 1184; x_wconf 88' lang='lat' dir='ltr'><strong>si</strong></span> <span class='ocrx_word' id='word_1_40' title='bbox 425 1126 690 1186; x_wconf 83' lang='lat' dir='ltr'><strong>desinant</strong></span> <span class='ocrx_word' id='word_1_41' title='bbox 713 1130 837 1205; x_wconf 88' lang='lat' dir='ltr'><strong>ejus</strong></span> <span class='ocrx_word' id='word_1_42' title='bbox 865 1130 1119 1187; x_wconf 89' lang='lat' dir='ltr'><strong>membra</strong></span> <span class='ocrx_word' id='word_1_43' title='bbox 1145 1147 1298 1196; x_wconf 85' lang='lat' dir='ltr'><strong>esse,</strong></span> <span class='ocrx_word' id='word_1_44' title='bbox 1326 1138 1514 1187; x_wconf 85' lang='lat' dir='ltr'><strong>cessat</strong></span> <span class='ocrx_word' id='word_1_45' title='bbox 1538 1130 1723 1202; x_wconf 89' lang='lat' dir='ltr'><strong>quoad</strong></span> <span class='ocrx_word' id='word_1_46' title='bbox 1742 1149 1842 1190; x_wconf 89' lang='lat' dir='ltr'><strong>eos</strong></span> <span class='ocrx_word' id='word_1_47' title='bbox 1862 1131 2243 1200; x_wconf 85' lang='lat' dir='ltr'><strong>interdictum,</strong></span> <span class='ocrx_word' id='word_1_48' title='bbox 2264 1133 2527 1192; x_wconf 88' lang='lat' dir='ltr'><strong>dummo-</strong></span> 
     </span>
     <span class='ocr_line' id='line_1_7' title="bbox 347 1223 2526 1308; baseline 0.004 -26"><span class='ocrx_word' id='word_1_49' title='bbox 347 1225 422 1282; x_wconf 87' lang='lat' dir='ltr'><strong>do</strong></span> <span class='ocrx_word' id='word_1_50' title='bbox 449 1245 564 1284; x_wconf 84' lang='lat' dir='ltr'><strong>non</strong></span> <span class='ocrx_word' id='word_1_51' title='bbox 591 1227 800 1284; x_wconf 84' lang='lat' dir='ltr'><strong>suerint</strong></span> <span class='ocrx_word' id='word_1_52' title='bbox 825 1223 1146 1286; x_wconf 87' lang='lat' dir='ltr'><strong>nocentes.¹</strong></span> <span class='ocrx_word' id='word_1_53' title='bbox 1225 1228 1534 1288; x_wconf 81' lang='lat' dir='ltr'><strong>Interdicto</strong></span> <span class='ocrx_word' id='word_1_54' title='bbox 1560 1229 1734 1296; x_wconf 78' lang='lat' dir='ltr'><strong>clem,</strong></span> <span class='ocrx_word' id='word_1_55' title='bbox 1763 1249 1880 1288; x_wconf 88' lang='lat' dir='ltr'><strong>non</strong></span> <span class='ocrx_word' id='word_1_56' title='bbox 1912 1231 2043 1290; x_wconf 89' lang='lat' dir='ltr'><strong>ideo</strong></span> <span class='ocrx_word' id='word_1_57' title='bbox 2081 1232 2329 1308; x_wconf 82' lang='lat' dir='ltr'><strong>populus</strong></span> <span class='ocrx_word' id='word_1_58' title='bbox 2358 1234 2526 1292; x_wconf 84' lang='lat' dir='ltr'><strong>inter-</strong></span> 
     </span>
     <span class='ocr_line' id='line_1_8' title="bbox 345 1325 966 1393; baseline 0 -11"><span class='ocrx_word' id='word_1_59' title='bbox 345 1325 580 1393; x_wconf 83' lang='lat' dir='ltr'><strong>dicitur3</strong></span> <span class='ocrx_word' id='word_1_60' title='bbox 611 1335 668 1382; x_wconf 86' lang='lat' dir='ltr'><strong>et</strong></span> <span class='ocrx_word' id='word_1_61' title='bbox 691 1327 966 1385; x_wconf 83' lang='lat' dir='ltr'><strong>vicissim.</strong></span> 
     </span>
    </p>

    <p class='ocr_par' dir='ltr' id='par_1_3' title="bbox 343 1423 2528 1997">
     <span class='ocr_line' id='line_1_9' title="bbox 426 1423 2527 1507; baseline 0.004 -27"><span class='ocrx_word' id='word_1_62' title='bbox 426 1427 526 1482; x_wconf 88' lang='grc'><strong>93.</strong></span> <span class='ocrx_word' id='word_1_63' title='bbox 568 1425 662 1482; x_wconf 87' lang='lat' dir='ltr'><strong>Ad</strong></span> <span class='ocrx_word' id='word_1_64' title='bbox 686 1425 934 1502; x_wconf 81' lang='lat' dir='ltr'><strong>speciale</strong></span> <span class='ocrx_word' id='word_1_65' title='bbox 959 1423 1315 1483; x_wconf 86' lang='lat' dir='ltr'><strong>interdictum</strong></span> <span class='ocrx_word' id='word_1_66' title='bbox 1345 1425 1587 1501; x_wconf 82' lang='lat' dir='ltr'><strong>alicujus</strong></span> <span class='ocrx_word' id='word_1_67' title='bbox 1626 1427 1929 1498; x_wconf 86' lang='lat' dir='ltr'><strong>requiritur</strong></span> <span class='ocrx_word' id='word_1_68' title='bbox 1950 1429 2121 1504; x_wconf 88' lang='lat' dir='ltr'><strong>culpa</strong></span> <span class='ocrx_word' id='word_1_69' title='bbox 2144 1429 2369 1488; x_wconf 86' lang='lat' dir='ltr'><strong>lethalis</strong></span> <span class='ocrx_word' id='word_1_70' title='bbox 2396 1449 2527 1507; x_wconf 80' lang='lat' dir='ltr'><strong>pro·</strong></span> 
     </span>
     <span class='ocr_line' id='line_1_10' title="bbox 345 1523 2526 1601; baseline 0.003 -22"><span class='ocrx_word' id='word_1_71' title='bbox 345 1524 489 1600; x_wconf 89' lang='lat' dir='ltr'><strong>pria,</strong></span> <span class='ocrx_word' id='word_1_72' title='bbox 519 1523 710 1599; x_wconf 85' lang='lat' dir='ltr'><strong>gravis</strong></span> <span class='ocrx_word' id='word_1_73' title='bbox 736 1524 892 1582; x_wconf 80' lang='lat' dir='ltr'><strong>enim</strong></span> <span class='ocrx_word' id='word_1_74' title='bbox 917 1535 1006 1581; x_wconf 86' lang='lat' dir='ltr'><strong>est</strong></span> <span class='ocrx_word' id='word_1_75' title='bbox 1032 1541 1234 1598; x_wconf 76' lang='lat' dir='ltr'><strong>poens:</strong></span> <span class='ocrx_word' id='word_1_76' title='bbox 1277 1523 1348 1580; x_wconf 86' lang='lat' dir='ltr'><strong>ad</strong></span> <span class='ocrx_word' id='word_1_77' title='bbox 1374 1525 1637 1601; x_wconf 83' lang='lat' dir='ltr'><strong>generale</strong></span> <span class='ocrx_word' id='word_1_78' title='bbox 1664 1526 2025 1586; x_wconf 81' lang='lat' dir='ltr'><strong>interdictum</strong></span> <span class='ocrx_word' id='word_1_79' title='bbox 2061 1528 2195 1595; x_wconf 81' lang='lat' dir='ltr'><strong>loci,</strong></span> <span class='ocrx_word' id='word_1_80' title='bbox 2227 1528 2317 1586; x_wconf 86' lang='lat' dir='ltr'><strong>vel</strong></span> <span class='ocrx_word' id='word_1_81' title='bbox 2342 1527 2526 1588; x_wconf 89' lang='lat' dir='ltr'><strong>homi-</strong></span> 
     </span>
     <span class='ocr_line' id='line_1_11' title="bbox 343 1622 2528 1702; baseline 0.003 -23"><span class='ocrx_word' id='word_1_82' title='bbox 343 1640 504 1690; x_wconf 86' lang='lat' dir='ltr'><strong>num,</strong></span> <span class='ocrx_word' id='word_1_83' title='bbox 533 1622 742 1680; x_wconf 87' lang='lat' dir='ltr'><strong>sufficit</strong></span> <span class='ocrx_word' id='word_1_84' title='bbox 766 1641 936 1700; x_wconf 82' lang='lat' dir='ltr'><strong>grave</strong></span> <span class='ocrx_word' id='word_1_85' title='bbox 965 1633 1262 1699; x_wconf 76' lang='lat' dir='ltr'><strong>peccatum</strong></span> <span class='ocrx_word' id='word_1_86' title='bbox 1285 1642 1317 1679; x_wconf 88' lang='lat' dir='ltr'><strong>a</strong></span> <span class='ocrx_word' id='word_1_87' title='bbox 1341 1625 1545 1699; x_wconf 87' lang='lat' dir='ltr'><strong>capite,</strong></span> <span class='ocrx_word' id='word_1_88' title='bbox 1575 1624 1665 1682; x_wconf 87' lang='lat' dir='ltr'><strong>vel</strong></span> <span class='ocrx_word' id='word_1_89' title='bbox 1692 1626 1995 1702; x_wconf 78' lang='lat' dir='ltr'><strong>praecipuis</strong></span> <span class='ocrx_word' id='word_1_90' title='bbox 2022 1627 2291 1686; x_wconf 86' lang='lat' dir='ltr'><strong>membris</strong></span> <span class='ocrx_word' id='word_1_91' title='bbox 2318 1625 2528 1686; x_wconf 87' lang='lat' dir='ltr'><strong>admis-</strong></span> 
     </span>
     <span class='ocr_line' id='line_1_12' title="bbox 343 1721 2523 1801; baseline 0.003 -23"><span class='ocrx_word' id='word_1_92' title='bbox 343 1739 510 1778; x_wconf 84' lang='lat' dir='ltr'><strong>sum:</strong></span> <span class='ocrx_word' id='word_1_93' title='bbox 561 1721 657 1778; x_wconf 83' lang='lat' dir='ltr'><strong>vix</strong></span> <span class='ocrx_word' id='word_1_94' title='bbox 695 1724 851 1780; x_wconf 89' lang='lat' dir='ltr'><strong>enim</strong></span> <span class='ocrx_word' id='word_1_95' title='bbox 895 1721 1004 1780; x_wconf 83' lang='lat' dir='ltr'><strong>alia</strong></span> <span class='ocrx_word' id='word_1_96' title='bbox 1049 1723 1299 1798; x_wconf 73' lang='lat' dir='ltr'><strong>suppetit</strong></span> <span class='ocrx_word' id='word_1_97' title='bbox 1336 1723 1480 1780; x_wconf 83' lang='lat' dir='ltr'><strong>ratio</strong></span> <span class='ocrx_word' id='word_1_98' title='bbox 1523 1733 1889 1782; x_wconf 87' lang='lat' dir='ltr'><strong>contumaces</strong></span> <span class='ocrx_word' id='word_1_99' title='bbox 1930 1723 2001 1782; x_wconf 86' lang='lat' dir='ltr'><strong>ad</strong></span> <span class='ocrx_word' id='word_1_100' title='bbox 2046 1726 2255 1784; x_wconf 86' lang='lat' dir='ltr'><strong>bonam</strong></span> <span class='ocrx_word' id='word_1_101' title='bbox 2298 1726 2523 1801; x_wconf 83' lang='lat' dir='ltr'><strong>frugem</strong></span> 
     </span>
     <span class='ocr_line' id='line_1_13' title="bbox 343 1819 2528 1899; baseline 0.002 -21"><span class='ocrx_word' id='word_1_102' title='bbox 343 1819 670 1887; x_wconf 88' lang='lat' dir='ltr'><strong>reducendi,</strong></span> <span class='ocrx_word' id='word_1_103' title='bbox 711 1840 884 1894; x_wconf 83' lang='lat' dir='ltr'><strong>quam</strong></span> <span class='ocrx_word' id='word_1_104' title='bbox 931 1820 1354 1898; x_wconf 77' lang='lat' dir='ltr'><strong>communitatis</strong></span> <span class='ocrx_word' id='word_1_105' title='bbox 1393 1821 1484 1879; x_wconf 91' lang='lat' dir='ltr'><strong>cui</strong></span> <span class='ocrx_word' id='word_1_106' title='bbox 1529 1833 1781 1898; x_wconf 70' lang='lat' dir='ltr'><strong>praesunt</strong></span> <span class='ocrx_word' id='word_1_107' title='bbox 1824 1841 2026 1899; x_wconf 82' lang='lat' dir='ltr'><strong>poena:</strong></span> <span class='ocrx_word' id='word_1_108' title='bbox 2074 1825 2262 1882; x_wconf 70' lang='lat' dir='ltr'><strong>ceteri</strong></span> <span class='ocrx_word' id='word_1_109' title='bbox 2308 1825 2528 1884; x_wconf 85' lang='lat' dir='ltr'><strong>scilicet</strong></span> 
     </span>
     <span class='ocr_line' id='line_1_14' title="bbox 343 1919 1943 1997; baseline 0.002 -21"><span class='ocrx_word' id='word_1_110' title='bbox 343 1919 606 1995; x_wconf 86' lang='lat' dir='ltr'><strong>precibus</strong></span> <span class='ocrx_word' id='word_1_111' title='bbox 633 1919 948 1997; x_wconf 86' lang='lat' dir='ltr'><strong>fatigabunt</strong></span> <span class='ocrx_word' id='word_1_112' title='bbox 972 1939 1074 1978; x_wconf 85' lang='lat' dir='ltr'><strong>eos</strong></span> <span class='ocrx_word' id='word_1_113' title='bbox 1093 1929 1156 1978; x_wconf 89' lang='lat' dir='ltr'><strong>ut</strong></span> <span class='ocrx_word' id='word_1_114' title='bbox 1181 1921 1512 1996; x_wconf 80' lang='lat' dir='ltr'><strong>poenitentia</strong></span> <span class='ocrx_word' id='word_1_115' title='bbox 1537 1939 1601 1979; x_wconf 86' lang='lat' dir='ltr'><strong>se</strong></span> <span class='ocrx_word' id='word_1_116' title='bbox 1628 1921 1943 1980; x_wconf 78' lang='lat' dir='ltr'><strong>sublevent.</strong></span> 
     </span>
    </p>

    <p class='ocr_par' dir='ltr' id='par_1_4' title="bbox 339 2018 2531 2389">
     <span class='ocr_line' id='line_1_15' title="bbox 425 2018 2525 2096; baseline 0.003 -21"><span class='ocrx_word' id='word_1_117' title='bbox 425 2021 524 2075; x_wconf 84' lang='lat'><strong>94.</strong></span> <span class='ocrx_word' id='word_1_118' title='bbox 571 2025 610 2052; x_wconf 81' lang='lat'><strong>‘⁶</strong></span> <span class='ocrx_word' id='word_1_119' title='bbox 631 2018 748 2076; x_wconf 88' lang='lat' dir='ltr'><strong>Per</strong></span> <span class='ocrx_word' id='word_1_120' title='bbox 771 2019 1134 2096; x_wconf 83' lang='lat' dir='ltr'><strong>privilegium</strong></span> <span class='ocrx_word' id='word_1_121' title='bbox 1163 2018 1496 2077; x_wconf 83' lang='lat' dir='ltr'><strong>absolvendi</strong></span> <span class='ocrx_word' id='word_1_122' title='bbox 1523 2020 1593 2077; x_wconf 82' lang='lat' dir='ltr'><strong>ab</strong></span> <span class='ocrx_word' id='word_1_123' title='bbox 1618 2022 1885 2079; x_wconf 86' lang='lat' dir='ltr'><strong>omuibus</strong></span> <span class='ocrx_word' id='word_1_124' title='bbox 1914 2021 2170 2082; x_wconf 75' lang='lat' dir='ltr'><strong>censuris</strong></span> <span class='ocrx_word' id='word_1_125' title='bbox 2206 2039 2323 2080; x_wconf 88' lang='lat' dir='ltr'><strong>non</strong></span> <span class='ocrx_word' id='word_1_126' title='bbox 2362 2022 2525 2082; x_wconf 86' lang='lat' dir='ltr'><strong>intel-</strong></span> 
     </span>
     <span class='ocr_line' id='line_1_16' title="bbox 339 2116 2531 2196; baseline 0.002 -22"><span class='ocrx_word' id='word_1_127' title='bbox 339 2116 534 2192; x_wconf 85' lang='lat' dir='ltr'><strong>ligitur</strong></span> <span class='ocrx_word' id='word_1_128' title='bbox 559 2126 808 2193; x_wconf 82' lang='lat' dir='ltr'><strong>potestas</strong></span> <span class='ocrx_word' id='word_1_129' title='bbox 835 2118 1068 2178; x_wconf 85' lang='lat' dir='ltr'><strong>tollendi</strong></span> <span class='ocrx_word' id='word_1_130' title='bbox 1095 2116 1454 2176; x_wconf 87' lang='lat' dir='ltr'><strong>interdictum</strong></span> <span class='ocrx_word' id='word_1_131' title='bbox 1479 2117 1691 2186; x_wconf 72' lang='lat' dir='ltr'><strong>locale..</strong></span> <span class='ocrx_word' id='word_1_132' title='bbox 1708 2129 1805 2188; x_wconf 74' lang='lat' dir='ltr'><strong>eut</strong></span> <span class='ocrx_word' id='word_1_133' title='bbox 1825 2120 2123 2194; x_wconf 85' lang='lat' dir='ltr'><strong>personale</strong></span> <span class='ocrx_word' id='word_1_134' title='bbox 2145 2121 2441 2196; x_wconf 83' lang='lat' dir='ltr'><strong>generale;</strong></span> <span class='ocrx_word' id='word_1_135' title='bbox 2470 2131 2531 2178; x_wconf 88' lang='lat' dir='ltr'><strong>et</strong></span> 
     </span>
     <span class='ocr_line' id='line_1_17' title="bbox 341 2203 2526 2292; baseline 0.003 -20"><span class='ocrx_word' id='word_1_136' title='bbox 341 2223 602 2272; x_wconf 84' lang='lat' dir='ltr'><strong>neutrum</strong></span> <span class='ocrx_word' id='word_1_137' title='bbox 633 2225 818 2292; x_wconf 89' lang='lat' dir='ltr'><strong>potest</strong></span> <span class='ocrx_word' id='word_1_138' title='bbox 841 2216 984 2283; x_wconf 83' lang='lat' dir='ltr'><strong>tolli,</strong></span> <span class='ocrx_word' id='word_1_139' title='bbox 1011 2203 1120 2274; x_wconf 82' lang='lat' dir='ltr'><strong>nisi</strong></span> <span class='ocrx_word' id='word_1_140' title='bbox 1151 2217 1218 2273; x_wconf 84' lang='lat' dir='ltr'><strong>ab</strong></span> <span class='ocrx_word' id='word_1_141' title='bbox 1241 2216 1480 2274; x_wconf 79' lang='lat' dir='ltr'><strong>hab‘ente</strong></span> <span class='ocrx_word' id='word_1_142' title='bbox 1499 2215 1957 2292; x_wconf 77' lang='lat' dir='ltr'><strong>jurisdictionem</strong></span> <span class='ocrx_word' id='word_1_143' title='bbox 1978 2218 2039 2276; x_wconf 90' lang='lat' dir='ltr'><strong>in</strong></span> <span class='ocrx_word' id='word_1_144' title='bbox 2065 2207 2189 2278; x_wconf 87' lang='lat' dir='ltr'><strong>soro</strong></span> <span class='ocrx_word' id='word_1_145' title='bbox 2208 2229 2445 2282; x_wconf 76' lang='lat' dir='ltr'><strong>externo</strong></span> <span class='ocrx_word' id='word_1_146' title='bbox 2464 2220 2526 2278; x_wconf 89' lang='lat' dir='ltr'><strong>in</strong></span> 
     </span>
     <span class='ocr_line' id='line_1_18' title="bbox 343 2310 2339 2389; baseline 0.002 -18"><span class='ocrx_word' id='word_1_147' title='bbox 343 2314 535 2372; x_wconf 87' lang='lat' dir='ltr'><strong>locum</strong></span> <span class='ocrx_word' id='word_1_148' title='bbox 563 2315 655 2373; x_wconf 85' lang='lat' dir='ltr'><strong>vel</strong></span> <span class='ocrx_word' id='word_1_149' title='bbox 679 2316 1142 2374; x_wconf 81' lang='lat' dir='ltr'><strong>communitatem</strong></span> <span class='ocrx_word' id='word_1_150' title='bbox 1173 2310 1629 2374; x_wconf 58' lang='lat' dir='ltr'><strong>interdieumssffl</strong></span> <span class='ocrx_word' id='word_1_151' title='bbox 2331 2385 2339 2389; x_wconf 36' lang='grc'>,</span> 
     </span>
    </p>

    <p class='ocr_par' dir='ltr' id='par_1_5' title="bbox 334 2411 2534 3779">
     <span class='ocr_line' id='line_1_19' title="bbox 421 2411 2527 2481; baseline 0.004 -11"><span class='ocrx_word' id='word_1_152' title='bbox 421 2415 520 2470; x_wconf 84' lang='grc'><strong>95.</strong></span> <span class='ocrx_word' id='word_1_153' title='bbox 563 2413 824 2472; x_wconf 84' lang='lat' dir='ltr'><strong>Effectus</strong></span> <span class='ocrx_word' id='word_1_154' title='bbox 853 2414 1137 2472; x_wconf 72' lang='lat' dir='ltr'><strong>interdicti</strong></span> <span class='ocrx_word' id='word_1_155' title='bbox 1165 2411 1278 2472; x_wconf 82' lang='lat' dir='ltr'><strong>tres&#39;</strong></span> <span class='ocrx_word' id='word_1_156' title='bbox 1303 2423 1691 2474; x_wconf 75' lang='lat' dir='ltr'><strong>recensentur.</strong></span> <span class='ocrx_word' id='word_1_157' title='bbox 1776 2414 1825 2474; x_wconf 89' lang='grc' dir='ltr'><strong>Ι.</strong></span> <span class='ocrx_word' id='word_1_158' title='bbox 1855 2416 2043 2475; x_wconf 86' lang='lat' dir='ltr'><strong>Missa</strong></span> <span class='ocrx_word' id='word_1_159' title='bbox 2068 2424 2125 2481; x_wconf 83' lang='lat' dir='ltr'><strong>et</strong></span> <span class='ocrx_word' id='word_1_160' title='bbox 2148 2417 2343 2479; x_wconf 74' lang='lat' dir='ltr'><strong>omnia</strong></span> <span class='ocrx_word' id='word_1_161' title='bbox 2362 2436 2527 2478; x_wconf 70' lang='lat' dir='ltr'><strong>sacra</strong></span> 
     </span>
     <span class='ocr_line' id='line_1_20' title="bbox 341 2503 2527 2590; baseline 0.002 -20"><span class='ocrx_word' id='word_1_162' title='bbox 341 2509 551 2578; x_wconf 88' lang='lat' dir='ltr'><strong>officia,</strong></span> <span class='ocrx_word' id='word_1_163' title='bbox 579 2531 690 2569; x_wconf 82' lang='lat' dir='ltr'><strong>una</strong></span> <span class='ocrx_word' id='word_1_164' title='bbox 717 2531 846 2570; x_wconf 88' lang='lat' dir='ltr'><strong>cum</strong></span> <span class='ocrx_word' id='word_1_165' title='bbox 875 2503 1273 2574; x_wconf 73' lang='lat' dir='ltr'><strong>benedictione</strong></span> <span class='ocrx_word' id='word_1_166' title='bbox 1301 2513 1546 2574; x_wconf 78' lang='lat' dir='ltr'><strong>solemni</strong></span> <span class='ocrx_word' id='word_1_167' title='bbox 1575 2513 1899 2590; x_wconf 83' lang='lat' dir='ltr'><strong>nuptiarum</strong></span> <span class='ocrx_word' id='word_1_168' title='bbox 1918 2514 2310 2590; x_wconf 83' lang='lat' dir='ltr'><strong>prohibentur.</strong></span> <span class='ocrx_word' id='word_1_169' title='bbox 2394 2515 2527 2574; x_wconf 80' lang='lat' dir='ltr'><strong>Coe-</strong></span> 
     </span>
     <span class='ocr_line' id='line_1_21' title="bbox 339 2611 2523 2687; baseline 0.002 -19"><span class='ocrx_word' id='word_1_170' title='bbox 339 2621 522 2668; x_wconf 82' lang='lat' dir='ltr'><strong>terum</strong></span> <span class='ocrx_word' id='word_1_171' title='bbox 553 2612 610 2668; x_wconf 86' lang='lat' dir='ltr'><strong>in</strong></span> <span class='ocrx_word' id='word_1_172' title='bbox 639 2612 886 2687; x_wconf 82' lang='lat' dir='ltr'><strong>generali</strong></span> <span class='ocrx_word' id='word_1_173' title='bbox 915 2611 1232 2678; x_wconf 88' lang='lat' dir='ltr'><strong>interdicto,</strong></span> <span class='ocrx_word' id='word_1_174' title='bbox 1262 2613 1362 2683; x_wconf 89' lang='lat' dir='ltr'><strong>qui</strong></span> <span class='ocrx_word' id='word_1_175' title='bbox 1382 2611 1667 2676; x_wconf 81' lang='lat' dir='ltr'><strong>interdicti</strong></span> <span class='ocrx_word' id='word_1_176' title='bbox 1692 2629 1808 2670; x_wconf 84' lang='lat' dir='ltr'><strong>non</strong></span> <span class='ocrx_word' id='word_1_177' title='bbox 1824 2622 1961 2672; x_wconf 86' lang='lat' dir='ltr'><strong>sunt</strong></span> <span class='ocrx_word' id='word_1_178' title='bbox 1982 2613 2176 2672; x_wconf 88' lang='lat' dir='ltr'><strong>clerici</strong></span> <span class='ocrx_word' id='word_1_179' title='bbox 2202 2615 2523 2682; x_wconf 66' lang='lat' dir='ltr'><strong>saeculares,</strong></span> 
     </span>
     <span class='ocr_line' id='line_1_22' title="bbox 342 2709 2525 2786; baseline 0.004 -20"><span class='ocrx_word' id='word_1_180' title='bbox 342 2711 434 2768; x_wconf 84' lang='lat' dir='ltr'><strong>vel</strong></span> <span class='ocrx_word' id='word_1_181' title='bbox 476 2709 750 2786; x_wconf 84' lang='lat' dir='ltr'><strong>religiosi,</strong></span> <span class='ocrx_word' id='word_1_182' title='bbox 795 2720 1038 2785; x_wconf 80' lang='lat' dir='ltr'><strong>possunt</strong></span> <span class='ocrx_word' id='word_1_183' title='bbox 1081 2709 1334 2784; x_wconf 85' lang='lat' dir='ltr'><strong>quotidie</strong></span> <span class='ocrx_word' id='word_1_184' title='bbox 1373 2712 1432 2769; x_wconf 89' lang='lat' dir='ltr'><strong>in</strong></span> <span class='ocrx_word' id='word_1_185' title='bbox 1477 2711 1599 2771; x_wconf 82' lang='lat' dir='ltr'><strong>suis</strong></span> <span class='ocrx_word' id='word_1_186' title='bbox 1644 2711 1904 2768; x_wconf 85' lang='lat' dir='ltr'><strong>ecclesiis</strong></span> <span class='ocrx_word' id='word_1_187' title='bbox 1946 2713 2193 2772; x_wconf 82' lang='lat' dir='ltr'><strong>Missam</strong></span> <span class='ocrx_word' id='word_1_188' title='bbox 2240 2723 2297 2769; x_wconf 87' lang='lat' dir='ltr'><strong>et</strong></span> <span class='ocrx_word' id='word_1_189' title='bbox 2335 2713 2525 2774; x_wconf 78' lang='lat' dir='ltr'><strong>divina</strong></span> 
     </span>
     <span class='ocr_line' id='line_1_23' title="bbox 341 2808 2525 2886; baseline 0.002 -19"><span class='ocrx_word' id='word_1_190' title='bbox 341 2808 531 2867; x_wconf 88' lang='lat' dir='ltr'><strong>officia</strong></span> <span class='ocrx_word' id='word_1_191' title='bbox 555 2809 838 2867; x_wconf 85' lang='lat' dir='ltr'><strong>celebrare</strong></span> <span class='ocrx_word' id='word_1_192' title='bbox 866 2810 1148 2868; x_wconf 88' lang='lat' dir='ltr'><strong>submissa</strong></span> <span class='ocrx_word' id='word_1_193' title='bbox 1173 2827 1335 2877; x_wconf 82' lang='lat' dir='ltr'><strong>voce,</strong></span> <span class='ocrx_word' id='word_1_194' title='bbox 1363 2819 1421 2868; x_wconf 89' lang='lat' dir='ltr'><strong>et</strong></span> <span class='ocrx_word' id='word_1_195' title='bbox 1437 2810 1631 2886; x_wconf 80' lang='lat' dir='ltr'><strong>januis</strong></span> <span class='ocrx_word' id='word_1_196' title='bbox 1658 2810 1890 2877; x_wconf 86' lang='lat' dir='ltr'><strong>clausis,</strong></span> <span class='ocrx_word' id='word_1_197' title='bbox 1914 2811 2163 2870; x_wconf 84' lang='lat' dir='ltr'><strong>exclusis</strong></span> <span class='ocrx_word' id='word_1_198' title='bbox 2190 2830 2525 2872; x_wconf 83' lang='lat' dir='ltr'><strong>excommu-</strong></span> 
     </span>
     <span class='ocr_line' id='line_1_24' title="bbox 339 2903 2525 2986; baseline 0.002 -20"><span class='ocrx_word' id='word_1_199' title='bbox 339 2909 542 2966; x_wconf 80' lang='lat' dir='ltr'><strong>nicatis</strong></span> <span class='ocrx_word' id='word_1_200' title='bbox 583 2920 644 2964; x_wconf 87' lang='lat' dir='ltr'><strong>et</strong></span> <span class='ocrx_word' id='word_1_201' title='bbox 683 2906 1017 2977; x_wconf 85' lang='lat' dir='ltr'><strong>interdictis,</strong></span> <span class='ocrx_word' id='word_1_202' title='bbox 1064 2919 1122 2965; x_wconf 89' lang='lat' dir='ltr'><strong>et</strong></span> <span class='ocrx_word' id='word_1_203' title='bbox 1163 2927 1282 2966; x_wconf 86' lang='lat' dir='ltr'><strong>non</strong></span> <span class='ocrx_word' id='word_1_204' title='bbox 1322 2909 1563 2985; x_wconf 79' lang='lat' dir='ltr'><strong>pulsat-is</strong></span> <span class='ocrx_word' id='word_1_205' title='bbox 1594 2903 1941 2986; x_wconf 76' lang='lat' dir='ltr'><strong>campanis.³</strong></span> <span class='ocrx_word' id='word_1_206' title='bbox 2020 2910 2087 2972; x_wconf 87' lang='lat' dir='ltr'><strong>In</strong></span> <span class='ocrx_word' id='word_1_207' title='bbox 2128 2910 2525 2972; x_wconf 75' lang='lat' dir='ltr'><strong>festivitatibus</strong></span> 
     </span>
     <span class='ocr_line' id='line_1_25' title="bbox 341 3007 2525 3086; baseline 0.002 -22"><span class='ocrx_word' id='word_1_208' title='bbox 341 3007 567 3064; x_wconf 86' lang='lat' dir='ltr'><strong>Natalis</strong></span> <span class='ocrx_word' id='word_1_209' title='bbox 590 3007 850 3076; x_wconf 88' lang='lat' dir='ltr'><strong>Domini,</strong></span> <span class='ocrx_word' id='word_1_210' title='bbox 879 3007 1142 3076; x_wconf 62' lang='lat' dir='ltr'><strong>Paschae,</strong></span> <span class='ocrx_word' id='word_1_211' title='bbox 1171 3008 1565 3074; x_wconf 70' lang='lat' dir='ltr'><strong>pentecostes,</strong></span> <span class='ocrx_word' id='word_1_212' title='bbox 1593 3009 2021 3084; x_wconf 83' lang='lat' dir='ltr'><strong>Assumptionis</strong></span> <span class='ocrx_word' id='word_1_213' title='bbox 2048 3009 2222 3070; x_wconf 80' lang='lat' dir='ltr'><strong>beatae</strong></span> <span class='ocrx_word' id='word_1_214' title='bbox 2247 3011 2525 3086; x_wconf 80' lang='lat' dir='ltr'><strong>Virginis,</strong></span> 
     </span>
     <span class='ocr_line' id='line_1_26' title="bbox 339 3105 2525 3184; baseline 0.002 -20"><span class='ocrx_word' id='word_1_215' title='bbox 339 3115 398 3164; x_wconf 88' lang='lat' dir='ltr'><strong>et</strong></span> <span class='ocrx_word' id='word_1_216' title='bbox 429 3106 489 3163; x_wconf 91' lang='lat' dir='ltr'><strong>in</strong></span> <span class='ocrx_word' id='word_1_217' title='bbox 521 3105 665 3164; x_wconf 82' lang='lat' dir='ltr'><strong>festo</strong></span> <span class='ocrx_word' id='word_1_218' title='bbox 703 3107 958 3184; x_wconf 85' lang='lat' dir='ltr'><strong>corporis</strong></span> <span class='ocrx_word' id='word_1_219' title='bbox 1006 3107 1264 3175; x_wconf 86' lang='lat' dir='ltr'><strong>Domini,</strong></span> <span class='ocrx_word' id='word_1_220' title='bbox 1313 3125 1426 3164; x_wconf 76' lang='lat' dir='ltr'><strong>una</strong></span> <span class='ocrx_word' id='word_1_221' title='bbox 1472 3125 1603 3164; x_wconf 86' lang='lat' dir='ltr'><strong>cum</strong></span> <span class='ocrx_word' id='word_1_222' title='bbox 1646 3117 1759 3164; x_wconf 82' lang='lat' dir='ltr'><strong>tota</strong></span> <span class='ocrx_word' id='word_1_223' title='bbox 1798 3116 2017 3176; x_wconf 77' lang='lat' dir='ltr'><strong>octava,</strong></span> <span class='ocrx_word' id='word_1_224' title='bbox 2052 3107 2185 3168; x_wconf 86' lang='lat' dir='ltr'><strong>licet</strong></span> <span class='ocrx_word' id='word_1_225' title='bbox 2215 3127 2525 3184; x_wconf 51' lang='lat' dir='ltr'><strong>&gt;campanas</strong></span> 
     </span>
     <span class='ocr_line' id='line_1_27' title="bbox 338 3203 2529 3282; baseline 0.002 -20"><span class='ocrx_word' id='word_1_226' title='bbox 338 3203 586 3281; x_wconf 86' lang='lat' dir='ltr'><strong>pulsare,</strong></span> <span class='ocrx_word' id='word_1_227' title='bbox 607 3206 812 3282; x_wconf 83' lang='lat' dir='ltr'><strong>januas</strong></span> <span class='ocrx_word' id='word_1_228' title='bbox 839 3207 1080 3282; x_wconf 68' lang='lat' dir='ltr'><strong>aperire,</strong></span> <span class='ocrx_word' id='word_1_229' title='bbox 1109 3217 1166 3263; x_wconf 90' lang='lat' dir='ltr'><strong>et</strong></span> <span class='ocrx_word' id='word_1_230' title='bbox 1203 3207 1314 3264; x_wconf 86' lang='lat' dir='ltr'><strong>alta</strong></span> <span class='ocrx_word' id='word_1_231' title='bbox 1351 3225 1490 3264; x_wconf 78' lang='lat' dir='ltr'><strong>voce</strong></span> <span class='ocrx_word' id='word_1_232' title='bbox 1531 3205 1818 3264; x_wconf 86' lang='lat' dir='ltr'><strong>celebrare</strong></span> <span class='ocrx_word' id='word_1_233' title='bbox 1859 3206 2051 3267; x_wconf 78' lang='lat' dir='ltr'><strong>diviua</strong></span> <span class='ocrx_word' id='word_1_234' title='bbox 2088 3205 2297 3276; x_wconf 73' lang='lat' dir='ltr'><strong>officia,</strong></span> <span class='ocrx_word' id='word_1_235' title='bbox 2326 3209 2529 3269; x_wconf 80' lang='lat' dir='ltr'><strong>admit-</strong></span> 
     </span>
     <span class='ocr_line' id='line_1_28' title="bbox 338 3300 2527 3384; baseline 0.004 -24"><span class='ocrx_word' id='word_1_236' title='bbox 338 3312 454 3360; x_wconf 88' lang='lat' dir='ltr'><strong>tere</strong></span> <span class='ocrx_word' id='word_1_237' title='bbox 481 3305 652 3362; x_wconf 89' lang='lat' dir='ltr'><strong>etiam</strong></span> <span class='ocrx_word' id='word_1_238' title='bbox 681 3305 1032 3374; x_wconf 82' lang='lat' dir='ltr'><strong>interdictos,</strong></span> <span class='ocrx_word' id='word_1_239' title='bbox 1064 3300 1375 3364; x_wconf 87' lang='lat' dir='ltr'><strong>dummodo</strong></span> <span class='ocrx_word' id='word_1_240' title='bbox 1402 3307 1502 3378; x_wconf 90' lang='lat' dir='ltr'><strong>qui</strong></span> <span class='ocrx_word' id='word_1_241' title='bbox 1543 3325 1775 3384; x_wconf 79' lang='lat' dir='ltr'><strong>causam</strong></span> <span class='ocrx_word' id='word_1_242' title='bbox 1801 3305 2077 3368; x_wconf 82' lang='lat' dir='ltr'><strong>dederunt</strong></span> <span class='ocrx_word' id='word_1_243' title='bbox 2116 3307 2415 3368; x_wconf 83' lang='lat' dir='ltr'><strong>interdicto</strong></span> <span class='ocrx_word' id='word_1_244' title='bbox 2456 3308 2527 3368; x_wconf 84' lang='lat' dir='ltr'><strong>ad</strong></span> 
     </span>
     <span class='ocr_line' id='line_1_29' title="bbox 339 3403 2525 3481; baseline 0.003 -21"><span class='ocrx_word' id='word_1_245' title='bbox 339 3403 512 3461; x_wconf 80' lang='lat' dir='ltr'><strong>altare</strong></span> <span class='ocrx_word' id='word_1_246' title='bbox 527 3422 644 3461; x_wconf 86' lang='lat' dir='ltr'><strong>uon</strong></span> <span class='ocrx_word' id='word_1_247' title='bbox 659 3407 1134 3481; x_wconf 86' lang='lat' dir='ltr'><strong>appropinquent:</strong></span> <span class='ocrx_word' id='word_1_248' title='bbox 1165 3405 1268 3462; x_wconf 84' lang='lat' dir='ltr'><strong>sed</strong></span> <span class='ocrx_word' id='word_1_249' title='bbox 1285 3405 1538 3462; x_wconf 81' lang='lat' dir='ltr'><strong>exclusis</strong></span> <span class='ocrx_word' id='word_1_250' title='bbox 1559 3404 2093 3464; x_wconf 80' lang='lat' dir='ltr'><strong>excommunicatis.</strong></span> <span class='ocrx_word' id='word_1_251' title='bbox 2148 3407 2227 3466; x_wconf 91' lang='grc' dir='ltr'><strong>ΙΙ.</strong></span> <span class='ocrx_word' id='word_1_252' title='bbox 2248 3406 2525 3472; x_wconf 69' lang='lat' dir='ltr'><strong>Quaedam</strong></span> 
     </span>
     <span class='ocr_line' id='line_1_30' title="bbox 337 3503 2527 3584; baseline 0.001 -25"><span class='ocrx_word' id='word_1_253' title='bbox 337 3512 691 3560; x_wconf 79' lang='lat' dir='ltr'><strong>sacramenta</strong></span> <span class='ocrx_word' id='word_1_254' title='bbox 731 3503 1100 3584; x_wconf 74' lang='lat' dir='ltr'><strong>prohibentur</strong></span> <span class='ocrx_word' id='word_1_255' title='bbox 1151 3503 1599 3562; x_wconf 84' lang='lat' dir='ltr'><strong>administranda</strong></span> <span class='ocrx_word' id='word_1_256' title='bbox 1642 3513 1900 3580; x_wconf 83' lang='lat' dir='ltr'><strong>tempore</strong></span> <span class='ocrx_word' id='word_1_257' title='bbox 1952 3503 2268 3571; x_wconf 83' lang='lat' dir='ltr'><strong>interdicti;</strong></span> <span class='ocrx_word' id='word_1_258' title='bbox 2316 3523 2527 3580; x_wconf 76' lang='lat' dir='ltr'><strong>nempe</strong></span> 
     </span>
     <span class='ocr_line' id='line_1_31' title="bbox 337 3600 2526 3686; baseline 0.001 -28"><span class='ocrx_word' id='word_1_259' title='bbox 337 3600 676 3661; x_wconf 77' lang='lat' dir='ltr'><strong>eucharistia</strong></span> <span class='ocrx_word' id='word_1_260' title='bbox 703 3603 860 3660; x_wconf 87' lang='lat' dir='ltr'><strong>laicis</strong></span> <span class='ocrx_word' id='word_1_261' title='bbox 901 3605 1056 3661; x_wconf 87' lang='lat' dir='ltr'><strong>sanis</strong></span> <span class='ocrx_word' id='word_1_262' title='bbox 1095 3621 1208 3660; x_wconf 85' lang='lat' dir='ltr'><strong>non</strong></span> <span class='ocrx_word' id='word_1_263' title='bbox 1254 3603 1551 3678; x_wconf 78' lang='lat' dir='ltr'><strong>praehotur,</strong></span> <span class='ocrx_word' id='word_1_264' title='bbox 1582 3600 1743 3660; x_wconf 86' lang='lat' dir='ltr'><strong>datur</strong></span> <span class='ocrx_word' id='word_1_265' title='bbox 1783 3611 1974 3686; x_wconf 76' lang='lat' dir='ltr'><strong>autem</strong></span> <span class='ocrx_word' id='word_1_266' title='bbox 2008 3601 2183 3672; x_wconf 76' lang='lat' dir='ltr'><strong>otiam</strong></span> <span class='ocrx_word' id='word_1_267' title='bbox 2216 3603 2526 3678; x_wconf 78' lang='lat' dir='ltr'><strong>personali·-</strong></span> 
     </span>
     <span class='ocr_line' id='line_1_32' title="bbox 334 3694 2534 3779; baseline 0.002 -21"><span class='ocrx_word' id='word_1_268' title='bbox 334 3708 420 3758; x_wconf 85' lang='lat' dir='ltr'><strong>ter</strong></span> <span class='ocrx_word' id='word_1_269' title='bbox 461 3700 794 3770; x_wconf 87' lang='lat' dir='ltr'><strong>interdictis,</strong></span> <span class='ocrx_word' id='word_1_270' title='bbox 825 3703 874 3759; x_wconf 85' lang='lat' dir='ltr'><strong>si</strong></span> <span class='ocrx_word' id='word_1_271' title='bbox 917 3703 973 3760; x_wconf 90' lang='lat' dir='ltr'><strong>in</strong></span> <span class='ocrx_word' id='word_1_272' title='bbox 1017 3702 1294 3779; x_wconf 86' lang='lat' dir='ltr'><strong>probabili</strong></span> <span class='ocrx_word' id='word_1_273' title='bbox 1331 3701 1530 3759; x_wconf 83' lang='lat' dir='ltr'><strong>mortis</strong></span> <span class='ocrx_word' id='word_1_274' title='bbox 1574 3700 1829 3776; x_wconf 84' lang='lat' dir='ltr'><strong>periculo</strong></span> <span class='ocrx_word' id='word_1_275' title='bbox 1870 3710 2161 3760; x_wconf 82' lang='lat' dir='ltr'><strong>versentur</strong></span> <span class='ocrx_word' id='word_1_276' title='bbox 2181 3694 2230 3759; x_wconf 74' lang='lat'><strong>2⁴</strong></span> <span class='ocrx_word' id='word_1_277' title='bbox 2268 3710 2534 3763; x_wconf 68' lang='lat' dir='ltr'><strong>extrem</strong></span> 
     </span>
    </p>
   </div>
   <div class='ocr_carea' id='block_1_3' title="bbox 335 3799 2639 3872">
    <p class='ocr_par' dir='ltr' id='par_1_6' title="bbox 335 3799 2639 3872">
     <span class='ocr_line' id='line_1_33' title="bbox 335 3799 2639 3872; baseline 0.001 -15"><span class='ocrx_word' id='word_1_278' title='bbox 335 3801 528 3858; x_wconf 88' lang='lat' dir='ltr'><strong>unctio</strong></span> <span class='ocrx_word' id='word_1_279' title='bbox 555 3819 672 3858; x_wconf 90' lang='lat' dir='ltr'><strong>non</strong></span> <span class='ocrx_word' id='word_1_280' title='bbox 699 3800 860 3858; x_wconf 82' lang='lat' dir='ltr'><strong>datm·</strong></span> <span class='ocrx_word' id='word_1_281' title='bbox 884 3799 1493 3866; x_wconf 49' lang='lat' dir='ltr'><strong>moribundisssaltem</strong></span> <span class='ocrx_word' id='word_1_282' title='bbox 1541 3800 1652 3858; x_wconf 86' lang='lat' dir='ltr'><strong>nisi</strong></span> <span class='ocrx_word' id='word_1_283' title='bbox 1694 3799 1845 3860; x_wconf 81' lang='lat' dir='ltr'><strong>aliud</strong></span> <span class='ocrx_word' id='word_1_284' title='bbox 1874 3811 2288 3862; x_wconf 79' lang='lat' dir='ltr'><strong>sacramentum</strong></span> <span class='ocrx_word' id='word_1_285' title='bbox 2316 3819 2529 3872; x_wconf 83' lang='lat' dir='ltr'><strong>neque·-</strong></span> <span class='ocrx_word' id='word_1_286' title='bbox 2630 3813 2639 3821; x_wconf 92' lang='grc'><em>·</em></span> 
     </span>
    </p>
   </div>
   <div class='ocr_carea' id='block_1_4' title="bbox 333 3897 2610 4174">
    <p class='ocr_par' dir='ltr' id='par_1_7' title="bbox 333 3897 2610 4174">
     <span class='ocr_line' id='line_1_34' title="bbox 333 3897 2525 3975; baseline 0.001 -19"><span class='ocrx_word' id='word_1_287' title='bbox 333 3910 432 3957; x_wconf 86' lang='lat' dir='ltr'><strong>ant</strong></span> <span class='ocrx_word' id='word_1_288' title='bbox 456 3899 744 3974; x_wconf 81' lang='lat' dir='ltr'><strong>recipere:</strong></span> <span class='ocrx_word' id='word_1_289' title='bbox 775 3899 1056 3958; x_wconf 84' lang='lat' dir='ltr'><strong>ordinatio</strong></span> <span class='ocrx_word' id='word_1_290' title='bbox 1083 3917 1198 3956; x_wconf 91' lang='lat' dir='ltr'><strong>non</strong></span> <span class='ocrx_word' id='word_1_291' title='bbox 1225 3899 1322 3956; x_wconf 84' lang='lat' dir='ltr'><strong>fit:</strong></span> <span class='ocrx_word' id='word_1_292' title='bbox 1353 3899 1675 3975; x_wconf 85' lang='lat' dir='ltr'><strong>nuptiarum</strong></span> <span class='ocrx_word' id='word_1_293' title='bbox 1702 3897 2023 3964; x_wconf 78' lang='lat' dir='ltr'><strong>benedictio</strong></span> <span class='ocrx_word' id='word_1_294' title='bbox 2050 3917 2166 3960; x_wconf 79' lang='lat' dir='ltr'><strong>non</strong></span> <span class='ocrx_word' id='word_1_295' title='bbox 2194 3899 2391 3967; x_wconf 61' lang='lat' dir='ltr'><strong>datum</strong></span> <span class='ocrx_word' id='word_1_296' title='bbox 2422 3901 2525 3958; x_wconf 88' lang='lat' dir='ltr'><strong>sed</strong></span> 
     </span>
     <span class='ocr_line' id='line_1_35' title="bbox 335 3997 2610 4073; baseline 0.001 -18"><span class='ocrx_word' id='word_1_297' title='bbox 335 3999 760 4056; x_wconf 83' lang='lat' dir='ltr'><strong>matrimonium</strong></span> <span class='ocrx_word' id='word_1_298' title='bbox 783 3999 1132 4057; x_wconf 80' lang='lat' dir='ltr'><strong>contrahitur</strong></span> <span class='ocrx_word' id='word_1_299' title='bbox 1160 3999 1348 4055; x_wconf 89' lang='lat' dir='ltr'><strong>minus</strong></span> <span class='ocrx_word' id='word_1_300' title='bbox 1377 3997 1731 4069; x_wconf 68' lang='lat' dir='ltr'><strong>solemniter,</strong></span> <span class='ocrx_word' id='word_1_301' title='bbox 1787 3999 2141 4073; x_wconf 84' lang='lat' dir='ltr'><strong>Baptismus,</strong></span> <span class='ocrx_word' id='word_1_302' title='bbox 2170 3999 2527 4058; x_wconf 83' lang='lat' dir='ltr'><strong>confirmatio</strong></span> <span class='ocrx_word' id='word_1_303' title='bbox 2601 4008 2610 4017; x_wconf 87' lang='lat'>&#39;</span> 
     </span>
     <span class='ocr_line' id='line_1_36' title="bbox 333 4097 2528 4174; baseline 0.002 -22"><span class='ocrx_word' id='word_1_304' title='bbox 333 4105 392 4152; x_wconf 90' lang='lat' dir='ltr'><strong>et</strong></span> <span class='ocrx_word' id='word_1_305' title='bbox 416 4097 750 4174; x_wconf 85' lang='lat' dir='ltr'><strong>poenitentia</strong></span> <span class='ocrx_word' id='word_1_306' title='bbox 775 4097 950 4156; x_wconf 87' lang='lat' dir='ltr'><strong>libere</strong></span> <span class='ocrx_word' id='word_1_307' title='bbox 990 4097 1472 4164; x_wconf 85' lang='lat' dir='ltr'><strong>administrantur,</strong></span> <span class='ocrx_word' id='word_1_308' title='bbox 1503 4098 1670 4155; x_wconf 88' lang='lat' dir='ltr'><strong>etiam</strong></span> <span class='ocrx_word' id='word_1_309' title='bbox 1711 4098 1783 4155; x_wconf 74' lang='lat' dir='ltr'><strong>ab</strong></span> <span class='ocrx_word' id='word_1_310' title='bbox 1824 4097 1897 4154; x_wconf 89' lang='lat' dir='ltr'><strong>iis</strong></span> <span class='ocrx_word' id='word_1_311' title='bbox 1938 4097 2035 4169; x_wconf 91' lang='lat' dir='ltr'><strong>qui</strong></span> <span class='ocrx_word' id='word_1_312' title='bbox 2076 4097 2321 4173; x_wconf 83' lang='lat' dir='ltr'><strong>generali</strong></span> <span class='ocrx_word' id='word_1_313' title='bbox 2357 4098 2528 4158; x_wconf 86' lang='lat' dir='ltr'><strong>inter·</strong></span> 
     </span>
    </p>
   </div>
   <div class='ocr_carea' id='block_1_5' title="bbox 541 4299 2357 4454">
    <p class='ocr_par' dir='ltr' id='par_1_8' title="bbox 541 4299 2357 4454">
     <span class='ocr_line' id='line_1_37' title="bbox 541 4299 2357 4370; baseline 0.002 -24"><span class='ocrx_word' id='word_1_314' title='bbox 541 4301 625 4366; x_wconf 90' lang='lat'><strong>(1)</strong></span> <span class='ocrx_word' id='word_1_315' title='bbox 667 4300 727 4352; x_wconf 88' lang='lat' dir='ltr'><strong>C.</strong></span> <span class='ocrx_word' id='word_1_316' title='bbox 751 4301 849 4350; x_wconf 81' lang='lat' dir='ltr'><strong>xvi.</strong></span> <span class='ocrx_word' id='word_1_317' title='bbox 873 4301 932 4353; x_wconf 83' lang='lat' dir='ltr'><strong>de</strong></span> <span class='ocrx_word' id='word_1_318' title='bbox 953 4306 1078 4352; x_wconf 72' lang='lat' dir='ltr'><strong>sent.</strong></span> <span class='ocrx_word' id='word_1_319' title='bbox 1101 4318 1282 4352; x_wconf 77' lang='lat' dir='ltr'><strong>excom.</strong></span> <span class='ocrx_word' id='word_1_320' title='bbox 1694 4305 1779 4370; x_wconf 78' lang='lat'><strong>(2)</strong></span> <span class='ocrx_word' id='word_1_321' title='bbox 1819 4300 2050 4361; x_wconf 87' lang='lat' dir='ltr'><strong>Antoine,</strong></span> <span class='ocrx_word' id='word_1_322' title='bbox 2072 4299 2163 4351; x_wconf 80' lang='lat' dir='ltr'><strong>ubi</strong></span> <span class='ocrx_word' id='word_1_323' title='bbox 2182 4317 2357 4367; x_wconf 72' lang='lat' dir='ltr'><strong>supra.</strong></span> 
     </span>
     <span class='ocr_line' id='line_1_38' title="bbox 545 4383 2311 4454; baseline 0 -22"><span class='ocrx_word' id='word_1_324' title='bbox 545 4385 630 4450; x_wconf 86' lang='lat'><strong>(3)</strong></span> <span class='ocrx_word' id='word_1_325' title='bbox 671 4384 796 4450; x_wconf 78' lang='lat' dir='ltr'><strong>Cap.</strong></span> <span class='ocrx_word' id='word_1_326' title='bbox 821 4385 988 4445; x_wconf 85' lang='lat' dir='ltr'><strong>Alma,</strong></span> <span class='ocrx_word' id='word_1_327' title='bbox 1012 4386 1068 4436; x_wconf 82' lang='lat' dir='ltr'><strong>de</strong></span> <span class='ocrx_word' id='word_1_328' title='bbox 1090 4391 1214 4436; x_wconf 77' lang='lat' dir='ltr'><strong>sent.</strong></span> <span class='ocrx_word' id='word_1_329' title='bbox 1229 4402 1412 4438; x_wconf 80' lang='lat' dir='ltr'><strong>excom.</strong></span> <span class='ocrx_word' id='word_1_330' title='bbox 1433 4387 1486 4434; x_wconf 88' lang='lat' dir='ltr'><strong>in</strong></span> <span class='ocrx_word' id='word_1_331' title='bbox 1509 4387 1556 4434; x_wconf 88' lang='grc'><strong>6.</strong></span> <span class='ocrx_word' id='word_1_332' title='bbox 1698 4387 1783 4454; x_wconf 85' lang='grc'><strong>(4)</strong></span> <span class='ocrx_word' id='word_1_333' title='bbox 1824 4385 1947 4452; x_wconf 81' lang='lat' dir='ltr'><strong>Gap.</strong></span> <span class='ocrx_word' id='word_1_334' title='bbox 1971 4386 2039 4436; x_wconf 82' lang='lat' dir='ltr'><strong>xi.</strong></span> <span class='ocrx_word' id='word_1_335' title='bbox 2064 4383 2120 4436; x_wconf 84' lang='lat' dir='ltr'><strong>de</strong></span> <span class='ocrx_word' id='word_1_336' title='bbox 2130 4384 2311 4454; x_wconf 74' lang='lat' dir='ltr'><strong>poenz‘t.</strong></span> 
     </span>
    </p>
   </div>
   <div class='ocr_carea' id='block_1_6' title="bbox 1410 4485 1633 4572">
    <p class='ocr_par' dir='ltr' id='par_1_9' title="bbox 1410 4485 1633 4572">
     <span class='ocr_line' id='line_1_39' title="bbox 1410 4485 1633 4572; baseline 0 -32"><span class='ocrx_word' id='word_1_337' title='bbox 1410 4485 1523 4540; x_wconf 71' lang='lat'><strong>34*</strong></span> <span class='ocrx_word' id='word_1_338' title='bbox 1626 4564 1633 4572; x_wconf 25' lang='grc' dir='ltr'>ι</span> 
     </span>
    </p>
   </div>
  </div>
 </body>
</html>
