3117 5217
1114 574 1228 632 DE
1273 573 1652 633 SIMONIA.
2366 581 2485 634 253

381 743 474 798 84.
515 739 712 797 Poenae
739 738 1144 796 ecclesiasticis
1169 737 1296 795 latae
1323 749 1458 796 sunt
1483 748 1683 796 contra
1708 739 2015 797 simoniam
2042 737 2399 797 admittentes
2426 742 2485 798 in

311 839 551 915 ingressu
584 838 678 894 vel
703 837 1069 914 professione
1095 837 1414 912 religionis,
1445 839 1502 895 in
1543 837 1920 904 ordinatione,
1968 849 2065 893 aut
2099 839 2159 894 in
2186 839 2485 905 beneficio,

314 954 416 1007 quo
441 938 670 994 nomine
697 954 936 993 munera
963 935 1322 1011 superiorum
1353 938 1413 993 in
1439 935 1731 994 ordinibus
1776 937 2059 1014 religiosis
2098 936 2481 995 includuntur.

313 1033 393 1090 Ad
431 1054 522 1092 eas
567 1033 984 1093 contrahendas
1024 1053 1114 1091 res
1155 1034 1464 1110 spiritualis
1506 1044 1629 1092 actu
1678 1034 1925 1093 tradatur
1960 1052 2197 1092 necesse
2238 1047 2325 1092 est
2344 1033 2391 1101 ;1
2430 1045 2489 1092 et

307 1134 454 1208 juxta
479 1135 686 1191 multos
716 1132 1190 1209 res-temporalis,
1221 1133 1422 1190 saltem
1450 1131 1604 1203 quod
1632 1143 1869 1208 partem.

382 1236 473 1289 85.
515 1232 582 1301 In
609 1230 910 1289 beneficiis
941 1232 1460 1289 excommunicatio
1483 1231 1659 1307 Papae
1688 1242 1969 1290 reservata
1984 1231 2113 1307 ipso
2132 1231 2281 1291 facto
2302 1233 2487 1290 incur-

314 1331 455 1397 ritur,
482 1332 550 1387 ab
575 1349 642 1388 ea
670 1331 1116 1406 suscipientibus
1143 1329 1479 1396 simoniace,
1523 1339 1581 1386 et
1631 1330 1700 1387 ab
1744 1331 2009 1388 omnibus
2056 1348 2216 1387 suam
2256 1349 2487 1407 operam

315 1429 554 1486 simoniae
597 1421 1054 1504 praestantibus.²
1135 1428 1386 1486 Collatio
1410 1428 1499 1485 vel
1522 1429 1777 1504 provisio
1802 1430 1961 1487 nulla
1986 1446 2217 1503 prorsus
2244 1439 2333 1486 est
2358 1439 2485 1488 ante

315 1545 526 1584 omnem
553 1522 916 1608 sententiam,
945 1538 1004 1584 et
1027 1526 1371 1586 beneficium
1403 1525 1728 1586 necessario
1756 1537 1841 1584 est
1868 1525 2262 1584 dimittendum
2288 1521 2333 1594 3³
2357 1528 2491 1584 licet

316 1625 542 1684 simonia
583 1627 658 1682 sit
697 1627 886 1684 solum
931 1625 1380 1684 conventionalis
1427 1619 1667 1683 mixta.⁴
1749 1626 2075 1684 Simoniace
2128 1625 2341 1682 electus
2399 1626 2490 1684 vel

315 1725 559 1798 provisus
585 1725 650 1780 fit
675 1725 944 1782 inhabilis
971 1723 1044 1781 ad
1070 1722 1222 1782 idem
1267 1724 1649 1792 beneficium3
1694 1743 1801 1782 nec
1840 1733 2030 1802 potest
2068 1722 2210 1781 illud
2234 1742 2307 1781 ex
2336 1725 2484 1800 epis·

317 1823 430 1897 copi
445 1822 872 1898 dispensatione
893 1816 1198 1890 obtinere,⁵
1223 1823 1334 1880 nisi
1361 1823 1603 1880 simonia
1625 1842 1698 1880 eo
1726 1824 2041 1900 ignorante,
2060 1841 2167 1880 nec
2188 1832 2365 1880 ratam
2394 1822 2489 1878 ha-

317 1920 488 1988 bente,
504 1924 574 1979 sit
599 1915 902 1980 admissa.⁶
982 1921 1108 1980 Imo
1134 1921 1200 1978 fit
1225 1921 1490 1978 inhabilis
1515 1921 1587 1978 ad
1614 1941 2003 1994 quascumque
2026 1922 2162 1979 alias
2184 1920 2483 1997 dignitates

318 2028 365 2075 et
410 2013 736 2078 beneficia.⁷
818 2021 1080 2078 Simonia
1123 2020 1292 2078 realis
1344 2021 1404 2077 in
1457 2022 1771 2096 praelaturis
1824 2022 2217 2098 religiosorum
2271 2019 2488 2078 inducit

320 2120 960 2178 excommunicationem
1002 2119 1175 2195 Papae
1219 2129 1584 2186 reservatam,
1629 2129 1687 2176 et
1737 2111 2143 2198 obligationem
2170 2117 2486 2198 dimittepdi

321 2211 563 2275 munuS.⁸
603 2220 800 2276 Poenae
829 2218 1110 2293 speciales
1138 2218 1394 2274 simoniae
1423 2217 1781 2276 confidentiae
1803 2217 2038 2276 adnexae
2058 2227 2225 2274 sunt:
2256 2235 2488 2274 excom·

319 2318 609 2376 municatio
637 2319 812 2392 Papae
839 2327 1139 2383 reservata,
1167 2317 1216 2373 si
1245 2316 1641 2388 delinquentes
1668 2317 1783 2374 sint
1822 2318 2117 2375 inferiores
2154 2316 2477 2392 episcopis:

322 2416 560 2490 episcopi
589 2417 740 2477 enim
771 2425 983 2473 tantum
1013 2413 1423 2474 interdicuntur
1447 2416 1703 2492 ingressu
1732 2417 2025 2474 ecclesiae:
2055 2417 2297 2493 privatio
2316 2416 2487 2472 bene-

321 2512 422 2570 ficii
447 2533 548 2590 per
586 2514 992 2572 confidentiam
1020 2515 1344 2594 obtenti,5et
1368 2515 1691 2572 innabilitas
1739 2514 1807 2571 ad
1854 2514 2012 2580 illud,
2056 2524 2112 2570 et
2150 2514 2220 2570 ad
2264 2514 2371 2570 alia
2398 2531 2486 2570 ac·

324 2613 614 2681 quirenda:
659 2605 777 2672 irno
805 2613 1046 2688 privatio
1084 2614 1491 2674 beneficiorum
1541 2620 1703 2669 antea
1743 2613 1995 2688 legitime
2038 2606 2489 2687 possessorum.⁹

254 2790 258 2794 ι
325 2708 450 2768 Haec
470 2712 736 2788 pleraque
759 2711 827 2770 ad
850 2731 956 2769 nos
978 2711 1121 2770 nihil
1143 2701 1394 2778 attinent,
1413 2730 1590 2783 quum
1620 2729 1735 2768 non
1763 2711 1877 2767 sint
1902 2709 2053 2785 apud
2080 2728 2186 2767 nos
2214 2707 2487 2767 beneficia

325 2810 494 2868 stricte
511 2811 694 2878 dicta;
724 2811 828 2870 sed
849 2829 916 2868 ea
937 2810 1162 2885 penitus
1189 2811 1450 2888 ignorare
1479 2810 1563 2868 fas
1590 2829 1705 2867 non
1734 2819 1821 2867 est
1845 2809 2132 2884 theologo·

391 2913 482 2966 86.
526 2911 721 2968 Poe'nae
749 2910 1008 2968 simoniae
1037 2911 1095 2966 in
1129 2910 1482 2968 ordinatione
1504 2909 1766 2966 admissae
1806 2920 1937 2966 sunt
1976 2907 2489 2964 excommunicatio

331 3005 483 3083 Papae
510 3018 814 3076 reservata,
844 3027 1014 3081 quam
1043 3010 1172 3084 ipso
1201 3008 1350 3066 facto
1376 3009 1669 3066 incurrunt
1684 3017 1807 3066 tam
1830 3007 2120 3073 ordinanS‚
2145 3025 2313 3077 quam
2342 3005 2489 3064 ordi-

325 3115 468 3164 natus
486 3101 563 3174 3¹⁰
587 3108 878 3166 ordinatus
907 3106 1272 3184 suspenditur
1286 3109 1354 3165 ab
1372 3107 1629 3166 omnium
1648 3105 1911 3165 ordinum
1940 3105 2233 3173 exercitio,
2258 3115 2316 3162 et
2340 3103 2491 3161 ordi-

324 3220 446 3263 nans
482 3225 587 3281 per
629 3207 932 3266 triennium
961 3207 1030 3264 ab
1073 3206 1364 3265 ordinibus
1399 3198 1839 3274 conferendiS‚¹¹
1882 3207 2016 3273 imo,
2050 3206 2219 3282 juxta
2262 3205 2483 3264 bullam

328 3300 456 3362 Sixti
485 3307 561 3364 V.
625 3306 942 3374 Sanctum,
972 3307 1042 3363 ab
1062 3306 1398 3364 executione
1419 3307 1679 3364 omnium
1720 3324 2019 3364 munerum
2049 3304 2487 3381 pontificalium,

328 3409 376 3457 et
396 3405 458 3460 ab
483 3406 757 3482 ingressu,
771 3407 1050 3464 ecclesiae.

394 3506 482 3561 87.
526 3504 724 3562 Poenae
775 3505 1032 3564 simoniae
1073 3505 1222 3561 circa
1259 3504 1580 3579 ingressum
1623 3502 1937 3580 religionis,
1966 3510 2025 3557 et
2050 3501 2486 3576 professionem,

333 3613 450 3658 sunt
471 3605 989 3662 excommunicatio
1019 3604 1146 3678 ipso
1173 3602 1320 3660 facto
1349 3602 1524 3678 Papae
1549 3611 1854 3667 reservata,
1883 3618 1995 3672 qua
2014 3599 2261 3683 ligantur
2277 3597 2487 3672 singuli

333 3695 508 3758 dantes
535 3712 594 3759 et
638 3703 1007 3778 accipientes,
1053 3710 1111 3759 et
1135 3701 1440 3776 suspensio
1468 3702 1536 3758 ab
1578 3699 1780 3757 officiis
1820 3695 2219 3774 capitularibus
2266 3696 2325 3753 in
2352 3713 2486 3752 con·

396 3873 471 3939 (1)
508 3875 711 3923 Exti-av.
728 3876 761 3925 i.
783 3883 832 3925 et
847 3877 897 3926 ii.
919 3875 980 3927 de
999 3875 1177 3926 simon.
1199 3881 1249 3923 et
1267 3873 1392 3924 Can.
1415 3873 1448 3922 i.
1471 3889 1552 3937 qu.
1575 3873 1611 3923 i.

395 3961 471 4024 (2)
508 3962 708 4010 Extrav.
730 3962 762 4010 i.
789 3961 922 4012 Cum
948 3959 1239 4012 detestabile.
1456 3961 1535 4025 (3)
1576 3956 1731 4008 Cone.
1756 3956 2010 4005 Constant.
2030 3954 2159 4003 Sess.
2179 3954 2299 4003 xliii.

399 4047 474 4112 (4)
513 4047 639 4096 Vide
661 4046 878 4094 Antoine
899 4045 1061 4094 Tract-
1083 4044 1143 4094 de
1177 4045 1366 4097 Virtute
1390 4041 1553 4110 Relig.
1572 4059 1615 4092 c.
1637 4043 1669 4091 i.
1692 4048 1777 4091 art.
1801 4041 1866 4090 iii.
1886 4057 1966 4104 qu.
1990 4041 2091 4090 xxi.

397 4132 474 4198 (5)
513 4131 634 4195 Cap.
658 4130 808 4180 xxvii.
825 4130 885 4180 de
905 4131 1136 4182 simonia.
1444 4131 1528 4195 (6)
1571 4128 1693 4192 Cap.
1716 4127 1899 4192 penult.
1922 4125 1979 4177 de
2004 4125 2133 4176 elect.

397 4215 474 4280 (7)
512 4215 657 4263 Bulla
677 4231 724 4262 v·
748 4214 800 4287 S.
813 4214 902 4278 J³ii
925 4215 988 4264 V.
1441 4215 1524 4280 (8)
1564 4213 1705 4261 Extr.
1734 4211 1871 4260 C'um
1894 4208 2187 4262 detestabile.

401 4297 479 4363 (9)
515 4297 659 4346 Bulla
679 4295 952 4346 lxxxv.·Pii
974 4296 1078 4356 IV.,
1101 4303 1150 4345 et
1171 4295 1320 4345 Bulla
1339 4297 1509 4346 lxxxv.
1532 4296 1613 4344 Pii
1644 4295 1701 4343 V.

397 4381 506 4446 (10)
543 4381 740 4430 Extrav.
771 4380 908 4430 Cum
931 4378 1223 4431 detestabile.

399 4467 509 4531 (11)
547 4465 666 4529 Cap.
689 4466 788 4514 xIV.
813 4463 872 4515 de
893 4465 1073 4518 simon.

472 4562 617 4622 Vor„
661 4562 906 4620 11.-23
941 4617 950 4622 .
