3117 5217
1070 674 1081 682 ,
1159 604 1272 665 DE
1314 601 1928 675 TESTAMENTO.
2516 601 2625 658 151

439 779 567 854 jure
594 786 823 845 nostro;
860 776 961 834 sed
999 775 1511 834 fideicommissarii
1551 795 1655 852 pro
1679 775 1872 834 labore
1915 772 2236 833 mercedem
2281 791 2316 830 a
2353 772 2510 830 curia
2547 789 2624 830 ex

450 878 727 934 testatoris
752 876 919 934 bonis
946 874 1252 948 aliquando
1278 875 1578 950 recipiunt.

522 979 621 1034 29.
672 973 1090 1052 olographum
1134 983 1529 1031 testamentum
1577 993 1610 1029 a
1653 961 1918 1030 testatore
1963 972 2342 1046 subscriptum
2385 968 2516 1027 loco
2567 979 2626 1026 et

444 1083 699 1149 tempore
725 1073 1054 1149 designatis,
1082 1073 1265 1131 nihilo
1292 1073 1654 1148 intel-scripto
1683 1071 1868 1128 aliena
1904 1089 2097 1138 manu,
2131 1071 2262 1146 jure
2291 1068 2444 1126 civili
2471 1068 2624 1125 valet

448 1173 658 1244 absque
699 1173 925 1230 testium
966 1170 1403 1247 subscriptione.
1413 1166 1433 1199 ¹
1515 1171 1601 1226 Ita
1625 1170 1752 1245 lege
1793 1170 2102 1246 provincia-'2
2143 1167 2469 1225 Louisianae
2513 1175 2623 1224 sta-

446 1279 626 1328 tutum
653 1281 758 1328 est.
844 1270 913 1328 In
940 1270 1201 1345 Virginia
1238 1269 1409 1326 etiam
1448 1267 1652 1328 valet.
1625 1259 1650 1293 ²
1729 1267 2163 1326 Testamentum
2203 1265 2462 1324 solemne
2494 1267 2626 1342 jure

446 1370 601 1426 civili
628 1378 848 1443 septem
878 1368 1056 1442 exigit
1081 1375 1249 1422 testes
1271 1383 1478 1432 mareS,
1507 1366 1770 1440 pubereS‚
1794 1376 1851 1424 et
1877 1384 2113 1441 capaces
2135 1365 2204 1422 ad
2231 1364 2623 1440 recipiendum

452 1485 527 1522 ex
578 1474 933 1530 testamentO,
975 1466 1065 1521 cui
1116 1466 1286 1521 etiam
1338 1464 1691 1521 subscribere
1743 1456 2001 1522 debent.3
2085 1463 2176 1520 Ad
2229 1472 2624 1522 testamentum

448 1563 517 1621 ad
557 1566 681 1638 pias
726 1581 928 1622 causas
970 1562 1259 1620 sufficiunt
1292 1561 1405 1620 duo
1438 1572 1629 1630 testes,
1669 1564 1876 1635 quibus
1916 1562 2088 1620 etiam
2129 1559 2540 1629 deficientibus,
2573 1561 2626 1619 si

447 1671 669 1720 constet
708 1662 777 1720 de
822 1661 1103 1718 testatoris
1146 1662 1452 1728 voluntate,
1486 1661 1640 1718 valet
1669 1663 1732 1720 in
1764 1663 1890 1720 foro
1929 1661 2170 1728 interno,
2213 1677 2390 1731 quum
2431 1660 2517 1718 illi
2555 1659 2626 1717 ad

450 1761 809 1838 probandum
834 1767 1051 1818 tantum
1078 1754 1488 1832 requirahtur.⁴
1544 1759 1638 1817 Ad
1676 1759 2000 1820 codicillum
2027 1775 2448 1832 quemcumque
2476 1757 2632 1816 suffi-

446 1861 603 1919 ciunt
628 1860 884 1932 quinque
907 1867 1077 1918 testes
1104 1859 1277 1916 etiam
1303 1877 1419 1917 non
1449 1855 1684 1935 rogati.⁵
2053 1887 2057 1892 ·

526 1963 623 2016 30.
650 1957 917 2034 'Legibus
962 1958 1317 2016 Americanis
1367 1957 1656 2034 plerisque
1707 1958 1954 2034 exigitur
1991 1965 2055 2014 ut
2104 1964 2504 2013 testamentum
2555 1953 2626 2012 de

445 2057 610 2115 bonis
636 2057 1021 2115 immobilibus
1060 2058 1273 2133 scripto
1310 2056 1425 2124 fiat,
1452 2065 1510 2114 et
1534 2075 1569 2114 a
1596 2065 1856 2114 testatore
1894 2057 2293 2122 subscribatur,
2321 2055 2414 2114 vel
2449 2055 2518 2112 ab
2555 2071 2628 2112 eo

446 2174 613 2213 suum
642 2173 771 2213 esse
796 2164 1131 2232 agnoscatur
1156 2173 1346 2214 coram
1385 2153 1606 2212 duobus
1645 2155 1844 2212 saltem
1877 2155 2133 2221 testibus,
2163 2154 2262 2226 qui
2285 2162 2346 2211 et
2383 2153 2627 2210 subscri-

440 2255 590 2314 bant.
599 2247 623 2282 ⁶
703 2254 851 2312 Tres
878 2264 1049 2312 testes
1076 2255 1137 2312 in
1163 2253 1451 2311 nonnullis
1480 2253 1788 2336 provinciis
1829 2253 2150 2336 exiguntur.
2233 2251 2303 2309 In
2329 2251 2625 2327 provincia

446 2352 875 2410 Viridismontis
915 2352 1103 2428 sigillo
1143 2352 1281 2410 illud
1320 2353 1604 2411 muniatur
1639 2370 1876 2410 necesse
1916 2363 2021 2410 est.
2033 2345 2040 2352 ’
2104 2351 2174 2409 In
2202 2349 2629 2425 Pennsylvania

447 2452 496 2508 si
524 2460 693 2508 testes
734 2451 875 2509 nulli
902 2449 1287 2516 adhibeantur,
1318 2451 1407 2508 vel
1435 2460 1642 2526 praesto
1681 2469 1799 2508 non
1824 2451 1956 2517 sint,
1986 2450 2208 2525 probari
2246 2457 2436 2524 potest
2463 2457 2630 2506 testa-

448 2559 700 2609 mentum
729 2549 987 2615 aliorum,
1018 2549 1116 2620 qui
1143 2549 1426 2604 testatoris
1453 2549 1790 2623 scripturam
1817 2557 2042 2613 norunt,
2072 2541 2447 2604 testimonio.⁷

524 2653 622 2706 31.
691 2646 1196 2724 Nuncupativum
1250 2654 1654 2702 testamentum·
1701 2644 1856 2718 quod
1913 2643 2128 2701 seilicet
2189 2663 2288 2701 ore
2347 2644 2628 2700 testatoris

448 2747 659 2819 absque
704 2747 913 2821 scripto
965 2745 1050 2812 fit,
1094 2745 1260 2810 valet,
1306 2745 1476 2820 juxta
1518 2743 1678 2820 leges
1727 2742 2276 2808 Neo-Eboracenas,
2331 2750 2388 2798 et
2439 2741 2626 2798 Novae

444 2845 481 2902 J
486 2864 696 2910 ersaeae,
725 2845 774 2900 si
800 2844 897 2900 fiat
922 2863 954 2900 a
980 2845 1163 2900 nautis
1192 2844 1280 2900 vel
1308 2843 1617 2909 militibus3
1646 2843 1814 2918 juxta
1841 2841 2072 2898 aliarum
2103 2838 2471 2912 quarumdam
2500 2857 2628 2914 pro-

444 2945 759 3000 vinciarum
787 2941 966 3016 leges,
995 2942 1143 2997 valet
1168 2960 1201 2997 a
1228 2959 1590 3014 quocumque
1617 2940 1846 3008 factum,
1878 2940 2047 2997 etiam
2075 2938 2146 2995 de
2178 2939 2344 2996 bonis
2370 2937 2632 2996 immobi-

446 3040 616 3116 libus,
645 3039 879 3096 servatis
902 3038 1238 3111 quibusdam
1264 3038 1704 3096 conditionibus.
1790 3037 1960 3105 Quod
1980 3037 2128 3115 apud
2150 3038 2370 3114 Anglos
2397 3046 2634 3094 vocatur

444 3138 513 3196 de
541 3137 833 3198 fraudibus
858 3147 1146 3205 statutum,
1166 3142 1269 3196 29.
1302 3136 1495 3195 Caroli
1523 3137 1604 3195 ΙΙ.
1627 3155 1778 3195 anno
1805 3138 2001 3204 latum,
2029 3138 2158 3213 lege
2187 3136 2632 3213 Pennsylvaniae

522 3281 607 3345 (1)
648 3278 857 3328 Novella
871 3277 920 3326 ii.
943 3277 1003 3326 de
1037 3276 1366 3326 Testamentu-
1434 3275 1587 3326 “The
1619 3276 1714 3324 law
1745 3276 1804 3324 of
1829 3273 2109 3348 Itouisisna,
2148 3275 2202 3323 in
2240 3281 2428 3338 respect
2457 3281 2508 3322 to
2541 3274 2634 3322 last

450 3363 575 3412 wille
597 3363 639 3411 is
660 3362 888 3426 peculiar.
957 3359 1123 3420 wius,
1146 3361 1299 3410 under
1320 3361 1403 3409 the
1424 3359 1542 3408 code
1567 3360 1624 3409 of
1647 3359 1753 3408 that
1773 3365 1909 3416 state,
1932 3374 2011 3414 are
2048 3358 2105 3406 of
2130 3359 2262 3407 three
2293 3357 2462 3416 kinds;
2502 3373 2629 3406 nun-

449 3447 669 3510 cupative
692 3461 746 3494 or
768 3459 911 3509 open,
932 3446 1113 3508 mystic
1134 3461 1188 3493 or
1226 3444 1401 3502 scaled,
1424 3443 1522 3492 and
1557 3443 1849 3506 olographic.
1917 3441 2061 3504 They
2085 3457 2163 3490 are
2185 3443 2249 3490 all
2270 3448 2321 3490 to
2343 3443 2403 3489 be
2426 3441 2479 3488 in
2504 3441 2632 3488 writ-

449 3531 535 3593 ing
503 3549 548 3593 g.
572 3565 585 3578 .
610 3565 622 3578 .
646 3531 757 3578 The
778 3530 921 3589 third,
944 3544 997 3578 or
1031 3529 1307 3592 olographic
1328 3535 1600 3587 testmnent,
1622 3528 1666 3575 is
1687 3541 1781 3574 one
1803 3526 2005 3587 entirely
2028 3525 2234 3583 written,
2257 3524 2355 3572 and
2377 3524 2546 3584 signed
2566 3527 2632 3586 by

457 3617 538 3664 the
561 3621 769 3674 testator,
793 3614 889 3663 and
912 3615 1096 3678 subiect
1116 3620 1167 3661 to
1187 3628 1254 3661 no
1277 3613 1412 3662 other
1433 3613 1570 3671 form,
1595 3611 1691 3660 and
1730 3626 1842 3673 may
1863 3611 1923 3658 be
1963 3608 2103 3657 made
2143 3614 2229 3656 out
2262 3607 2318 3656 of
2343 3606 2424 3654 the
2465 3607 2632 3654 state!
2603 3606 2632 3630 ’'

455 3700 601 3751 Kent’
604 3717 630 3750 s
661 3699 857 3750 Comm-
878 3700 974 3747 vol.
996 3699 1059 3747 iv.
1081 3705 1188 3762 part
1208 3697 1272 3745 vi.
1295 3699 1381 3746 lec.
1404 3697 1555 3745 lxviii.
1580 3698 1695 3744 520.

522 3787 653 3849 (2)‘
656 3784 750 3833 ‘In
776 3783 994 3844 Virginia
1014 3789 1113 3830 two
1135 3781 1436 3842 subscribing
1457 3781 1710 3830 witnesses
1736 3778 1798 3827 do
1831 3783 1923 3826 not
1951 3791 2081 3824 seem
2103 3781 2154 3824 to
2174 3777 2234 3824 be
2257 3773 2627 3838 indispensable,

452 3867 678 3930 provided
718 3867 801 3916 the
840 3867 941 3915 will
980 3866 1069 3915 has
1107 3867 1231 3914 been
1269 3864 1449 3927 wholly
1484 3863 1676 3912 written
1713 3868 1812 3920 out,
1849 3859 1945 3909 and
1979 3859 2150 3920 signed
2181 3861 2245 3922 by
2269 3858 2353 3943 the
2390 3856 2631 3907 testator?

452 3951 648 4009 Ibidem,
672 3967 721 3999 n.
748 3952 861 3998 514.

524 4037 607 4100 (3)
648 4034 706 4082 L.
730 4033 841 4084 Hac
863 4032 1251 4092 cmtsultissima,
1273 4030 1333 4080 de
1354 4037 1461 4079 test.
1666 4030 1750 4096 (4)
1791 4027 1852 4077 C.
1877 4025 2131 4086 Relatum,
2153 4025 2214 4075 de
2235 4032 2340 4075 test.

526 4119 610 4183 (5)
650 4117 709 4166 L.
731 4118 818 4166 fin.
844 4121 890 4176 ς.
914 4117 999 4165 fin.
1022 4116 1126 4164 cod,
1150 4115 1208 4164 de
1239 4115 1365 4166 Test.

532 4202 616 4265 (6)
655 4199 831 4248 Kent's
854 4199 1047 4248 Comm.
1070 4200 1165 4247 vol.
1186 4199 1251 4248 iv.
1273 4204 1379 4261 part
1399 4196 1461 4245 vi.
1486 4197 1574 4246 lec.
1597 4195 1748 4244 lxviii.
1770 4194 1835 4244 iv.
1857 4210 1908 4244 n.
1923 4195 2039 4242 514.

526 4285 611 4348 (7)
650 4292 680 4317 “
693 4283 751 4334 In
778 4282 1153 4346 Pennsylvania,
1178 4297 1208 4331 a
1228 4281 1391 4330 devise
1414 4281 1471 4328 of
1496 4279 1636 4329 lands
1656 4279 1710 4327 in
1731 4279 1926 4339 writing
1948 4277 2048 4326 will
2070 4279 2129 4326 be
2151 4277 2292 4339 good,
2314 4276 2523 4324 without
2543 4292 2642 4338 any

412 4401 437 4428 o
456 4368 753 4430 subscribing
773 4369 1039 4428 witnesses‚
1060 4368 1290 4431 provided
1311 4366 1393 4415 the
1428 4365 1745 4428 authenticity
1769 4364 1827 4412 of
1851 4364 1890 4413 it
1909 4380 2003 4412 can
2036 4364 2095 4411 be
2130 4361 2309 4425 proved
2330 4363 2392 4423 by
2416 4366 2515 4407 two
2536 4361 2642 4408 wit-

454 4467 647 4512 nesses3
681 4453 777 4518 and
810 4453 855 4501 if
879 4453 961 4502 the
994 4453 1095 4502 will
1126 4455 1186 4502 be
1218 4451 1490 4502 subscribed
1531 4451 1597 4514 by
1619 4450 1833 4507 witness,
1866 4448 2012 4512 proof
2037 4447 2093 4494 of
2117 4447 2156 4495 it
2187 4461 2300 4507 may
2335 4446 2393 4491 be
2416 4442 2557 4490 made
2579 4445 2643 4504 by

463 4535 665 4583 others-’²
736 4536 935 4586 Ibidem.
