3117 5217
1245 521 1358 579 DE
1403 520 1787 581 DOMINIS.
2539 526 2615 580 39

426 690 642 763 bilique
667 691 912 750 concilio
931 688 1214 748 decedens
1239 690 1518 748 bonorum
1549 689 1700 761 quod
1728 690 2007 766 optaverit
2032 688 2351 760 relinquere
2374 709 2389 757 3
2420 700 2476 747 et
2500 708 2617 747 non

427 792 542 847 sint
566 809 732 847 cassa.
745 790 966 866 judicia
993 785 1194 869 (ejus).
1281 787 1448 846 Nihil
1475 789 1629 847 enim
1657 800 1747 846 est
1772 788 1925 861 quod
1953 789 2135 863 magis
2166 787 2493 847 hominibus
2520 789 2617 845 de·

426 889 643 955 beatur,
675 907 844 959 quam
881 898 944 946 ut
981 903 1264 963 supremae
1306 888 1630 955 voluntatis,
1658 898 1960 962 postquam
1992 888 2115 963 jam
2144 885 2295 945 aliud
2324 888 2471 946 velle
2499 906 2617 946 non

429 982 689 1061 possunt,
710 988 856 1045 liber
871 989 948 1045 sit
966 987 1174 1063 stylus,
1197 996 1254 1043 et
1271 986 1488 1044 licitum
1505 987 1659 1059 quod
1681 989 1883 1069 iterum
1913 1005 2029 1044 non
2059 986 2207 1043 redit
2230 986 2583 1044 arbitrium.”
2598 982 2617 1013 ¹

505 1091 606 1143 23.
650 1085 864 1162 Injuria
889 1088 1036 1143 bona
1061 1085 1462 1151 ecclesiastica,
1507 1104 1635 1158 quae
1678 1088 1953 1162 majorum
2003 1084 2183 1160 pietas
2226 1087 2285 1142 in
2328 1104 2469 1143 usus
2493 1086 2617 1142 reli·

428 1185 616 1259 gionis
661 1185 917 1252 contulit,
964 1184 1292 1241 invaserunt
1335 1184 1625 1261 principes
1665 1195 1959 1257 coetusque
2005 1184 2223 1251 civiles,
2266 1193 2321 1240 et
2362 1184 2431 1241 ad
2474 1184 2615 1241 alios

427 1283 832 1341 transtulerunt
854 1300 1015 1347 usus,
1045 1300 1079 1337 a
1099 1290 1294 1338 ‘mente
1339 1282 1675 1340 donatorum
1716 1302 1946 1358 prorsus
1993 1283 2241 1350 alienos3
2282 1302 2417 1341 nam
2462 1283 2618 1340 nulla

425 1382 756 1455 reipublicae
782 1383 843 1439 in
867 1399 940 1438 ea
965 1388 1236 1454 potestas,
1265 1380 1374 1437 nisi
1401 1382 1736 1447 necessitate
1777 1382 1973 1440 salutis
2010 1382 2333 1439 communis
2360 1393 2614 1457 urgente.

428 1479 666 1555 Optime
695 1480 923 1555 scripsit
965 1477 1337 1545 Hincmarus‚
1380 1479 1729 1539 Rhemensis
1769 1480 2255 1555 archiepiscopus,
2286 1498 2435 1543 anno
2476 1484 2615 1547 881,

429 1578 499 1634 ad
527 1576 884 1636 Ludovicum
913 1576 1047 1634 III.:
1093 1585 1130 1611 ‘⁶
1149 1578 1297 1634 Sunt
1322 1578 1420 1649 qui
1449 1576 1663 1645 dicunt,
1706 1588 1767 1635 ut
1805 1578 2013 1645 audivi,
2045 1580 2177 1651 quia
2203 1596 2293 1635 res
2322 1578 2618 1637 ecclesias-

427 1678 552 1735 ticae
579 1678 1005 1753 episcopiorum
1031 1676 1094 1733 in
1121 1686 1304 1732 vestra
1345 1677 1462 1733 sint
1500 1685 1797 1753 potestate,
1840 1686 1903 1735 ut
1938 1678 2279 1749 cuicumque
2305 1678 2615 1744 voluerim,

429 1794 523 1831 eas
552 1774 794 1833 donetiS.
880 1774 1049 1841 Quod
1077 1775 1129 1831 si
1155 1775 1232 1831 ita
1257 1785 1361 1842 est,
1397 1775 1492 1833 ille
1531 1776 1819 1852 malignus
1858 1777 2111 1852 spiritus,
2154 1778 2254 1849 qui
2274 1818 2289 1833 .
2316 1818 2329 1833 .
2357 1818 2370 1833 .
2401 1778 2619 1852 primos

429 1883 688 1948 parentes
714 1884 937 1931 nostros
979 1872 1245 1949 perdidit,
1289 1873 1667 1950 perditionem
1694 1885 1938 1933 vestram
1980 1876 2040 1933 in
2084 1894 2247 1933 aures
2274 1888 2489 1932 vestras
2528 1894 2621 1931 su-

429 1984 626 2030 surrat.
711 1974 954 2030 Sanctus
981 1990 1228 2047 namque
1255 1973 1521 2048 Spiritus,
1550 1992 1655 2050 per
1694 1992 1795 2031 eos
1822 1975 1921 2046 qui
1960 1993 2089 2032 cum
2118 1972 2355 2032 Christo
2390 1974 2449 2031 in
2476 1973 2621 2031 coelo

426 2082 679 2147 regnant,
709 2074 842 2129 etin
871 2072 1032 2128 terris
1061 2072 1344 2129 miraculis
1371 2082 1693 2143 coruscant,
1722 2072 1888 2141 dixit,
1916 2084 1979 2131 et
2002 2092 2187 2146 usque
2215 2072 2286 2130 ad
2311 2090 2418 2130 nos
2446 2074 2620 2147 scrip-

431 2171 500 2226 tis
527 2171 822 2245 pervenire
863 2170 1016 2236 fecit,
1047 2169 1266 2237 dicens,
1309 2188 1400 2227 res
1437 2180 1494 2227 et
1529 2171 1821 2229 facultates
1862 2173 2259 2230 ecclesiasticae
2308 2170 2619 2228 oblationes

432 2270 804 2345 appellantur,
834 2271 968 2341 quia
993 2267 1244 2326 Domino
1271 2268 1605 2337 offeruntur,
1634 2279 1692 2326 et
1716 2280 1845 2328 vota
1870 2282 2003 2332 sunt
2024 2270 2280 2327 fidelium
2305 2311 2320 2326 .
2342 2311 2357 2326 .
2381 2311 2396 2326 .
2416 2270 2466 2326 si
2488 2270 2617 2341 quis

433 2366 528 2423 illa
553 2370 821 2443 rapuerit,
851 2387 982 2426 reus
1009 2378 1097 2425 est
1122 2367 1496 2425 damnationis
1523 2370 1760 2427 Ananias
1786 2378 1845 2427 et
1883 2364 2241 2446 Saphirae.”²

513 2468 614 2522 24.
657 2468 799 2533 Quae
839 2467 1020 2525 semel
1065 2466 1246 2523 dicata
1289 2476 1422 2523 sunt
1461 2466 1657 2525 divino
1700 2467 1895 2534 cultui,
1938 2468 2343 2543 imperatorum
2390 2468 2619 2542 pio'rum

434 2563 782 2633 liberalitate,
811 2566 901 2622 vel
929 2567 1276 2642 privatorum
1303 2563 1513 2632 studio,
1542 2564 1634 2621 vel
1674 2566 1743 2621 ab
1784 2566 2073 2641 episcopis
2109 2565 2253 2640 ipsis
2292 2584 2365 2621 ex
2392 2582 2499 2621 suo
2526 2583 2623 2639 pa-

436 2662 724 2732 trimonio,
753 2673 809 2721 et
833 2663 1090 2723 fidelium
1115 2662 1529 2739 largitionibus,
1559 2680 1873 2733 numquam
1900 2663 2057 2721 licuit
2081 2672 2358 2738 repetere.
2402 2662 2623 2720 Idcirco

439 2762 778 2821 Ambrosius
833 2762 1232 2821 Valentiniano
1261 2763 1612 2838 imperatori,
1640 2761 1944 2841 ecclesiam
1982 2762 2042 2819 in
2080 2779 2249 2819 usum
2284 2760 2625 2819 Arianorum

437 2864 715 2935 poscenti,
744 2881 956 2937 magno
980 2862 1168 2918 animo
1211 2861 1436 2928 restitit,
1486 2862 1689 2919 nolens
1735 2873 2009 2937 praeterea
2052 2860 2404 2933 aliquatenus
2432 2860 2622 2917 favere

437 2958 658 3017 haeresi.
747 2970 785 2996 ‘⁶
810 2958 1128 3036 Respondi,
1171 2958 1323 3031 quod
1363 2970 1482 3016 erat
1521 2960 1761 3026 ordiniS,
1789 2959 2065 3035 templum
2104 2958 2218 3017 Dei
2261 2980 2295 3015 a
2332 2958 2629 3018 sacerdote

438 3059 579 3115 tradi
606 3078 722 3117 non
749 3077 921 3134 posse
945 3100 960 3117 .
982 3100 997 3115 .
1020 3100 1034 3115 .
1067 3056 1398 3116 Convenior
1425 3078 1457 3115 a
1477 3059 1779 3116 comitibus
1808 3070 1865 3116 et
1888 3058 2145 3126 tribunis,
2174 3057 2489 3115 dicentibus
2518 3059 2624 3115 im·

437 3170 752 3231 peratorem
785 3159 916 3234 jure
957 3176 1063 3215 suo
1111 3158 1212 3224 uti,
1261 3174 1332 3213 eo
1377 3156 1530 3229 quod
1576 3158 1636 3215 in
1684 3167 1957 3232 potestate
1996 3158 2121 3235 ejus
2168 3166 2363 3215 essent
2406 3158 2615 3215 omnia.

439 3255 755 3332 Respondi,
785 3259 835 3315 si
863 3277 896 3313 a
922 3274 1013 3313 me
1052 3265 1268 3332 peteret
1293 3256 1446 3326 quod
1486 3276 1677 3314 meum
1724 3268 1893 3335 esset,
1922 3257 1981 3313 id
2008 3267 2115 3324 est,
2142 3256 2380 3314 fundum
2407 3256 2649 3322 meum‚''

439 3366 732 3432 argentum
761 3374 974 3423 meum,
1003 3354 1228 3429 quidvis
1270 3354 1599 3429 hujusmodi
1638 3374 1852 3425 meum,
1882 3375 1977 3413 me
2015 3375 2135 3414 non
2172 3356 2620 3430 refragaturum:

439 3473 784 3527 quamquam
811 3456 1004 3513 omnia
1030 3472 1156 3527 quae
1197 3454 1310 3511 mei
1357 3464 1490 3511 sunt
1529 3463 1723 3513 essent
1761 3474 2111 3532 pauperum:
2154 3472 2351 3511 verum
2394 3472 2461 3509 ea
2498 3471 2625 3524 quae

440 3564 572 3611 sunt
595 3553 809 3621 divina,
838 3554 1210 3630 imperatoriae
1251 3553 1515 3628 potestati
1561 3573 1679 3612 non
1720 3572 1849 3611 esse
1890 3555 2165 3630 subjecta.
2250 3552 2319 3608 Si
2358 3551 2626 3625 patrimo·

436 3654 596 3711 nium
623 3654 852 3729 petitur,
893 3652 1176 3711 invadite:
1219 3652 1269 3708 si
1297 3670 1525 3729 corpuS‚
1568 3671 1888 3711 occurram.
1975 3651 2163 3733 Vultis
2204 3650 2263 3705 in
2294 3647 2519 3705 vincula
2544 3668 2627 3705 ra-

439 3752 611 3825 pere?
665 3752 835 3809 vultis
881 3753 940 3809 in
985 3751 1269 3810 mortem?
1328 3750 1607 3827 voluptati
1651 3760 1740 3807 est
1786 3748 1949 3805 mihi.
2038 3747 2177 3805 Non
2222 3766 2331 3824 ego
2378 3747 2628 3805 vallabor

441 3850 882 3909 circumfusione
927 3850 1290 3927 populorum,
1331 3868 1440 3907 nec
1480 3849 1673 3906 altaria
1714 3848 1917 3905 tenebo
1944 3848 2117 3905 vitam
2158 3848 2482 3915 obsecrans,
2526 3848 2631 3905 sed

444 3947 550 4024 prd
575 3948 839 4007 altaribus
881 3950 1089 4027 gratius
1118 3946 1872 4006 immolabor.—Mandatur
1915 3946 2195 4019 denique:
2240 3946 2395 4003 trade
2437 3947 2627 4005 basili-

446 4065 589 4103 cam.
672 4048 1056 4126 Respondeo:
1099 4065 1206 4103 nec
1231 4045 1374 4103 mihi
1414 4044 1497 4103 fas
1537 4056 1626 4102 est
1661 4046 1913 4103 tradere:
1955 4066 2061 4104 nec
2088 4047 2190 4107 tibi
2219 4046 2493 4122 accipere,
2525 4046 2629 4101 irn-

451 4154 692 4219 perator‚
721 4146 974 4225 expedit.
1017 4146 1274 4205 Domum
1293 4145 1496 4221 privati
1521 4145 1679 4204 nullo
1706 4140 1881 4222 potes
1888 4146 2017 4222 jure
2044 4155 2353 4215 temerare:
2396 4143 2631 4202 domum

589 4338 672 4402 (l)
711 4336 771 4385 In
786 4336 891 4385 cod.
914 4335 1102 4384 Theod.
1125 4336 1157 4385 1.
1180 4336 1264 4385 xvi
1286 4335 1358 4383 tit.
1383 4335 1434 4383 ii.
1451 4334 1544 4395 leg.
1567 4334 1630 4382 iv.
1650 4340 1699 4382 et
1722 4300 1897 4383 in-cod.
1915 4332 1944 4382 J
1948 4333 2095 4382 nstin.
2118 4333 2150 4381 1.
2172 4332 2204 4381 i.
2226 4331 2298 4380 tit.
2320 4331 2371 4380 ii.
2394 4331 2425 4379 1.
2448 4330 2482 4379 i.

1008 4420 1090 4485 (2)
1130 4418 1287 4481 Epist.
1313 4416 1397 4467 xii.
1419 4432 1470 4466 n.
1492 4416 1555 4465 iv,
1582 4418 1725 4481 Oper.
1748 4423 1783 4463 t.
1802 4415 1853 4463 ii.
1877 4430 1923 4479 p.
1948 4418 2059 4464 190.
