3117 5217
553 568 670 623 382
1093 562 1208 623 DE
1249 562 1753 623 EXOOMMUN
1760 560 1841 623 lc
1854 562 2115 623 ΑΤῙΟΝ
2118 564 2197 623 Ε.

551 728 856 787 Perenseio
882 728 1026 787 levis
1053 745 1180 802 qnae
1219 728 1472 787 mortalis
1512 730 1731 807 pcccati
1756 746 1874 787 non
1898 728 2069 787 habet
2110 728 2403 797 malitiam,
2434 748 2735 789 censuram

548 828 830 886 ullatenus
855 846 973 887 non
991 827 1227 885 inducit.

625 931 726 985 78.
759 928 825 985 Si
851 929 982 999 quis
1009 926 1245 995 dubitet,
1263 934 1454 983 utrum
1479 925 1823 985 contraxerit
1848 943 2170 992 censuram,
2200 934 2355 985 tenet
2380 927 2446 985 S.
2470 926 2731 1003 Alphen-

549 1042 650 1083 ωε
677 1043 809 1085 eum
837 1044 952 1083 non
978 1026 1188 1102 privari
1213 1026 1468 1083 libertate
1497 1024 1985 1092 communicandi,
2014 1024 2197 1083 donec
2236 1025 2309 1083 de
2338 1026 2569 1085 vinculo
2594 1044 2728 1084 con-

551 1119 727 1181 etetz¹
767 1134 1016 1183 attamen
1044 1124 1306 1183 Colletue
1331 1124 1623 1183 contendit
1662 1142 1792 1181 eum
1836 1123 2041 1181 debere
2082 1141 2147 1179 ee
2186 1120 2523 1193 abstinere?
2560 1126 2731 1183 nixus

545 1220 866 1281 Innocentii
891 1224 1003 1282 111.
1033 1224 1282 1291 decreto,
1323 1222 1394 1281 de
1429 1224 1727 1299 episcope,
1760 1224 1883 1296 qui,
1910 1222 2169 1298 neglecta
2196 1223 2347 1281 fama
2386 1223 2614 1300 publiea
2656 1222 2726 1281 de

541 1324 1138 1381 excommunicatione
1163 1324 1224 1381 in
1251 1340 1383 1379 eum
1410 1322 1540 1390 lata,
1574 1322 1907 1381 solemniter
1930 1320 2251 1379 celebravit.
2294 1322 2583 1381 Gaeterum
2612 1341 2727 1380 non

539 1420 702 1479 valde
729 1423 915 1498 arguit
939 1440 1074 1481 eum
1103 1420 1372 1480 Pontifex
1411 1438 1482 1478 eo
1509 1440 1584 1479 ex
1612 1421 1796 1497 capite
1820 1440 1835 1477 z
1881 1427 1923 1454 ‘⁶
1944 1419 2111 1477 Licet
2136 1430 2321 1479 autem
2366 1422 2426 1477 in
2466 1421 2579 1479 hoc
2606 1441 2723 1481 non

541 1518 796 1579 videatur
821 1523 1060 1579 omnino
1085 1520 1386 1597 culpabilis
1425 1520 1722 1579 extitisse:
1764 1520 1903 1592 quia
1936 1528 2127 1575 tamen
2168 1518 2229 1575 in
2270 1518 2461 1577 dubiis
2502 1521 2597 1577 via
2637 1530 2725 1577 est

541 1618 802 1695 eligenda
827 1621 1020 1688 tutior,
1049 1620 1158 1677 etsi
1185 1620 1256 1678 de
1294 1620 1404 1677 lata
1441 1620 1502 1677 in
1541 1636 1671 1677 enm
1712 1617 1993 1677 sententia
2018 1616 2319 1685 dubitaret,
2348 1618 2618 1677 debuerat
2645 1630 2723 1677 ta-

541 1736 674 1777 men
726 1720 914 1794 potius
965 1738 1030 1776 ee
1075 1719 1380 1785 abstinere,
1433 1736 1605 1790 quam
1650 1724 2001 1775 sacramenta
2046 1716 2435 1775 ecclesiastica
2478 1728 2728 1793 pertrac-

540 1814 757 1875 tare.”³

607 1991 690 2055 (1)
731 1988 782 2035 S.
807 1989 952 2051 Alph.
976 1990 1008 2037 1.
1031 1990 1112 2038 vii.
1133 2005 1183 2039 n.
1209 1992 1288 2037 67.
1535 1990 1626 2054 (2)
1655 1986 1744 2059 *De
1768 1986 2017 2048 CensnriS,
2039 2004 2087 2053 p.
2110 1989 2159 2038 ii.
2181 2005 2224 2039 c.
2246 1990 2279 2039 i.
2302 1996 2387 2039 art.
2411 2006 2458 2039 v·
2480 2007 2562 2055 qu.
2586 1992 2650 2042 iv·

1216 2074 1301 2139 (3)
1342 2071 1465 2136 Cap.
1488 2072 1630 2133 Illud,
1655 2072 1712 2123 de
1730 2071 1839 2124 cler.
1864 2089 2048 2125 excom.
