3117 5217
1203 592 1487 652 CAPUT
1528 591 1895 651 UNIOUM.
2518 594 2645 656 293

456 762 581 809 rant
604 754 663 811 in
690 755 945 823 homine,
972 756 1121 813 sicut
1146 756 1447 835 adjuvante
1492 756 1934 815 ministerialiter
1975 757 2082 815 sub
2124 749 2348 817 Deo.”¹
2430 764 2470 792 ‘⁸
2491 757 2632 815 Non

456 848 589 908 licet
612 871 839 928 sperare
864 854 936 913 de
964 855 1155 927 aliquo
1182 856 1435 924 homine,
1454 858 1547 915 vel
1573 854 1643 913 dc
1670 855 1862 929 aliqua
1885 864 2160 922 creatura,
2189 856 2336 912 sicut
2361 854 2430 911 de
2451 857 2632 931 prima

456 967 629 1007 causa
666 962 943 1010 movente·
968 954 1029 1011 in
1074 954 1525 1035 beatitudinem3
1585 955 1752 1013 Licet
1797 964 1984 1033 autem
2036 972 2268 1029 sperare
2313 952 2384 1010 de
2441 954 2632 1025 aliquo

456 1047 713 1117 homine,
742 1051 837 1109 vel
860 1050 932 1109 de
958 1053 1149 1125 aliqua
1172 1063 1443 1121 creatura,
1480 1049 1638 1111 sicut*
1653 1054 1726 1112 de
1757 1063 1958 1129 agente
1983 1052 2320 1109 secundario
2345 1060 2404 1111 et
2423 1053 2632 1111 instru-

456 1150 707 1216 mentali,
726 1168 831 1225 per
854 1149 1008 1222 quod
1034 1152 1249 1224 aliquis·
1267 1152 1566 1230 adjuvatur
1575 1152 1650 1209 ad
1671 1170 2046 1225 quaecumque
2066 1153 2217 1208 bona
2232 1150 2634 1223 consequenda

454 1246 515 1302 in
538 1247 1245 1325 beatitudinem-ordinata.
1328 1252 1409 1309 Et
1435 1252 1547 1309 hoc
1592 1250 1762 1309 modo
1803 1249 1874 1307 ad
1901 1259 2124 1307 sanctos
2151 1245 2634 1307 convertimur-3⁹²

456 1344 594 1401 Suis
620 1348 834 1403 meritis
862 1365 1035 1407 nemo
1052 1349 1227 1407 fidere
1252 1348 1438 1418 debet,
1456 1349 1558 1406 sed
1585 1368 1654 1406 ea
1679 1368 1753 1405 ex
1773 1349 1948 1425 gratia
1973 1348 2234 1416 derivari,
2263 1359 2320 1405 et
2345 1347 2460 1405 Dei
2483 1348 2636 1405 dona

452 1460 587 1500 esse
616 1463 967 1521 agnosceret
1010 1465 1135 1519 quae
1184 1458 1373 1508 tamen
1418 1448 1683 1506 fiduciam
1714 1446 1995 1520 quandam
2023 1447 2292 1523 proebent.
2375 1446 2441 1503 S.
2472 1446 2634 1505 Hila-

457 1542 585 1599 rion
611 1544 785 1601 animi
812 1544 1245 1621 trepidationem
1286 1549 1415 1605 vitae
1456 1547 1731 1604 dinturnoe
1773 1546 2048 1605 memoria
2091 1544 2324 1602 sedabat
2347 1546 2633 1603 moribun-

422 1719 425 1721 v
450 1638 587 1698 dus.
673 1642 822 1700 Vide
848 1653 907 1701 et
924 1644 1199 1704 Ezechiae
1220 1638 1614 1722 exemplum.³

536 1742 633 1797 66.
677 1740 845 1807 Quod
872 1742 999 1815 quis
1025 1761 1129 1820 spe
1148 1744 1353 1803 ductus
1380 1753 1525 1821 agat,
1548 1744 1706 1802 omni
1724 1751 1878 1801 caret
1895 1743 2064 1803 vitio·
2095 1760 2272 1816 quum
2299 1742 2452 1799 enim
2474 1700 2634 1800 Deus

448 1835 749 1898 hominem
776 1843 1051 1899 creaverit
1086 1851 1149 1900 ut
1177 1844 1315 1901 felix
1346 1845 1431 1901 sit
1452 1845 1514 1902 in
1544 1860 1747 1909 aarum,
1777 1860 2022 1914 eumque
2048 1842 2124 1899 ita
2154 1842 2517 1899 constituerit
2539 1860 2637 1899 na·

450 1943 595 2003 tura,
624 1946 686 1995 ut
710 1941 1035 1998 necessario
1058 1941 1119 1998 id
1144 1942 1297 2009 velit,
1325 1942 1468 2000 nihil
1492 1942 1617 2000 vitii
1637 1942 1696 1998 in
1723 1958 1793 1998 eo
1818 1950 2006 2017 potest
2045 1958 2194 2008 esse,
2223 1940 2377 2012 quod
2401 1940 2637 1997 beatitu-

407 2102 411 2106 ,
448 2032 643 2093 dinem
668 2055 832 2095 suam
859 2057 963 2115 spe
989 2041 1421 2117 contempletur,
1444 2049 1501 2098 et
1526 2049 1757 2117 quaerat.
1843 2039 2052 2112 Neque
2073 2040 2166 2097 sui
2183 2038 2420 2097 felicitas
2437 2039 2504 2096 fit
2521 2037 2636 2098 hoc

450 2145 621 2220 pacto
646 2154 938 2195 summum
961 2130 1213 2196 ⁸hominis
1248 2139 1497 2197 studium
1536 2156 1666 2196 cum
1701 2138 1909 2195 divinae
1949 2139 2260 2215 majestatis
2297 2136 2634 2214 dispendi03
2742 2218 2746 2223 ¹

452 2249 569 2289 non
594 2235 747 2291 enirn
778 2235 939 2293 Deus
966 2236 1035 2293 ad
1060 2236 1353 2295 hominem
1378 2228 1646 2303 refertur,
1662 2237 1836 2294 veluti
1862 2238 2004 2293 ratio
2029 2255 2143 2309 qua
2167 2235 2456 2293 beatitudo
2482 2256 2638 2295 com·

452 2333 639 2403 parari
664 2334 877 2407 possit:
906 2329 1189 2393 sed'Deus
1210 2337 1333 2411 ipse
1352 2336 1487 2394 finis
1512 2336 1686 2393 estin
1715 2354 1884 2408 quem
1905 2334 2082 2393 homo
2107 2335 2306 2403 tendit,
2328 2344 2386 2391 et
2403 2334 2638 2407 quidem

454 2427 651 2485 ordine
694 2439 913 2499 servato
958 2451 1129 2504 quem
1176 2433 1335 2491 Deus
1376 2436 1590 2501 statuit,
1633 2436 1694 2491 in
1732 2426 1864 2510 ipso
1915 2434 2258 2492 beatitudine
2311 2434 2634 2505 quaerenda.

452 2525 679 2583 Psaltes
714 2529 995 2587 mercedis
1018 2530 1207 2607 ‘hujus
1230 2550 1343 2607 spe
1378 2550 1439 2588 se
1472 2533 1786 2590 excitatum
1817 2532 1994 2589 fuisse
2027 2530 2096 2589 ad
2129 2533 2394 2590 virtutum
2423 2535 2640 2591 exerci-

450 2624 591 2683 tium
616 2636 852 2686 testatus
885 2636 1003 2685 est:
1048 2629 1374 2687 “inclinavi
1403 2648 1501 2687 cor
1538 2648 1730 2688 meum
1769 2628 1840 2705 ad
1877 2629 2164 2687 faciendas
2201 2631 2636 2707 justificationes

451 2731 573 2781 tuas
614 2726 673 2783 in
708 2737 979 2785 aeternum
1020 2738 1251 2805 propter
1286 2722 1806 2787 retributionem.”⁴
1885 2726 2096 2786 Merito
2141 2729 2310 2804 igitur
2353 2728 2640 2787 damnavit

450 2821 775 2881 Alexander
799 2826 966 2883 VIII.
998 2828 1419 2903 propositiones
1440 2836 1782 2899 sequentes:
1853 2828 2158 2885 “Intentio
2177 2844 2290 2899 qua
2309 2829 2442 2900 quis
2455 2827 2638 2885 detes·

452 2927 599 2976 tatur
622 2923 857 2992 malum,
886 2934 945 2981 et
967 2929 1331 3000 prosequitur
1356 2928 1590 2993 bonurn,
1619 2945 1774 2983 mere
1807 2936 1870 2983 ut
1907 2926 2194 2983 coelestem
2233 2927 2482 2985 obtineat
2517 2926 2636 3003 glo-

451 3017 613 3087 riam,
642 3038 759 3103 non
786 3033 875 3080 est
898 3032 1069 3091 recta,
1092 3043 1199 3083 nec
1217 3025 1347 3083 Deo
1368 3024 1666 3101 placens.”
1699 3066 1714 3081 .
1747 3067 1762 3081 .
1796 3065 1812 3081 .
1867 3032 1906 3060 ‘⁶
1924 3024 2204 3097 Quisquis
2223 3026 2393 3083 etiam
2414 3036 2636 3083 aeternae

450 3118 731 3177 mercedis
756 3121 959 3180 intuitu
988 3122 1117 3180 Deo
1138 3124 1455 3190 famulatur,
1482 3123 1752 3181 charitate
1777 3124 1829 3181 si
1855 3124 2116 3191 caruerit,
2141 3125 2284 3181 ‘vitio
2312 3142 2429 3182 non
2462 3134 2636 3193 caret,

450 3218 671 3285 quoties
710 3219 913 3279 intuitu
956 3222 1087 3281 licet
1124 3222 1482 3281 beatitudinis
1524 3215 1888 3299 operatur-”⁵
1958 3231 2009 3261 ⁴⁸
2032 3222 2204 3281 'I’unc
2245 3233 2432 3281 tamen
2475 3222 2638 3302 (dicit

449 3312 753 3390 Laymann
778 3319 849 3377 de
886 3320 1155 3379 charitate
1194 3342 1318 3399 cap.
1348 3319 1413 3400 2)
1441 3324 1572 3394 quis
1611 3322 1673 3379 in
1711 3322 1823 3380 ho‘c
1861 3331 2139 3398 peccaret,
2173 3322 2400 3395 quando
2435 3324 2638 3381 actuali

448 3411 757 3474 intentione
784 3419 961 3480 nollet
984 3438 1173 3479 amare
1201 3420 1413 3487 Deum,
1441 3420 1554 3478 nisi
1583 3430 1814 3496 propter
1839 3438 2025 3496 spem,
2051 3430 2146 3477 aut
2173 3414 2532 3479 timorem.”⁶

522 3516 623 3571 67.
667 3514 817 3589 Spes
842 3526 993 3574 certa
1024 3527 1131 3584 est,
1160 3528 1439 3590 quatenus
1469 3518 1652 3585 Deus,
1689 3520 1788 3589 qui
1827 3519 2071 3575 salutem
2109 3519 2276 3575 nobis
2317 3519 2634 3575 misericor-

448 3606 589 3667 diter
613 3612 899 3686 pollicitus
927 3624 1032 3681 est,
1060 3616 1179 3672 suis
1206 3616 1375 3672 stabit
1400 3616 1718 3690 premissis,
1747 3618 1798 3673 si
1826 3616 2217 3674 conditionem
2245 3634 2418 3697 quam
2447 3617 2636 3674 statuit

446 3706 891 3781 impleverimus,
947 3714 1213 3785 viresque
1264 3714 1549 3789 praestabit
1600 3714 1804 3785 quibus
1857 3732 1983 3772 eam
2030 3712 2318 3771 valeamus
2371 3714 2632 3789 implere.

450 3806 659 3883 “Spes
700 3827 815 3867 non
854 3811 1213 3877 confundit,'’
1258 3811 1441 3883 inquit
1479 3805 1843 3886 Apostolus.⁷
1925 3821 1962 3847 ‘⁶
1986 3812 2122 3871 Scio
2159 3813 2254 3869 cui
2297 3809 2531 3879 credidi,
2579 3824 2636 3871 et

446 3914 631 3963 certus
656 3927 809 3974 sum,
832 3911 973 3980 quia
998 3918 1199 3987 potens
1226 3919 1312 3967 est
1330 3910 1656 3985 depositum
1675 3929 1868 3969 meum
1888 3910 2177 3969 servare.’'
2189 3902 2210 3936 ⁸
2270 3919 2308 3947 ‘⁴
2328 3910 2636 3969 Abundan-

446 4004 554 4063 tius
590 4008 787 4065 volens
824 4008 985 4065 Deus
1022 4008 1321 4067 ostendere
1361 4008 1764 4085 policitationis
1812 4009 2130 4069 haeredibus
2175 4011 2631 4069 immobilitatem

521 4186 606 4249 (1)
646 4188 694 4232 2.
718 4188 765 4233 2.
783 4200 864 4247 qu.
888 4200 1003 4233 xxv.
1026 4191 1111 4233 art.
1135 4183 1167 4232 i.
1190 4182 1252 4233 ad
1272 4183 1343 4233 iii.
1583 4186 1667 4251 (2)
1706 4184 1905 4243 Ibidem,
1924 4200 2006 4248 qu.
2028 4186 2145 4237 xvii.
2169 4193 2253 4235 art.
2277 4186 2340 4235 iv.
2411 4186 2561 4255 Resp-

520 4269 605 4333 (3)
646 4267 734 4315 IV.
757 4267 879 4330 Reg.
902 4284 987 4316 xx.
1006 4270 1054 4315 3.
1594 4269 1679 4335 (4)
1719 4268 1800 4316 ΡΒ.
1823 4268 1984 4317 cxviii.
2013 4272 2125 4317 112.

514 4354 607 4418 (5)
647 4352 790 4416 Prop.
812 4368 862 4402 x.
885 4359 934 4402 et
955 4349 1061 4401 xiii.

522 4440 605 4503 (6)
646 4438 795 4501 Apud
818 4438 871 4486 S.
895 4436 1219 4501 Alphonsum‚
1238 4438 1274 4485 1.
1292 4437 1346 4485 ii.
1370 4436 1531 4485 Tract.
1554 4436 1622 4486 iii.
1639 4436 1700 4488 de
1723 4438 1973 4505 Praeceplo
1992 4438 2267 4497 charitatis,
2290 4456 2332 4488 c.
2349 4438 2383 4488 i.
2403 4454 2454 4486 n.
2479 4440 2560 4486 24.

528 4525 612 4589 (7)
651 4523 795 4573 Rom.
816 4540 862 4571 v.
886 4526 939 4571 5.
1599 4524 1683 4590 (8)
1722 4524 1785 4573 11.
1809 4523 1940 4573 Tim.
1961 4524 1994 4573 i.
2023 4527 2099 4571 12.

1436 4604 1551 4659 26*
