<?xml version="1.0" encoding="UTF-8"?>
<!DOCTYPE html PUBLIC "-//W3C//DTD XHTML 1.0 Transitional//EN"
    "http://www.w3.org/TR/xhtml1/DTD/xhtml1-transitional.dtd">
<html xmlns="http://www.w3.org/1999/xhtml" xml:lang="en" lang="en">
 <head>
  <title>
</title>
<meta http-equiv="Content-Type" content="text/html;charset=utf-8" />
  <meta name='ocr-system' content='tesseract 3.04.00' />
  <meta name='ocr-capabilities' content='ocr_page ocr_carea ocr_par ocr_line ocrx_word'/>
</head>
<body>
  <div class='ocr_page' id='page_1' title='image "./theologiaemoral00unkngoog_0167.png"; bbox 0 0 3117 5217; ppageno 0'>
   <div class='ocr_carea' id='block_1_1' title="bbox 1191 573 2714 648">
    <p class='ocr_par' dir='ltr' id='par_1_1' title="bbox 1191 573 2714 648">
     <span class='ocr_line' id='line_1_1' title="bbox 1191 573 2714 648; baseline -0.005 -8"><span class='ocrx_word' id='word_1_1' title='bbox 1191 575 1303 640; x_wconf 85' lang='lat' dir='ltr'>DE</span> <span class='ocrx_word' id='word_1_2' title='bbox 1348 573 1963 634; x_wconf 79' lang='lat' dir='ltr'>TEsTAMENTo.</span> <span class='ocrx_word' id='word_1_3' title='bbox 2542 577 2656 632; x_wconf 82' lang='lat'>153</span> <span class='ocrx_word' id='word_1_4' title='bbox 2694 578 2714 648; x_wconf 68' lang='grc'>·,</span> 
     </span>
    </p>
   </div>
   <div class='ocr_carea' id='block_1_2' title="bbox 480 743 2672 3184">
    <p class='ocr_par' dir='ltr' id='par_1_2' title="bbox 480 743 2672 1610">
     <span class='ocr_line' id='line_1_2' title="bbox 480 743 2662 825; baseline -0.002 -21"><span class='ocrx_word' id='word_1_5' title='bbox 480 746 631 805; x_wconf 86' lang='lat' dir='ltr'>neris</span> <span class='ocrx_word' id='word_1_6' title='bbox 658 746 977 823; x_wconf 81' lang='lat' dir='ltr'>designari:</span> <span class='ocrx_word' id='word_1_7' title='bbox 1022 744 1127 805; x_wconf 81' lang='lat' dir='ltr'>sed</span> <span class='ocrx_word' id='word_1_8' title='bbox 1133 743 1374 825; x_wconf 74' lang='lat' dir='ltr'>fratres</span> <span class='ocrx_word' id='word_1_9' title='bbox 1400 745 1666 802; x_wconf 70' lang='lat' dir='ltr'>minores</span> <span class='ocrx_word' id='word_1_10' title='bbox 1695 746 1762 802; x_wconf 90' lang='lat' dir='ltr'>ab</span> <span class='ocrx_word' id='word_1_11' title='bbox 1789 763 1860 802; x_wconf 90' lang='lat' dir='ltr'>eo</span> <span class='ocrx_word' id='word_1_12' title='bbox 1886 743 2243 801; x_wconf 83' lang='lat' dir='ltr'>retrahuntur</span> <span class='ocrx_word' id='word_1_13' title='bbox 2267 745 2528 801; x_wconf 90' lang='lat' dir='ltr'>instituto</span> <span class='ocrx_word' id='word_1_14' title='bbox 2555 761 2662 800; x_wconf 89' lang='lat' dir='ltr'>suo</span> 
     </span>
     <span class='ocr_line' id='line_1_3' title="bbox 482 841 2661 920; baseline -0.002 -18"><span class='ocrx_word' id='word_1_15' title='bbox 482 841 765 920; x_wconf 85' lang='lat' dir='ltr'>speciali.¹</span> <span class='ocrx_word' id='word_1_16' title='bbox 846 845 911 902; x_wconf 87' lang='lat' dir='ltr'>Si</span> <span class='ocrx_word' id='word_1_17' title='bbox 938 843 1127 902; x_wconf 88' lang='lat' dir='ltr'>nullus</span> <span class='ocrx_word' id='word_1_18' title='bbox 1166 853 1437 901; x_wconf 72' lang='lat' dir='ltr'>executor</span> <span class='ocrx_word' id='word_1_19' title='bbox 1463 853 1798 901; x_wconf 82' lang='lat' dir='ltr'>testamento</span> <span class='ocrx_word' id='word_1_20' title='bbox 1838 842 2166 919; x_wconf 86' lang='lat' dir='ltr'>designatus</span> <span class='ocrx_word' id='word_1_21' title='bbox 2207 843 2300 910; x_wconf 90' lang='lat' dir='ltr'>sit,</span> <span class='ocrx_word' id='word_1_22' title='bbox 2328 843 2512 900; x_wconf 85' lang='lat' dir='ltr'>haeres</span> <span class='ocrx_word' id='word_1_23' title='bbox 2531 843 2661 918; x_wconf 89' lang='lat' dir='ltr'>jure</span> 
     </span>
     <span class='ocr_line' id='line_1_4' title="bbox 482 935 2664 1019; baseline -0.002 -19"><span class='ocrx_word' id='word_1_24' title='bbox 482 943 635 1000; x_wconf 87' lang='lat' dir='ltr'>civili</span> <span class='ocrx_word' id='word_1_25' title='bbox 660 943 718 1000; x_wconf 93' lang='lat' dir='ltr'>id</span> <span class='ocrx_word' id='word_1_26' title='bbox 744 935 1111 1016; x_wconf 68' lang='lat' dir='ltr'>exequitur-3²</span> <span class='ocrx_word' id='word_1_27' title='bbox 1147 943 1275 1019; x_wconf 86' lang='lat' dir='ltr'>lege</span> <span class='ocrx_word' id='word_1_28' title='bbox 1316 954 1503 1000; x_wconf 88' lang='lat' dir='ltr'>autem</span> <span class='ocrx_word' id='word_1_29' title='bbox 1532 943 1772 1018; x_wconf 86' lang='lat' dir='ltr'>Anglica</span> <span class='ocrx_word' id='word_1_30' title='bbox 1811 950 1869 999; x_wconf 89' lang='lat' dir='ltr'>et</span> <span class='ocrx_word' id='word_1_31' title='bbox 1901 942 2248 1016; x_wconf 21' lang='lat' dir='ltr'>Americana.</span> <span class='ocrx_word' id='word_1_32' title='bbox 2262 940 2591 1017; x_wconf 87' lang='lat' dir='ltr'>designatur</span> <span class='ocrx_word' id='word_1_33' title='bbox 2629 958 2664 996; x_wconf 91' lang='lat' dir='ltr'>a</span> 
     </span>
     <span class='ocr_line' id='line_1_5' title="bbox 480 1038 2659 1112; baseline -0.001 -15"><span class='ocrx_word' id='word_1_34' title='bbox 480 1043 635 1098; x_wconf 88' lang='lat' dir='ltr'>curia</span> <span class='ocrx_word' id='word_1_35' title='bbox 660 1041 1099 1108; x_wconf 80' lang='lat' dir='ltr'>administrator,</span> <span class='ocrx_word' id='word_1_36' title='bbox 1122 1057 1259 1099; x_wconf 81' lang='lat' dir='ltr'>cum</span> <span class='ocrx_word' id='word_1_37' title='bbox 1286 1048 1636 1099; x_wconf 75' lang='lat' dir='ltr'>testamento</span> <span class='ocrx_word' id='word_1_38' title='bbox 1665 1059 1922 1108; x_wconf 74' lang='lat' dir='ltr'>annexa,</span> <span class='ocrx_word' id='word_1_39' title='bbox 1954 1041 2051 1112; x_wconf 92' lang='lat' dir='ltr'>qui</span> <span class='ocrx_word' id='word_1_40' title='bbox 2091 1040 2312 1097; x_wconf 85' lang='lat' dir='ltr'>scilicet</span> <span class='ocrx_word' id='word_1_41' title='bbox 2343 1038 2512 1096; x_wconf 90' lang='lat' dir='ltr'>debet</span> <span class='ocrx_word' id='word_1_42' title='bbox 2537 1057 2659 1096; x_wconf 90' lang='lat' dir='ltr'>mu-</span> 
     </span>
     <span class='ocr_line' id='line_1_6' title="bbox 484 1137 2660 1216; baseline -0.001 -21"><span class='ocrx_word' id='word_1_43' title='bbox 484 1157 615 1196; x_wconf 87' lang='lat' dir='ltr'>nere</span> <span class='ocrx_word' id='word_1_44' title='bbox 644 1158 750 1198; x_wconf 89' lang='lat' dir='ltr'>suo</span> <span class='ocrx_word' id='word_1_45' title='bbox 776 1140 939 1216; x_wconf 86' lang='lat' dir='ltr'>fungi</span> <span class='ocrx_word' id='word_1_46' title='bbox 964 1141 1131 1216; x_wconf 81' lang='lat' dir='ltr'>juxta</span> <span class='ocrx_word' id='word_1_47' title='bbox 1154 1141 1479 1198; x_wconf 80' lang='lat' dir='ltr'><strong>testamenti</strong></span> <span class='ocrx_word' id='word_1_48' title='bbox 1518 1139 1891 1197; x_wconf 81' lang='lat' dir='ltr'>conditioneS.</span> <span class='ocrx_word' id='word_1_49' title='bbox 1977 1137 2415 1196; x_wconf 85' lang='lat' dir='ltr'>Administrator</span> <span class='ocrx_word' id='word_1_50' title='bbox 2441 1137 2660 1212; x_wconf 89' lang='lat' dir='ltr'>simpli-</span> 
     </span>
     <span class='ocr_line' id='line_1_7' title="bbox 480 1236 2661 1314; baseline -0 -20"><span class='ocrx_word' id='word_1_51' title='bbox 480 1238 620 1295; x_wconf 86' lang='lat' dir='ltr'>citer</span> <span class='ocrx_word' id='word_1_52' title='bbox 644 1237 991 1314; x_wconf 85' lang='lat' dir='ltr'>designatur,</span> <span class='ocrx_word' id='word_1_53' title='bbox 1020 1238 1251 1311; x_wconf 86' lang='lat' dir='ltr'>quando</span> <span class='ocrx_word' id='word_1_54' title='bbox 1278 1239 1405 1309; x_wconf 90' lang='lat' dir='ltr'>quis</span> <span class='ocrx_word' id='word_1_55' title='bbox 1435 1238 1650 1310; x_wconf 83' lang='lat' dir='ltr'>absque</span> <span class='ocrx_word' id='word_1_56' title='bbox 1671 1246 2006 1294; x_wconf 89' lang='lat' dir='ltr'>testamento</span> <span class='ocrx_word' id='word_1_57' title='bbox 2034 1236 2360 1294; x_wconf 82' lang='lat' dir='ltr'>decesserit.</span> <span class='ocrx_word' id='word_1_58' title='bbox 2446 1236 2661 1294; x_wconf 84' lang='lat' dir='ltr'>Inven-</span> 
     </span>
     <span class='ocr_line' id='line_1_8' title="bbox 480 1335 2661 1412; baseline 0 -21"><span class='ocrx_word' id='word_1_59' title='bbox 480 1336 713 1393; x_wconf 79' lang='lat' dir='ltr'>tarium</span> <span class='ocrx_word' id='word_1_60' title='bbox 740 1336 997 1394; x_wconf 90' lang='lat' dir='ltr'>omnium</span> <span class='ocrx_word' id='word_1_61' title='bbox 1036 1337 1314 1394; x_wconf 90' lang='lat' dir='ltr'>bonorum</span> <span class='ocrx_word' id='word_1_62' title='bbox 1344 1336 1509 1392; x_wconf 90' lang='lat' dir='ltr'>debet</span> <span class='ocrx_word' id='word_1_63' title='bbox 1546 1336 1966 1412; x_wconf 85' lang='lat' dir='ltr'>quamprimum</span> <span class='ocrx_word' id='word_1_64' title='bbox 2003 1335 2188 1393; x_wconf 87' lang='lat' dir='ltr'>facere</span> <span class='ocrx_word' id='word_1_65' title='bbox 2228 1346 2346 1393; x_wconf 92' lang='lat' dir='ltr'>tum</span> <span class='ocrx_word' id='word_1_66' title='bbox 2374 1344 2661 1399; x_wconf 86' lang='lat' dir='ltr'>executor,</span> 
     </span>
     <span class='ocr_line' id='line_1_9' title="bbox 488 1433 2672 1509; baseline 0 -21"><span class='ocrx_word' id='word_1_67' title='bbox 488 1441 607 1490; x_wconf 89' lang='lat' dir='ltr'>tum</span> <span class='ocrx_word' id='word_1_68' title='bbox 635 1433 1071 1491; x_wconf 85' lang='lat' dir='ltr'>administrator.</span> <span class='ocrx_word' id='word_1_69' title='bbox 1142 1434 1349 1491; x_wconf 78' lang='lat' dir='ltr'>Debita</span> <span class='ocrx_word' id='word_1_70' title='bbox 1374 1434 1648 1492; x_wconf 85' lang='lat' dir='ltr'>solvenda</span> <span class='ocrx_word' id='word_1_71' title='bbox 1685 1444 1837 1502; x_wconf 89' lang='lat' dir='ltr'>sunt,</span> <span class='ocrx_word' id='word_1_72' title='bbox 1867 1434 2067 1493; x_wconf 88' lang='lat' dir='ltr'>ordine</span> <span class='ocrx_word' id='word_1_73' title='bbox 2104 1452 2274 1506; x_wconf 91' lang='lat' dir='ltr'>quem</span> <span class='ocrx_word' id='word_1_74' title='bbox 2303 1434 2672 1509; x_wconf 86' lang='lat' dir='ltr'>praescribunt</span> 
     </span>
     <span class='ocr_line' id='line_1_10' title="bbox 488 1531 1515 1610; baseline 0.005 -24"><span class='ocrx_word' id='word_1_75' title='bbox 488 1531 647 1605; x_wconf 86' lang='lat' dir='ltr'>leges</span> <span class='ocrx_word' id='word_1_76' title='bbox 676 1542 917 1588; x_wconf 89' lang='lat' dir='ltr'>servato.</span> <span class='ocrx_word' id='word_1_77' title='bbox 1508 1607 1515 1610; x_wconf 16' lang='grc' dir='ltr'><strong>ῃ</strong></span> 
     </span>
    </p>

    <p class='ocr_par' dir='ltr' id='par_1_3' title="bbox 484 1629 2668 1996">
     <span class='ocr_line' id='line_1_11' title="bbox 566 1629 2666 1706; baseline -0.001 -20"><span class='ocrx_word' id='word_1_78' title='bbox 566 1634 664 1686; x_wconf 85' lang='lat'>35.</span> <span class='ocrx_word' id='word_1_79' title='bbox 710 1629 775 1686; x_wconf 89' lang='lat' dir='ltr'>In</span> <span class='ocrx_word' id='word_1_80' title='bbox 808 1631 1155 1688; x_wconf 82' lang='lat' dir='ltr'>testamentis</span> <span class='ocrx_word' id='word_1_81' title='bbox 1181 1631 1615 1706; x_wconf 83' lang='lat' dir='ltr'>interpretandis</span> <span class='ocrx_word' id='word_1_82' title='bbox 1656 1632 1937 1688; x_wconf 88' lang='lat' dir='ltr'>testatoris</span> <span class='ocrx_word' id='word_1_83' title='bbox 1964 1649 2126 1688; x_wconf 88' lang='lat' dir='ltr'>mens</span> <span class='ocrx_word' id='word_1_84' title='bbox 2153 1630 2463 1705; x_wconf 78' lang='lat' dir='ltr'>praesertim</span> <span class='ocrx_word' id='word_1_85' title='bbox 2492 1638 2666 1685; x_wconf 90' lang='lat' dir='ltr'>atten-</span> 
     </span>
     <span class='ocr_line' id='line_1_12' title="bbox 484 1726 2664 1804; baseline -0 -21"><span class='ocrx_word' id='word_1_86' title='bbox 484 1726 673 1784; x_wconf 90' lang='lat' dir='ltr'>denda</span> <span class='ocrx_word' id='word_1_87' title='bbox 700 1737 804 1794; x_wconf 89' lang='lat' dir='ltr'>est,</span> <span class='ocrx_word' id='word_1_88' title='bbox 835 1747 960 1799; x_wconf 81' lang='lat' dir='ltr'>quae</span> <span class='ocrx_word' id='word_1_89' title='bbox 988 1737 1175 1787; x_wconf 88' lang='lat' dir='ltr'>tamen</span> <span class='ocrx_word' id='word_1_90' title='bbox 1212 1730 1327 1804; x_wconf 85' lang='lat' dir='ltr'>legi</span> <span class='ocrx_word' id='word_1_91' title='bbox 1354 1729 1582 1786; x_wconf 85' lang='lat' dir='ltr'>subest:</span> <span class='ocrx_word' id='word_1_92' title='bbox 1625 1729 1767 1786; x_wconf 90' lang='lat' dir='ltr'>nihil</span> <span class='ocrx_word' id='word_1_93' title='bbox 1809 1731 1964 1786; x_wconf 89' lang='lat' dir='ltr'>enim</span> <span class='ocrx_word' id='word_1_94' title='bbox 2007 1738 2195 1804; x_wconf 86' lang='lat' dir='ltr'>potest</span> <span class='ocrx_word' id='word_1_95' title='bbox 2236 1729 2484 1803; x_wconf 86' lang='lat' dir='ltr'>privatus</span> <span class='ocrx_word' id='word_1_96' title='bbox 2513 1728 2664 1797; x_wconf 87' lang='lat' dir='ltr'>quis-</span> 
     </span>
     <span class='ocr_line' id='line_1_13' title="bbox 488 1820 2668 1904; baseline -0.001 -22"><span class='ocrx_word' id='word_1_97' title='bbox 488 1843 654 1896; x_wconf 86' lang='lat' dir='ltr'>quam</span> <span class='ocrx_word' id='word_1_98' title='bbox 685 1839 879 1884; x_wconf 89' lang='lat' dir='ltr'>contra</span> <span class='ocrx_word' id='word_1_99' title='bbox 904 1820 1115 1900; x_wconf 82' lang='lat' dir='ltr'>leges.³</span> <span class='ocrx_word' id='word_1_100' title='bbox 1195 1829 1343 1884; x_wconf 87' lang='lat' dir='ltr'>Sunt</span> <span class='ocrx_word' id='word_1_101' title='bbox 1378 1829 1548 1884; x_wconf 87' lang='lat' dir='ltr'>etiam</span> <span class='ocrx_word' id='word_1_102' title='bbox 1577 1837 1742 1885; x_wconf 86' lang='lat' dir='ltr'>certae</span> <span class='ocrx_word' id='word_1_103' title='bbox 1773 1829 1922 1904; x_wconf 89' lang='lat' dir='ltr'>juris</span> <span class='ocrx_word' id='word_1_104' title='bbox 1962 1827 2170 1904; x_wconf 84' lang='lat' dir='ltr'>regulae</span> <span class='ocrx_word' id='word_1_105' title='bbox 2209 1828 2270 1884; x_wconf 87' lang='lat' dir='ltr'>in</span> <span class='ocrx_word' id='word_1_106' title='bbox 2297 1828 2367 1883; x_wconf 90' lang='lat' dir='ltr'>iis</span> <span class='ocrx_word' id='word_1_107' title='bbox 2395 1827 2668 1901; x_wconf 89' lang='lat' dir='ltr'>interpre-</span> 
     </span>
     <span class='ocr_line' id='line_1_14' title="bbox 488 1925 2131 1996; baseline 0.001 -16"><span class='ocrx_word' id='word_1_108' title='bbox 488 1925 669 1982; x_wconf 88' lang='lat' dir='ltr'>tandis</span> <span class='ocrx_word' id='word_1_109' title='bbox 697 1925 963 1982; x_wconf 84' lang='lat' dir='ltr'>adhibitae</span> <span class='ocrx_word' id='word_1_110' title='bbox 991 1943 1023 1980; x_wconf 90' lang='lat' dir='ltr'>a</span> <span class='ocrx_word' id='word_1_111' title='bbox 1050 1926 1253 1996; x_wconf 90' lang='lat' dir='ltr'>quibus</span> <span class='ocrx_word' id='word_1_112' title='bbox 1281 1945 1397 1983; x_wconf 91' lang='lat' dir='ltr'>non</span> <span class='ocrx_word' id='word_1_113' title='bbox 1425 1926 1590 1982; x_wconf 87' lang='lat' dir='ltr'>facile</span> <span class='ocrx_word' id='word_1_114' title='bbox 1615 1925 1998 1983; x_wconf 84' lang='lat' dir='ltr'>recedendum</span> <span class='ocrx_word' id='word_1_115' title='bbox 2025 1934 2131 1984; x_wconf 88' lang='lat' dir='ltr'>est.</span> 
     </span>
    </p>

    <p class='ocr_par' dir='ltr' id='par_1_4' title="bbox 486 2021 2672 3184">
     <span class='ocr_line' id='line_1_15' title="bbox 567 2021 2668 2095; baseline -0.001 -15"><span class='ocrx_word' id='word_1_116' title='bbox 567 2027 664 2081; x_wconf 83' lang='lat'>36.</span> <span class='ocrx_word' id='word_1_117' title='bbox 710 2024 1459 2095; x_wconf 88' lang='lat' dir='ltr'>Nequeunt-testamentum</span> <span class='ocrx_word' id='word_1_118' title='bbox 1508 2024 1788 2083; x_wconf 84' lang='lat' dir='ltr'>conficere</span> <span class='ocrx_word' id='word_1_119' title='bbox 1836 2036 2110 2090; x_wconf 87' lang='lat' dir='ltr'>amentes,</span> <span class='ocrx_word' id='word_1_120' title='bbox 2155 2033 2252 2080; x_wconf 77' lang='lat' dir='ltr'>aut</span> <span class='ocrx_word' id='word_1_121' title='bbox 2289 2022 2510 2088; x_wconf 87' lang='lat' dir='ltr'>furiosi,</span> <span class='ocrx_word' id='word_1_122' title='bbox 2555 2021 2668 2078; x_wconf 90' lang='lat' dir='ltr'>nisi</span> 
     </span>
     <span class='ocr_line' id='line_1_16' title="bbox 488 2120 2668 2196; baseline 0 -20"><span class='ocrx_word' id='word_1_123' title='bbox 488 2120 672 2178; x_wconf 90' lang='lat' dir='ltr'>lucida</span> <span class='ocrx_word' id='word_1_124' title='bbox 711 2121 955 2180; x_wconf 87' lang='lat' dir='ltr'>habeant</span> <span class='ocrx_word' id='word_1_125' title='bbox 990 2122 1299 2188; x_wconf 81' lang='lat' dir='ltr'>intervalla,</span> <span class='ocrx_word' id='word_1_126' title='bbox 1348 2125 1408 2180; x_wconf 91' lang='lat' dir='ltr'>in</span> <span class='ocrx_word' id='word_1_127' title='bbox 1455 2124 1660 2194; x_wconf 91' lang='lat' dir='ltr'>quibus</span> <span class='ocrx_word' id='word_1_128' title='bbox 1707 2124 1756 2179; x_wconf 90' lang='lat' dir='ltr'>si</span> <span class='ocrx_word' id='word_1_129' title='bbox 1795 2131 2194 2180; x_wconf 88' lang='lat' dir='ltr'>testamentum</span> <span class='ocrx_word' id='word_1_130' title='bbox 2241 2122 2499 2187; x_wconf 85' lang='lat' dir='ltr'>fecerint,</span> <span class='ocrx_word' id='word_1_131' title='bbox 2538 2121 2668 2196; x_wconf 90' lang='lat' dir='ltr'>jure</span> 
     </span>
     <span class='ocr_line' id='line_1_17' title="bbox 486 2213 2666 2299; baseline -0.001 -24"><span class='ocrx_word' id='word_1_132' title='bbox 486 2219 639 2276; x_wconf 89' lang='lat' dir='ltr'>civili</span> <span class='ocrx_word' id='word_1_133' title='bbox 664 2213 872 2299; x_wconf 37' lang='lat' dir='ltr'>valet}</span> <span class='ocrx_word' id='word_1_134' title='bbox 943 2219 1278 2296; x_wconf 87' lang='lat' dir='ltr'>Impuberes</span> <span class='ocrx_word' id='word_1_135' title='bbox 1308 2230 1598 2294; x_wconf 87' lang='lat' dir='ltr'>nequeunt</span> <span class='ocrx_word' id='word_1_136' title='bbox 1624 2229 2022 2278; x_wconf 89' lang='lat' dir='ltr'>testamentum</span> <span class='ocrx_word' id='word_1_137' title='bbox 2063 2217 2299 2278; x_wconf 87' lang='lat' dir='ltr'>facere.⁵</span> <span class='ocrx_word' id='word_1_138' title='bbox 2381 2219 2581 2277; x_wconf 89' lang='lat' dir='ltr'>Mutus</span> <span class='ocrx_word' id='word_1_139' title='bbox 2609 2227 2666 2274; x_wconf 91' lang='lat' dir='ltr'>et</span> 
     </span>
     <span class='ocr_line' id='line_1_18' title="bbox 490 2312 2672 2396; baseline 0 -24"><span class='ocrx_word' id='word_1_140' title='bbox 490 2318 695 2376; x_wconf 89' lang='lat' dir='ltr'>surdus</span> <span class='ocrx_word' id='word_1_141' title='bbox 722 2337 754 2374; x_wconf 89' lang='lat' dir='ltr'>a</span> <span class='ocrx_word' id='word_1_142' title='bbox 781 2319 1067 2377; x_wconf 85' lang='lat' dir='ltr'>nativitate</span> <span class='ocrx_word' id='word_1_143' title='bbox 1108 2320 1348 2378; x_wconf 85' lang='lat' dir='ltr'>testandi</span> <span class='ocrx_word' id='word_1_144' title='bbox 1382 2321 1513 2394; x_wconf 85' lang='lat' dir='ltr'>jure</span> <span class='ocrx_word' id='word_1_145' title='bbox 1540 2313 1800 2377; x_wconf 78' lang='lat' dir='ltr'>carentz⁶</span> <span class='ocrx_word' id='word_1_146' title='bbox 1835 2321 2119 2396; x_wconf 88' lang='lat' dir='ltr'>mancipia</span> <span class='ocrx_word' id='word_1_147' title='bbox 2158 2312 2430 2396; x_wconf 83' lang='lat' dir='ltr'>pariter:⁷</span> <span class='ocrx_word' id='word_1_148' title='bbox 2469 2317 2672 2391; x_wconf 90' lang='lat' dir='ltr'>capitis</span> 
     </span>
     <span class='ocr_line' id='line_1_19' title="bbox 492 2411 2668 2494; baseline 0 -22"><span class='ocrx_word' id='word_1_149' title='bbox 492 2413 739 2474; x_wconf 88' lang='lat' dir='ltr'>damnati</span> <span class='ocrx_word' id='word_1_150' title='bbox 760 2411 807 2475; x_wconf 80' lang='lat'>:⁸</span> <span class='ocrx_word' id='word_1_151' title='bbox 846 2411 1126 2494; x_wconf 82' lang='lat' dir='ltr'>prodigi.⁹</span> <span class='ocrx_word' id='word_1_152' title='bbox 1205 2419 1632 2476; x_wconf 87' lang='lat' dir='ltr'>Filiussamilias</span> <span class='ocrx_word' id='word_1_153' title='bbox 1676 2418 1746 2475; x_wconf 89' lang='lat' dir='ltr'>de</span> <span class='ocrx_word' id='word_1_154' title='bbox 1787 2421 1953 2477; x_wconf 89' lang='lat' dir='ltr'>bonis</span> <span class='ocrx_word' id='word_1_155' title='bbox 2007 2419 2324 2477; x_wconf 87' lang='lat' dir='ltr'>adventitiis</span> <span class='ocrx_word' id='word_1_156' title='bbox 2366 2417 2668 2493; x_wconf 83' lang='lat' dir='ltr'>disponere</span> 
     </span>
     <span class='ocr_line' id='line_1_20' title="bbox 492 2515 2668 2589; baseline 0 -19"><span class='ocrx_word' id='word_1_157' title='bbox 492 2531 607 2573; x_wconf 86' lang='lat' dir='ltr'>uon</span> <span class='ocrx_word' id='word_1_158' title='bbox 635 2518 799 2582; x_wconf 87' lang='lat' dir='ltr'>valet,</span> <span class='ocrx_word' id='word_1_159' title='bbox 830 2517 999 2573; x_wconf 88' lang='lat' dir='ltr'>etiam</span> <span class='ocrx_word' id='word_1_160' title='bbox 1026 2534 1101 2572; x_wconf 86' lang='lat' dir='ltr'>ex</span> <span class='ocrx_word' id='word_1_161' title='bbox 1127 2516 1301 2589; x_wconf 87' lang='lat' dir='ltr'>patris</span> <span class='ocrx_word' id='word_1_162' title='bbox 1338 2533 1660 2578; x_wconf 76' lang='lat' dir='ltr'>consensu:</span> <span class='ocrx_word' id='word_1_163' title='bbox 1703 2515 1774 2576; x_wconf 88' lang='lat' dir='ltr'>de</span> <span class='ocrx_word' id='word_1_164' title='bbox 1815 2518 1980 2574; x_wconf 93' lang='lat' dir='ltr'>bonis</span> <span class='ocrx_word' id='word_1_165' title='bbox 2021 2517 2424 2582; x_wconf 80' lang='lat' dir='ltr'>castrensibuS‚</span> <span class='ocrx_word' id='word_1_166' title='bbox 2453 2517 2668 2587; x_wconf 87' lang='lat' dir='ltr'>absque</span> 
     </span>
     <span class='ocr_line' id='line_1_21' title="bbox 488 2605 2667 2690; baseline 0 -23"><span class='ocrx_word' id='word_1_167' title='bbox 488 2629 579 2680; x_wconf 91' lang='lat' dir='ltr'>eo,</span> <span class='ocrx_word' id='word_1_168' title='bbox 610 2614 879 2690; x_wconf 89' lang='lat' dir='ltr'>disponit,</span> <span class='ocrx_word' id='word_1_169' title='bbox 902 2614 954 2670; x_wconf 88' lang='lat' dir='ltr'>si</span> <span class='ocrx_word' id='word_1_170' title='bbox 979 2615 1056 2671; x_wconf 90' lang='lat' dir='ltr'>sit</span> <span class='ocrx_word' id='word_1_171' title='bbox 1075 2605 1337 2690; x_wconf 76' lang='lat' dir='ltr'>pubes.¹⁹</span> <span class='ocrx_word' id='word_1_172' title='bbox 1377 2613 1521 2670; x_wconf 84' lang='lat' dir='ltr'>Haec</span> <span class='ocrx_word' id='word_1_173' title='bbox 1548 2633 1624 2672; x_wconf 86' lang='lat' dir='ltr'>ex</span> <span class='ocrx_word' id='word_1_174' title='bbox 1641 2615 1772 2690; x_wconf 90' lang='lat' dir='ltr'>jure</span> <span class='ocrx_word' id='word_1_175' title='bbox 1799 2615 1954 2671; x_wconf 85' lang='lat' dir='ltr'>civili</span> <span class='ocrx_word' id='word_1_176' title='bbox 1976 2614 2310 2689; x_wconf 89' lang='lat' dir='ltr'>deprompta</span> <span class='ocrx_word' id='word_1_177' title='bbox 2333 2621 2483 2670; x_wconf 89' lang='lat' dir='ltr'>sunt.</span> <span class='ocrx_word' id='word_1_178' title='bbox 2527 2613 2563 2670; x_wconf 88' lang='lat' dir='ltr'><strong>J</strong></span> <span class='ocrx_word' id='word_1_179' title='bbox 2567 2629 2667 2669; x_wconf 85' lang='lat' dir='ltr'>ure</span> 
     </span>
     <span class='ocr_line' id='line_1_22' title="bbox 492 2711 2670 2789; baseline 0 -23"><span class='ocrx_word' id='word_1_180' title='bbox 492 2715 780 2771; x_wconf 89' lang='lat' dir='ltr'>communi</span> <span class='ocrx_word' id='word_1_181' title='bbox 808 2713 1051 2789; x_wconf 84' lang='lat' dir='ltr'>puberes</span> <span class='ocrx_word' id='word_1_182' title='bbox 1079 2711 1150 2770; x_wconf 90' lang='lat' dir='ltr'>de</span> <span class='ocrx_word' id='word_1_183' title='bbox 1178 2712 1480 2770; x_wconf 88' lang='lat' dir='ltr'>mobilibus</span> <span class='ocrx_word' id='word_1_184' title='bbox 1522 2721 1766 2788; x_wconf 90' lang='lat' dir='ltr'>possunt</span> <span class='ocrx_word' id='word_1_185' title='bbox 1805 2712 2107 2788; x_wconf 87' lang='lat' dir='ltr'>disponere</span> <span class='ocrx_word' id='word_1_186' title='bbox 2139 2720 2510 2778; x_wconf 59' lang='lat' dir='ltr'>testamentum</span> <span class='ocrx_word' id='word_1_187' title='bbox 2553 2727 2670 2768; x_wconf 89' lang='lat' dir='ltr'>non</span> 
     </span>
     <span class='ocr_line' id='line_1_23' title="bbox 493 2797 2672 2887; baseline -0.001 -21"><span class='ocrx_word' id='word_1_188' title='bbox 493 2797 568 2867; x_wconf 83' lang='lat' dir='ltr'>ita</span> <span class='ocrx_word' id='word_1_189' title='bbox 594 2809 663 2868; x_wconf 93' lang='lat' dir='ltr'>de</span> <span class='ocrx_word' id='word_1_190' title='bbox 690 2812 1097 2871; x_wconf 88' lang='lat' dir='ltr'>immobilibus.</span> <span class='ocrx_word' id='word_1_191' title='bbox 1182 2811 1341 2887; x_wconf 86' lang='lat' dir='ltr'>Lege</span> <span class='ocrx_word' id='word_1_192' title='bbox 1376 2811 1869 2868; x_wconf 84' lang='lat' dir='ltr'>Neo-Eboracena</span> <span class='ocrx_word' id='word_1_193' title='bbox 1905 2809 2222 2868; x_wconf 81' lang='lat' dir='ltr'>octodecim</span> <span class='ocrx_word' id='word_1_194' title='bbox 2254 2827 2433 2867; x_wconf 89' lang='lat' dir='ltr'>annos</span> <span class='ocrx_word' id='word_1_195' title='bbox 2460 2810 2576 2866; x_wconf 87' lang='lat' dir='ltr'>uati</span> <span class='ocrx_word' id='word_1_196' title='bbox 2602 2808 2672 2864; x_wconf 88' lang='lat' dir='ltr'>de</span> 
     </span>
     <span class='ocr_line' id='line_1_24' title="bbox 490 2909 2670 2986; baseline 0 -22"><span class='ocrx_word' id='word_1_197' title='bbox 490 2909 795 2966; x_wconf 89' lang='lat' dir='ltr'>mobilibus</span> <span class='ocrx_word' id='word_1_198' title='bbox 823 2911 1131 2985; x_wconf 87' lang='lat' dir='ltr'>disponunt</span> <span class='ocrx_word' id='word_1_199' title='bbox 1156 2919 1491 2968; x_wconf 89' lang='lat' dir='ltr'>testamento</span> <span class='ocrx_word' id='word_1_200' title='bbox 1515 2929 1529 2967; x_wconf 74' lang='grc' dir='ltr'><strong>ε</strong></span> <span class='ocrx_word' id='word_1_201' title='bbox 1558 2911 1686 2986; x_wconf 86' lang='lat' dir='ltr'>lege</span> <span class='ocrx_word' id='word_1_202' title='bbox 1715 2909 2156 2986; x_wconf 81' lang='lat' dir='ltr'>Pennsylvaniae</span> <span class='ocrx_word' id='word_1_203' title='bbox 2183 2909 2384 2986; x_wconf 77' lang='lat' dir='ltr'>vigInti</span> <span class='ocrx_word' id='word_1_204' title='bbox 2410 2918 2466 2964; x_wconf 91' lang='lat' dir='ltr'>et</span> <span class='ocrx_word' id='word_1_205' title='bbox 2489 2925 2670 2966; x_wconf 89' lang='lat' dir='ltr'>unum</span> 
     </span>
     <span class='ocr_line' id='line_1_25' title="bbox 492 3005 2672 3086; baseline 0 -25"><span class='ocrx_word' id='word_1_206' title='bbox 492 3023 673 3064; x_wconf 90' lang='lat' dir='ltr'>annos</span> <span class='ocrx_word' id='word_1_207' title='bbox 700 3009 1025 3083; x_wconf 84' lang='lat' dir='ltr'>explevisse</span> <span class='ocrx_word' id='word_1_208' title='bbox 1046 3005 1344 3083; x_wconf 81' lang='lat' dir='ltr'>oportet.¹¹</span> <span class='ocrx_word' id='word_1_209' title='bbox 1424 3011 1700 3066; x_wconf 87' lang='lat' dir='ltr'>Amentes</span> <span class='ocrx_word' id='word_1_210' title='bbox 1723 3018 1908 3067; x_wconf 91' lang='lat' dir='ltr'>autem</span> <span class='ocrx_word' id='word_1_211' title='bbox 1930 3010 2060 3086; x_wconf 86' lang='lat' dir='ltr'>jure</span> <span class='ocrx_word' id='word_1_212' title='bbox 2086 3009 2214 3084; x_wconf 90' lang='lat' dir='ltr'>ipso</span> <span class='ocrx_word' id='word_1_213' title='bbox 2242 3008 2482 3066; x_wconf 88' lang='lat' dir='ltr'>naturali</span> <span class='ocrx_word' id='word_1_214' title='bbox 2504 3027 2536 3064; x_wconf 87' lang='lat' dir='ltr'>a</span> <span class='ocrx_word' id='word_1_215' title='bbox 2563 3016 2672 3062; x_wconf 86' lang='lat' dir='ltr'>tes·</span> 
     </span>
     <span class='ocr_line' id='line_1_26' title="bbox 494 3105 2671 3184; baseline 0.001 -24"><span class='ocrx_word' id='word_1_216' title='bbox 494 3105 665 3162; x_wconf 88' lang='lat' dir='ltr'>tando</span> <span class='ocrx_word' id='word_1_217' title='bbox 693 3107 1097 3165; x_wconf 86' lang='lat' dir='ltr'>excluduntur:</span> <span class='ocrx_word' id='word_1_218' title='bbox 1140 3109 1425 3183; x_wconf 88' lang='lat' dir='ltr'>mancipia</span> <span class='ocrx_word' id='word_1_219' title='bbox 1449 3127 1552 3164; x_wconf 89' lang='lat' dir='ltr'>sua</span> <span class='ocrx_word' id='word_1_220' title='bbox 1593 3107 1918 3164; x_wconf 90' lang='lat' dir='ltr'>conditione</span> <span class='ocrx_word' id='word_1_221' title='bbox 1956 3116 2014 3165; x_wconf 90' lang='lat' dir='ltr'>et</span> <span class='ocrx_word' id='word_1_222' title='bbox 2053 3108 2306 3184; x_wconf 87' lang='lat' dir='ltr'>gentium</span> <span class='ocrx_word' id='word_1_223' title='bbox 2341 3108 2473 3184; x_wconf 89' lang='lat' dir='ltr'>jure</span> <span class='ocrx_word' id='word_1_224' title='bbox 2515 3125 2671 3164; x_wconf 88' lang='lat' dir='ltr'>com·</span> 
     </span>
    </p>
   </div>
   <div class='ocr_carea' id='block_1_3' title="bbox 496 3335 2677 4572">
    <p class='ocr_par' dir='ltr' id='par_1_5' title="bbox 572 3335 2605 3405">
     <span class='ocr_line' id='line_1_27' title="bbox 572 3335 2605 3405; baseline 0 -20"><span class='ocrx_word' id='word_1_225' title='bbox 572 3341 655 3405; x_wconf 88' lang='lat'>(1)</span> <span class='ocrx_word' id='word_1_226' title='bbox 698 3338 853 3388; x_wconf 88' lang='lat' dir='ltr'>Clem.</span> <span class='ocrx_word' id='word_1_227' title='bbox 877 3339 1035 3389; x_wconf 71' lang='lat' dir='ltr'>Exivi</span> <span class='ocrx_word' id='word_1_228' title='bbox 1060 3342 1105 3397; x_wconf 67' lang='grc' dir='ltr'>ς.</span> <span class='ocrx_word' id='word_1_229' title='bbox 1140 3337 1317 3388; x_wconf 82' lang='lat' dir='ltr'>Utrum</span> <span class='ocrx_word' id='word_1_230' title='bbox 1339 3340 1506 3389; x_wconf 81' lang='lat' dir='ltr'>etiam.</span> <span class='ocrx_word' id='word_1_231' title='bbox 1796 3339 1880 3404; x_wconf 81' lang='grc'>(2)</span> <span class='ocrx_word' id='word_1_232' title='bbox 1923 3335 2046 3400; x_wconf 87' lang='lat' dir='ltr'>Cap.</span> <span class='ocrx_word' id='word_1_233' title='bbox 2069 3335 2126 3385; x_wconf 85' lang='lat' dir='ltr'>Si</span> <span class='ocrx_word' id='word_1_234' title='bbox 2146 3337 2380 3395; x_wconf 80' lang='lat' dir='ltr'>haeredes3</span> <span class='ocrx_word' id='word_1_235' title='bbox 2415 3335 2474 3386; x_wconf 81' lang='lat' dir='ltr'>de</span> <span class='ocrx_word' id='word_1_236' title='bbox 2497 3339 2605 3386; x_wconf 72' lang='lat' dir='ltr'>test.</span> 
     </span>
    </p>

    <p class='ocr_par' dir='ltr' id='par_1_6' title="bbox 498 3422 2671 3656">
     <span class='ocr_line' id='line_1_28' title="bbox 569 3422 2671 3489; baseline -0.002 -16"><span class='ocrx_word' id='word_1_237' title='bbox 569 3425 652 3489; x_wconf 90' lang='lat'>(3)</span> <span class='ocrx_word' id='word_1_238' title='bbox 694 3431 722 3458; x_wconf 85' lang='lat'><strong>“</strong></span> <span class='ocrx_word' id='word_1_239' title='bbox 741 3424 851 3473; x_wconf 86' lang='lat' dir='ltr'>The</span> <span class='ocrx_word' id='word_1_240' title='bbox 873 3424 1110 3473; x_wconf 80' lang='lat' dir='ltr'>intention</span> <span class='ocrx_word' id='word_1_241' title='bbox 1132 3425 1189 3473; x_wconf 88' lang='lat' dir='ltr'>of</span> <span class='ocrx_word' id='word_1_242' title='bbox 1214 3425 1294 3472; x_wconf 85' lang='lat' dir='ltr'>the</span> <span class='ocrx_word' id='word_1_243' title='bbox 1317 3431 1525 3483; x_wconf 87' lang='lat' dir='ltr'>testator,</span> <span class='ocrx_word' id='word_1_244' title='bbox 1554 3432 1604 3472; x_wconf 84' lang='lat' dir='ltr'>to</span> <span class='ocrx_word' id='word_1_245' title='bbox 1637 3425 1696 3472; x_wconf 89' lang='lat' dir='ltr'>be</span> <span class='ocrx_word' id='word_1_246' title='bbox 1729 3423 1958 3472; x_wconf 86' lang='lat' dir='ltr'>collected</span> <span class='ocrx_word' id='word_1_247' title='bbox 1993 3424 2117 3471; x_wconf 88' lang='lat' dir='ltr'>from</span> <span class='ocrx_word' id='word_1_248' title='bbox 2139 3423 2220 3470; x_wconf 88' lang='lat' dir='ltr'>the</span> <span class='ocrx_word' id='word_1_249' title='bbox 2243 3422 2538 3480; x_wconf 61' lang='lat' dir='ltr'>wholwill,</span> <span class='ocrx_word' id='word_1_250' title='bbox 2557 3423 2600 3470; x_wconf 91' lang='lat' dir='ltr'>is</span> <span class='ocrx_word' id='word_1_251' title='bbox 2621 3431 2671 3470; x_wconf 78' lang='grc' dir='ltr'>ω</span> 
     </span>
     <span class='ocr_line' id='line_1_29' title="bbox 498 3505 2671 3572; baseline -0.002 -15"><span class='ocrx_word' id='word_1_252' title='bbox 498 3524 691 3569; x_wconf 83' lang='lat' dir='ltr'>govem‚</span> <span class='ocrx_word' id='word_1_253' title='bbox 714 3509 941 3572; x_wconf 88' lang='lat' dir='ltr'>provided</span> <span class='ocrx_word' id='word_1_254' title='bbox 972 3509 1012 3557; x_wconf 89' lang='lat' dir='ltr'>it</span> <span class='ocrx_word' id='word_1_255' title='bbox 1042 3511 1103 3558; x_wconf 91' lang='lat' dir='ltr'>be</span> <span class='ocrx_word' id='word_1_256' title='bbox 1140 3516 1227 3558; x_wconf 91' lang='lat' dir='ltr'>not</span> <span class='ocrx_word' id='word_1_257' title='bbox 1264 3509 1515 3568; x_wconf 83' lang='lat' dir='ltr'>unlawful,</span> <span class='ocrx_word' id='word_1_258' title='bbox 1549 3525 1602 3557; x_wconf 92' lang='lat' dir='ltr'>or</span> <span class='ocrx_word' id='word_1_259' title='bbox 1641 3509 1959 3557; x_wconf 77' lang='lat' dir='ltr'>inconsistent</span> <span class='ocrx_word' id='word_1_260' title='bbox 1997 3507 2117 3555; x_wconf 83' lang='lat' dir='ltr'>with</span> <span class='ocrx_word' id='word_1_261' title='bbox 2157 3506 2238 3554; x_wconf 83' lang='lat' dir='ltr'>the</span> <span class='ocrx_word' id='word_1_262' title='bbox 2277 3506 2404 3555; x_wconf 88' lang='lat' dir='ltr'>rules</span> <span class='ocrx_word' id='word_1_263' title='bbox 2447 3505 2504 3554; x_wconf 88' lang='lat' dir='ltr'>of</span> <span class='ocrx_word' id='word_1_264' title='bbox 2530 3505 2671 3553; x_wconf 84' lang='lat' dir='ltr'>law.”</span> 
     </span>
     <span class='ocr_line' id='line_1_30' title="bbox 501 3588 1960 3656; baseline -0.001 -16"><span class='ocrx_word' id='word_1_265' title='bbox 501 3591 673 3643; x_wconf 75' lang='lat' dir='ltr'>Kent&#39;s</span> <span class='ocrx_word' id='word_1_266' title='bbox 704 3593 898 3642; x_wconf 85' lang='lat' dir='ltr'>Gomm.</span> <span class='ocrx_word' id='word_1_267' title='bbox 920 3594 1012 3641; x_wconf 86' lang='lat' dir='ltr'>vol.</span> <span class='ocrx_word' id='word_1_268' title='bbox 1035 3593 1098 3641; x_wconf 84' lang='lat' dir='ltr'>iv.</span> <span class='ocrx_word' id='word_1_269' title='bbox 1121 3599 1225 3656; x_wconf 86' lang='lat' dir='ltr'>part</span> <span class='ocrx_word' id='word_1_270' title='bbox 1244 3593 1309 3640; x_wconf 87' lang='lat' dir='ltr'>vi.</span> <span class='ocrx_word' id='word_1_271' title='bbox 1332 3593 1417 3641; x_wconf 89' lang='lat' dir='ltr'>lec.</span> <span class='ocrx_word' id='word_1_272' title='bbox 1440 3593 1593 3641; x_wconf 85' lang='lat' dir='ltr'>lxviii.</span> <span class='ocrx_word' id='word_1_273' title='bbox 1615 3609 1666 3640; x_wconf 90' lang='lat' dir='ltr'>n.</span> <span class='ocrx_word' id='word_1_274' title='bbox 1690 3595 1806 3640; x_wconf 86' lang='lat'><strong>536.</strong></span> <span class='ocrx_word' id='word_1_275' title='bbox 1958 3588 1960 3590; x_wconf 63' lang='grc'>’</span> 
     </span>
    </p>

    <p class='ocr_par' dir='ltr' id='par_1_7' title="bbox 568 3675 1787 3743">
     <span class='ocr_line' id='line_1_31' title="bbox 568 3675 1787 3743; baseline -0.002 -19"><span class='ocrx_word' id='word_1_276' title='bbox 568 3680 651 3743; x_wconf 87' lang='grc'>(4)</span> <span class='ocrx_word' id='word_1_277' title='bbox 693 3682 739 3736; x_wconf 62' lang='grc' dir='ltr'>ξ.</span> <span class='ocrx_word' id='word_1_278' title='bbox 761 3677 792 3726; x_wconf 87' lang='lat' dir='ltr'>i.</span> <span class='ocrx_word' id='word_1_279' title='bbox 814 3677 933 3725; x_wconf 86' lang='lat' dir='ltr'>Inst.</span> <span class='ocrx_word' id='word_1_280' title='bbox 956 3675 1141 3742; x_wconf 83' lang='lat' dir='ltr'>quibus</span> <span class='ocrx_word' id='word_1_281' title='bbox 1162 3693 1264 3726; x_wconf 82' lang='lat' dir='ltr'>non</span> <span class='ocrx_word' id='word_1_282' title='bbox 1286 3681 1357 3726; x_wconf 72' lang='lat' dir='ltr'>est</span> <span class='ocrx_word' id='word_1_283' title='bbox 1374 3691 1535 3742; x_wconf 72' lang='lat' dir='ltr'>parm.</span> <span class='ocrx_word' id='word_1_284' title='bbox 1548 3675 1658 3742; x_wconf 84' lang='lat' dir='ltr'>sac.</span> <span class='ocrx_word' id='word_1_285' title='bbox 1681 3679 1787 3724; x_wconf 77' lang='lat' dir='ltr'>test.</span> 
     </span>
    </p>

    <p class='ocr_par' dir='ltr' id='par_1_8' title="bbox 568 3752 1616 3828">
     <span class='ocr_line' id='line_1_32' title="bbox 568 3752 1616 3828; baseline 0.001 -20"><span class='ocrx_word' id='word_1_286' title='bbox 568 3765 651 3827; x_wconf 90' lang='lat'>(5)</span> <span class='ocrx_word' id='word_1_287' title='bbox 692 3761 750 3809; x_wconf 90' lang='lat' dir='ltr'>L.</span> <span class='ocrx_word' id='word_1_288' title='bbox 774 3777 877 3828; x_wconf 81' lang='lat' dir='ltr'>qua</span> <span class='ocrx_word' id='word_1_289' title='bbox 893 3765 1035 3811; x_wconf 68' lang='lat' dir='ltr'>aetate</span> <span class='ocrx_word' id='word_1_290' title='bbox 1056 3759 1107 3808; x_wconf 87' lang='lat' dir='ltr'>ff.</span> <span class='ocrx_word' id='word_1_291' title='bbox 1130 3752 1219 3826; x_wconf 66' lang='lat' dir='ltr'>qui</span> <span class='ocrx_word' id='word_1_292' title='bbox 1242 3764 1349 3808; x_wconf 81' lang='lat' dir='ltr'>test.</span> <span class='ocrx_word' id='word_1_293' title='bbox 1357 3758 1465 3826; x_wconf 84' lang='lat' dir='ltr'>fac.</span> <span class='ocrx_word' id='word_1_294' title='bbox 1478 3775 1616 3824; x_wconf 81' lang='lat' dir='ltr'>poss.</span> 
     </span>
    </p>

    <p class='ocr_par' dir='ltr' id='par_1_9' title="bbox 568 3837 2542 3912">
     <span class='ocr_line' id='line_1_33' title="bbox 568 3837 2542 3912; baseline -0.002 -19"><span class='ocrx_word' id='word_1_295' title='bbox 568 3849 651 3912; x_wconf 85' lang='grc'>(6)</span> <span class='ocrx_word' id='word_1_296' title='bbox 692 3845 750 3894; x_wconf 88' lang='lat' dir='ltr'>L.</span> <span class='ocrx_word' id='word_1_297' title='bbox 774 3863 821 3894; x_wconf 85' lang='lat' dir='ltr'>x.</span> <span class='ocrx_word' id='word_1_298' title='bbox 846 3844 969 3893; x_wconf 83' lang='lat' dir='ltr'>cod.</span> <span class='ocrx_word' id='word_1_299' title='bbox 992 3844 1083 3910; x_wconf 81' lang='lat' dir='ltr'>qui</span> <span class='ocrx_word' id='word_1_300' title='bbox 1103 3849 1209 3894; x_wconf 74' lang='lat' dir='ltr'>test.</span> <span class='ocrx_word' id='word_1_301' title='bbox 1219 3843 1327 3911; x_wconf 84' lang='lat' dir='ltr'>fac.</span> <span class='ocrx_word' id='word_1_302' title='bbox 1341 3861 1475 3912; x_wconf 65' lang='lat' dir='ltr'>poss.</span> <span class='ocrx_word' id='word_1_303' title='bbox 1682 3844 1766 3906; x_wconf 82' lang='grc'>(7)</span> <span class='ocrx_word' id='word_1_304' title='bbox 1805 3839 2252 3907; x_wconf 71' lang='lat' dir='ltr'>Lfilt&#39;usfamilias</span> <span class='ocrx_word' id='word_1_305' title='bbox 2275 3839 2325 3887; x_wconf 86' lang='lat' dir='ltr'>ff.</span> <span class='ocrx_word' id='word_1_306' title='bbox 2349 3837 2408 3888; x_wconf 80' lang='lat' dir='ltr'>de</span> <span class='ocrx_word' id='word_1_307' title='bbox 2431 3843 2542 3890; x_wconf 72' lang='lat' dir='ltr'>test.</span> 
     </span>
    </p>

    <p class='ocr_par' dir='ltr' id='par_1_10' title="bbox 567 3922 2492 3994">
     <span class='ocr_line' id='line_1_34' title="bbox 567 3922 2492 3994; baseline -0.002 -18"><span class='ocrx_word' id='word_1_308' title='bbox 567 3929 650 3994; x_wconf 88' lang='grc'>(8)</span> <span class='ocrx_word' id='word_1_309' title='bbox 690 3928 749 3976; x_wconf 91' lang='lat' dir='ltr'>L.</span> <span class='ocrx_word' id='word_1_310' title='bbox 771 3929 868 3977; x_wconf 88' lang='lat' dir='ltr'>viii.</span> <span class='ocrx_word' id='word_1_311' title='bbox 891 3928 1061 3977; x_wconf 90' lang='lat' dir='ltr'>eodem</span> <span class='ocrx_word' id='word_1_312' title='bbox 1082 3927 1153 3976; x_wconf 85' lang='lat' dir='ltr'>tit.</span> <span class='ocrx_word' id='word_1_313' title='bbox 1684 3928 1767 3991; x_wconf 88' lang='grc'>(9)</span> <span class='ocrx_word' id='word_1_314' title='bbox 1808 3925 1866 3973; x_wconf 91' lang='lat' dir='ltr'>L.</span> <span class='ocrx_word' id='word_1_315' title='bbox 1890 3925 2014 3974; x_wconf 79' lang='lat' dir='ltr'>Item</span> <span class='ocrx_word' id='word_1_316' title='bbox 2036 3923 2278 3988; x_wconf 82' lang='lat' dir='ltr'>prodigus,</span> <span class='ocrx_word' id='word_1_317' title='bbox 2302 3922 2361 3974; x_wconf 83' lang='lat' dir='ltr'>de</span> <span class='ocrx_word' id='word_1_318' title='bbox 2384 3927 2492 3972; x_wconf 71' lang='lat' dir='ltr'>test.</span> 
     </span>
    </p>

    <p class='ocr_par' dir='ltr' id='par_1_11' title="bbox 568 4009 1951 4080">
     <span class='ocr_line' id='line_1_35' title="bbox 568 4009 1951 4080; baseline -0.001 -20"><span class='ocrx_word' id='word_1_319' title='bbox 568 4016 685 4079; x_wconf 88' lang='grc'>(10)</span> <span class='ocrx_word' id='word_1_320' title='bbox 725 4013 783 4062; x_wconf 90' lang='lat' dir='ltr'>L.</span> <span class='ocrx_word' id='word_1_321' title='bbox 806 4013 897 4080; x_wconf 81' lang='lat' dir='ltr'>qui</span> <span class='ocrx_word' id='word_1_322' title='bbox 918 4029 1021 4076; x_wconf 78' lang='lat' dir='ltr'>non</span> <span class='ocrx_word' id='word_1_323' title='bbox 1033 4017 1214 4078; x_wconf 65' lang='lat' dir='ltr'>potest,</span> <span class='ocrx_word' id='word_1_324' title='bbox 1236 4011 1295 4059; x_wconf 90' lang='lat' dir='ltr'>de</span> <span class='ocrx_word' id='word_1_325' title='bbox 1317 4018 1422 4059; x_wconf 85' lang='lat' dir='ltr'>test.</span> <span class='ocrx_word' id='word_1_326' title='bbox 1490 4009 1549 4062; x_wconf 82' lang='lat' dir='ltr'>L.</span> <span class='ocrx_word' id='word_1_327' title='bbox 1574 4010 1659 4058; x_wconf 88' lang='lat' dir='ltr'>fin.</span> <span class='ocrx_word' id='word_1_328' title='bbox 1681 4009 1731 4058; x_wconf 87' lang='lat' dir='ltr'>ff.</span> <span class='ocrx_word' id='word_1_329' title='bbox 1753 4010 1951 4059; x_wconf 88' lang='lat' dir='ltr'>eodem.-</span> 
     </span>
    </p>

    <p class='ocr_par' dir='ltr' id='par_1_12' title="bbox 496 4091 2677 4490">
     <span class='ocr_line' id='line_1_36' title="bbox 569 4091 2676 4162; baseline -0.001 -20"><span class='ocrx_word' id='word_1_330' title='bbox 569 4099 593 4161; x_wconf 92' lang='lat'>(</span> <span class='ocrx_word' id='word_1_331' title='bbox 600 4100 687 4162; x_wconf 89' lang='grc'>11)</span> <span class='ocrx_word' id='word_1_332' title='bbox 728 4105 757 4129; x_wconf 84' lang='grc'><strong>“</strong></span> <span class='ocrx_word' id='word_1_333' title='bbox 774 4097 1060 4145; x_wconf 85' lang='lat' dir='ltr'>Testament</span> <span class='ocrx_word' id='word_1_334' title='bbox 1080 4095 1137 4143; x_wconf 88' lang='lat' dir='ltr'>of</span> <span class='ocrx_word' id='word_1_335' title='bbox 1162 4095 1363 4142; x_wconf 86' lang='lat' dir='ltr'>chattels</span> <span class='ocrx_word' id='word_1_336' title='bbox 1386 4111 1498 4157; x_wconf 83' lang='lat' dir='ltr'>may</span> <span class='ocrx_word' id='word_1_337' title='bbox 1520 4096 1581 4142; x_wconf 90' lang='lat' dir='ltr'>be</span> <span class='ocrx_word' id='word_1_338' title='bbox 1603 4093 1744 4142; x_wconf 90' lang='lat' dir='ltr'>made</span> <span class='ocrx_word' id='word_1_339' title='bbox 1765 4095 1830 4157; x_wconf 84' lang='lat' dir='ltr'>by</span> <span class='ocrx_word' id='word_1_340' title='bbox 1853 4093 2035 4142; x_wconf 79' lang='lat' dir='ltr'>infants</span> <span class='ocrx_word' id='word_1_341' title='bbox 2056 4091 2115 4140; x_wconf 88' lang='lat' dir='ltr'>of</span> <span class='ocrx_word' id='word_1_342' title='bbox 2139 4091 2222 4140; x_wconf 87' lang='lat' dir='ltr'>the</span> <span class='ocrx_word' id='word_1_343' title='bbox 2249 4107 2338 4152; x_wconf 83' lang='lat' dir='ltr'>age</span> <span class='ocrx_word' id='word_1_344' title='bbox 2360 4091 2416 4139; x_wconf 88' lang='lat' dir='ltr'>of</span> <span class='ocrx_word' id='word_1_345' title='bbox 2442 4091 2676 4149; x_wconf 88' lang='lat' dir='ltr'>fourteen,</span> 
     </span>
     <span class='ocr_line' id='line_1_37' title="bbox 497 4176 2677 4242; baseline -0.003 -11"><span class='ocrx_word' id='word_1_346' title='bbox 497 4183 541 4230; x_wconf 87' lang='lat' dir='ltr'>if</span> <span class='ocrx_word' id='word_1_347' title='bbox 554 4185 718 4242; x_wconf 83' lang='lat' dir='ltr'>males,</span> <span class='ocrx_word' id='word_1_348' title='bbox 740 4182 837 4231; x_wconf 85' lang='lat' dir='ltr'>and</span> <span class='ocrx_word' id='word_1_349' title='bbox 859 4182 1047 4240; x_wconf 86' lang='lat' dir='ltr'>twelve,</span> <span class='ocrx_word' id='word_1_350' title='bbox 1081 4180 1126 4228; x_wconf 87' lang='lat' dir='ltr'>if</span> <span class='ocrx_word' id='word_1_351' title='bbox 1150 4180 1361 4230; x_wconf 77' lang='lat' dir='ltr'>females.</span> <span class='ocrx_word' id='word_1_352' title='bbox 1428 4179 1553 4227; x_wconf 88' lang='lat' dir='ltr'>This</span> <span class='ocrx_word' id='word_1_353' title='bbox 1589 4179 1633 4228; x_wconf 90' lang='lat' dir='ltr'>is</span> <span class='ocrx_word' id='word_1_354' title='bbox 1666 4179 1750 4229; x_wconf 89' lang='lat' dir='ltr'>the</span> <span class='ocrx_word' id='word_1_355' title='bbox 1785 4179 1996 4240; x_wconf 88' lang='lat' dir='ltr'>English</span> <span class='ocrx_word' id='word_1_356' title='bbox 2033 4178 2150 4226; x_wconf 74' lang='lat' dir='ltr'>rule-</span> <span class='ocrx_word' id='word_1_357' title='bbox 2219 4177 2330 4226; x_wconf 87' lang='lat' dir='ltr'>The</span> <span class='ocrx_word' id='word_1_358' title='bbox 2361 4177 2481 4225; x_wconf 80' lang='lat' dir='ltr'>laws</span> <span class='ocrx_word' id='word_1_359' title='bbox 2514 4176 2570 4224; x_wconf 88' lang='lat' dir='ltr'>of</span> <span class='ocrx_word' id='word_1_360' title='bbox 2594 4177 2677 4226; x_wconf 88' lang='lat' dir='ltr'>the</span> 
     </span>
     <span class='ocr_line' id='line_1_38' title="bbox 496 4258 2676 4326; baseline -0.003 -13"><span class='ocrx_word' id='word_1_361' title='bbox 496 4267 675 4315; x_wconf 85' lang='lat' dir='ltr'>several</span> <span class='ocrx_word' id='word_1_362' title='bbox 697 4273 842 4316; x_wconf 79' lang='lat' dir='ltr'>states</span> <span class='ocrx_word' id='word_1_363' title='bbox 862 4282 941 4314; x_wconf 82' lang='lat' dir='ltr'>are</span> <span class='ocrx_word' id='word_1_364' title='bbox 962 4272 1050 4314; x_wconf 87' lang='lat' dir='ltr'>not</span> <span class='ocrx_word' id='word_1_365' title='bbox 1069 4264 1279 4314; x_wconf 87' lang='lat' dir='ltr'>uniform</span> <span class='ocrx_word' id='word_1_366' title='bbox 1301 4279 1366 4312; x_wconf 89' lang='lat' dir='ltr'>on</span> <span class='ocrx_word' id='word_1_367' title='bbox 1388 4263 1483 4312; x_wconf 89' lang='lat' dir='ltr'>this</span> <span class='ocrx_word' id='word_1_368' title='bbox 1506 4263 1657 4326; x_wconf 83' lang='lat' dir='ltr'>point,</span> <span class='ocrx_word' id='word_1_369' title='bbox 1680 4263 1776 4312; x_wconf 84' lang='lat' dir='ltr'>and</span> <span class='ocrx_word' id='word_1_370' title='bbox 1810 4264 1875 4326; x_wconf 88' lang='lat' dir='ltr'>by</span> <span class='ocrx_word' id='word_1_371' title='bbox 1898 4263 1980 4311; x_wconf 88' lang='lat' dir='ltr'>the</span> <span class='ocrx_word' id='word_1_372' title='bbox 2005 4262 2126 4312; x_wconf 81' lang='lat' dir='ltr'>New</span> <span class='ocrx_word' id='word_1_373' title='bbox 2151 4259 2284 4312; x_wconf 80' lang='lat' dir='ltr'>York</span> <span class='ocrx_word' id='word_1_374' title='bbox 2308 4258 2522 4317; x_wconf 76' lang='lat' dir='ltr'>Reviaed</span> <span class='ocrx_word' id='word_1_375' title='bbox 2542 4259 2676 4308; x_wconf 77' lang='lat' dir='ltr'>Scat-</span> 
     </span>
     <span class='ocr_line' id='line_1_39' title="bbox 499 4343 2672 4413; baseline -0.005 -13"><span class='ocrx_word' id='word_1_376' title='bbox 499 4355 622 4409; x_wconf 74' lang='lat' dir='ltr'>utes,</span> <span class='ocrx_word' id='word_1_377' title='bbox 643 4351 726 4399; x_wconf 87' lang='lat' dir='ltr'>the</span> <span class='ocrx_word' id='word_1_378' title='bbox 748 4367 836 4412; x_wconf 84' lang='lat' dir='ltr'>age</span> <span class='ocrx_word' id='word_1_379' title='bbox 858 4358 908 4400; x_wconf 84' lang='lat' dir='ltr'>to</span> <span class='ocrx_word' id='word_1_380' title='bbox 928 4351 1070 4400; x_wconf 84' lang='lat' dir='ltr'>make</span> <span class='ocrx_word' id='word_1_381' title='bbox 1092 4367 1122 4402; x_wconf 80' lang='lat' dir='ltr'>a</span> <span class='ocrx_word' id='word_1_382' title='bbox 1141 4349 1243 4398; x_wconf 86' lang='lat' dir='ltr'>will</span> <span class='ocrx_word' id='word_1_383' title='bbox 1264 4349 1321 4398; x_wconf 86' lang='lat' dir='ltr'>of</span> <span class='ocrx_word' id='word_1_384' title='bbox 1344 4349 1566 4413; x_wconf 87' lang='lat' dir='ltr'>personal</span> <span class='ocrx_word' id='word_1_385' title='bbox 1588 4356 1736 4397; x_wconf 81' lang='lat' dir='ltr'>estate</span> <span class='ocrx_word' id='word_1_386' title='bbox 1772 4349 1815 4398; x_wconf 87' lang='lat' dir='ltr'>is</span> <span class='ocrx_word' id='word_1_387' title='bbox 1848 4347 2002 4398; x_wconf 80' lang='lat' dir='ltr'>raised</span> <span class='ocrx_word' id='word_1_388' title='bbox 2023 4363 2091 4411; x_wconf 92' lang='lat' dir='ltr'>up</span> <span class='ocrx_word' id='word_1_389' title='bbox 2111 4353 2163 4396; x_wconf 85' lang='lat' dir='ltr'>to</span> <span class='ocrx_word' id='word_1_390' title='bbox 2185 4347 2409 4408; x_wconf 88' lang='lat' dir='ltr'>eighteen</span> <span class='ocrx_word' id='word_1_391' title='bbox 2431 4345 2484 4392; x_wconf 90' lang='lat' dir='ltr'>in</span> <span class='ocrx_word' id='word_1_392' title='bbox 2507 4343 2672 4398; x_wconf 79' lang='lat' dir='ltr'>males,</span> 
     </span>
     <span class='ocr_line' id='line_1_40' title="bbox 506 4430 2673 4490; baseline -0.004 -8"><span class='ocrx_word' id='word_1_393' title='bbox 506 4434 601 4482; x_wconf 77' lang='lat' dir='ltr'>and</span> <span class='ocrx_word' id='word_1_394' title='bbox 619 4436 807 4484; x_wconf 78' lang='lat' dir='ltr'>sixteen</span> <span class='ocrx_word' id='word_1_395' title='bbox 822 4436 875 4485; x_wconf 89' lang='lat' dir='ltr'>in</span> <span class='ocrx_word' id='word_1_396' title='bbox 896 4433 1138 4484; x_wconf 60' lang='lat' dir='ltr'>femalesss’</span> <span class='ocrx_word' id='word_1_397' title='bbox 1207 4435 1355 4483; x_wconf 88' lang='lat' dir='ltr'>Kent.</span> <span class='ocrx_word' id='word_1_398' title='bbox 1377 4435 1469 4483; x_wconf 85' lang='lat' dir='ltr'>vol.</span> <span class='ocrx_word' id='word_1_399' title='bbox 1492 4434 1555 4483; x_wconf 83' lang='lat' dir='ltr'>iv.</span> <span class='ocrx_word' id='word_1_400' title='bbox 1578 4450 1627 4482; x_wconf 90' lang='lat' dir='ltr'>n.</span> <span class='ocrx_word' id='word_1_401' title='bbox 1654 4435 1771 4482; x_wconf 86' lang='lat'><strong>506.</strong></span> <span class='ocrx_word' id='word_1_402' title='bbox 1840 4432 1967 4482; x_wconf 89' lang='lat' dir='ltr'>Vide</span> <span class='ocrx_word' id='word_1_403' title='bbox 1988 4439 2037 4481; x_wconf 88' lang='lat' dir='ltr'>et</span> <span class='ocrx_word' id='word_1_404' title='bbox 2054 4431 2294 4481; x_wconf 82' lang='lat' dir='ltr'>Purdonis</span> <span class='ocrx_word' id='word_1_405' title='bbox 2315 4430 2570 4490; x_wconf 82' lang='lat' dir='ltr'>digestum,</span> <span class='ocrx_word' id='word_1_406' title='bbox 2589 4433 2673 4475; x_wconf 81' lang='lat' dir='ltr'>art.</span> 
     </span>
    </p>

    <p class='ocr_par' dir='ltr' id='par_1_13' title="bbox 519 4519 670 4572">
     <span class='ocr_line' id='line_1_41' title="bbox 519 4519 670 4572; baseline 0.013 -2"><span class='ocrx_word' id='word_1_407' title='bbox 519 4519 670 4572; x_wconf 67' lang='lat' dir='ltr'>With.</span> 
     </span>
    </p>
   </div>
  </div>
 </body>
</html>
