3117 5217
496 579 573 634 9⁰
1323 576 1437 635 DE
1481 577 1573 636 IN
1577 576 1613 635 J
1620 575 1840 635 URIA.

502 743 869 820 quilegitima
888 743 1103 800 ratione
1118 743 1319 814 quaerit
1333 753 1396 801 ut
1414 762 1622 802 munus
1643 744 1698 800 ei
1713 742 2018 811 auferatur,
2043 743 2195 816 quod
2215 717 2426 819 absque
2447 744 2687 802 aliorum

499 842 859 908 detrimento,
897 842 988 899 vel
1014 842 1339 918 reipublicae
1368 841 1671 908 dedecore,
1699 860 1969 900 exercere
1996 860 2112 902 non
2138 844 2306 902 valet.

584 945 717 999 116.
763 940 879 1006 Qui
906 941 984 1008 vi,
1026 950 1199 1008 metu,
1230 940 1447 1008 fraude,
1478 940 1796 1008 mendacin,
1833 943 1925 999 vel
1965 941 2092 998 aliis
2123 943 2350 1018 injustis
2375 941 2688 1000 rationibus

500 1039 741 1115 impedit
783 1057 854 1097 ne
890 1039 1033 1098 alius
1073 1049 1453 1110 consequatur
1490 1041 1701 1098 bonum
1734 1039 1890 1113 quod
1925 1041 2083 1117 juste
2127 1042 2403 1114 consequi
2449 1049 2693 1118 poterat,

501 1139 789 1215 injustitiae
816 1156 949 1196 reus
976 1150 1079 1195 est.
1134 1138 1227 1196 De
1254 1139 1311 1194 vi
1326 1138 1525 1211 liquet,
1554 1157 1684 1198 nam
1713 1139 1918 1217 injuria
1945 1149 2031 1196 est
2055 1140 2302 1212 aliquem
2329 1141 2386 1198 vi
2413 1139 2686 1217 repellere

502 1257 535 1294 a
575 1239 727 1296 bono
766 1236 1173 1309 consequendo
1199 1236 1353 1309 quod
1396 1238 1547 1295 licite
1583 1238 1858 1310 consequi
1897 1248 2102 1313 potest.
2185 1241 2381 1298 Metus
2423 1259 2455 1297 a
2493 1241 2550 1296 vi
2590 1237 2688 1293 vix

502 1336 725 1394 differt:
773 1336 925 1394 fraus
962 1346 1153 1394 autem
1176 1337 1399 1409 utrique
1440 1337 1838 1412 aequiparatur,
1867 1336 2098 1408 quando
2135 1338 2196 1396 in
2237 1337 2483 1396 eundem
2510 1339 2684 1395 finem

504 1434 819 1493 adhibetur.
904 1436 1178 1508 Alioquin
1240 1436 1635 1509 unusquisque
1692 1436 1790 1512 jus
1843 1436 2052 1494 habere
2103 1437 2424 1496 censendus
2477 1447 2566 1494 est
2615 1453 2688 1495 ne

504 1535 814 1592 rationibus
842 1535 1057 1592 illicitis
1093 1532 1303 1592 a'bono
1338 1533 1744 1608 consequendo
1770 1534 2156 1611 prohibeatur.
2241 1537 2307 1595 Si
2341 1545 2529 1594 autem
2559 1555 2692 1593 con-

505 1633 655 1700 silio,
684 1635 971 1700 suasione,
1001 1634 1179 1710 gratia
1204 1634 1335 1706 quis
1362 1634 1598 1692 alterurn
1625 1633 1901 1709 impediat
1937 1653 2010 1692 ne
2037 1636 2249 1694 bonum
2285 1645 2690 1708 consequatur,

506 1732 574 1790 ad
604 1732 758 1805 quod
778 1733 875 1808 jus
900 1733 1157 1790 strictum
1184 1750 1299 1789 non
1326 1731 1515 1800 habet,
1544 1734 1808 1809 injuriam
1837 1731 2049 1790 nullam
2089 1736 2142 1792 ei
2168 1735 2321 1792 facit.
2408 1735 2565 1793 Hinc
2591 1732 2692 1806 qui

506 1833 707 1890 suadet
731 1831 1085 1907 gubernatori
1116 1840 1179 1887 ut
1216 1831 1392 1888 alium
1432 1849 1546 1906 prae
1587 1833 1762 1890 altero
1799 1831 2062 1908 designet
2087 1833 2158 1891 ad
2183 1851 2394 1893 munus
2423 1845 2692 1891 exercen-

506 1929 664 1996 dum,
694 1949 813 1988 non
838 1929 1005 1986 debet
1029 1929 1165 1986 huic
1192 1929 1536 1997 satisfacere,
1565 1930 1698 1988 licet
1720 1940 1944 1988 constet
1981 1951 2115 1990 eum
2141 1933 2278 1990 alias
2304 1933 2483 1990 fuisse
2509 1931 2696 2008 desig-

508 2027 807 2087 nandum.·
867 2027 983 2093 Qui
1010 2029 1273 2086 consulto
1300 2029 1581 2086 subtrahit
1605 2030 1852 2102 aliquem
1881 2031 2044 2106 cujus
2085 2051 2259 2108 opera
2293 2033 2504 2090 bonum
2534 2032 2694 2089 alteri

508 2128 881 2203 contingeret,
911 2126 1087 2184 violat
1120 2128 1421 2204 justitiam,
1452 2129 1501 2184 si
1537 2129 1594 2184 vi
1633 2131 1884 2186 muneris
1925 2141 2180 2209 teneatur
2219 2131 2314 2189 ille
2355 2131 2425 2188 ad
2461 2149 2694 2206 operam

506 2225 920 2302 praestandam:
951 2243 1121 2284 secus
1148 2228 1201 2288 si
1228 2244 1465 2284 munere
1492 2245 1599 2284 suo
1627 2227 1695 2284 ad
1735 2226 1790 2284 id
1831 2247 1948 2286 non
1989 2228 2283 2306 obligetur.
2367 2230 2465 2287 Sic
2493 2231 2592 2303 qui
2618 2238 2698 2286 ta·

507 2324 818 2383 bellionem
838 2323 1121 2391 subducit,
1144 2343 1217 2382 ne
1234 2333 1390 2382 actus
1412 2343 1604 2383 coram
1626 2344 1698 2384 eo
1723 2326 1821 2382 fiat
1839 2328 1937 2398 qui
1961 2327 2097 2385 alias
2119 2329 2303 2386 irritus
2323 2330 2415 2397 sit,
2437 2327 2694 2386 fraudem

508 2421 641 2481 facit
664 2434 723 2480 et
748 2424 1038 2500 injuriam.·
1121 2423 1235 2491 Qui
1256 2424 1521 2492 scribam,
1552 2424 1642 2482 vel
1663 2425 1836 2483 alium
1861 2427 1961 2498 qui
1983 2428 2339 2486 conficiendo
2357 2437 2694 2485 testamento

508 2531 596 2580 est
620 2521 885 2589 idoneus,
914 2521 1047 2580 dolo
1073 2523 1166 2580 vel
1202 2541 1436 2580 munere
1461 2523 1596 2581 dato
1624 2513 1872 2593 am‘ovet,
1901 2544 1974 2582 ne
1999 2544 2176 2601 opera
2201 2528 2326 2604 ejus
2354 2535 2539 2584 utatur
2575 2545 2698 2584 mo·

506 2621 799 2689 ribundus,
842 2621 1069 2680 alterius
1106 2616 1359 2698 operam'
1387 2623 1485 2680 vix
1532 2624 1845 2690 habituruS,
1893 2625 2158 2700 injuriam
2199 2626 2329 2683 facit
2369 2627 2439 2683 iis
2493 2626 2695 2698 quibus

506 2721 805 2779 consulere
833 2720 957 2778 vult
980 2721 1075 2779 hic
1102 2723 1473 2800 testar'nenm.⁸
1516 2721 1805 2780 Caeterum
1827 2742 2002 2794 quum
2034 2723 2158 2781 aliis
2177 2725 2486 2782 rationibus
2515 2726 2700 2800 possit

509 2821 807 2879 morientis
836 2819 1097 2877 voluntas
1126 2821 1241 2877 vim
1284 2820 1558 2888 obtinere,
1587 2840 1780 2880 coram
1821 2823 2060 2879 testibus
2102 2824 2322 2881 scilicet
2357 2842 2486 2881 eam
2513 2823 2698 2881 decla-

510 2917 708 2984 rand0,
738 2918 837 2973 vix
864 2916 1197 2974 restituendi
1223 2918 1586 2994 agnoscenda
1623 2929 1712 2977 est
1749 2920 2042 2998 obligatio,
2083 2923 2195 2980 nisi
2225 2923 2306 2979 vis
2333 2923 2502 2980 fuerit
2539 2922 2696 2980 adhi-

454 3016 624 3082 ·,bita
652 3013 723 3071 ad
748 3015 1179 3090 impediendum
1206 3035 1279 3073 ne
1322 3026 1718 3076 testamentum
1759 3020 1876 3077 ulla
1913 3021 2129 3078 ratione
2159 3039 2269 3092 qua
2307 3022 2488 3079 valeat
2523 3022 2699 3080 confi·

506 3122 750 3173 seretur.

593 3215 727 3270 117.
772 3211 888 3277 Qui
914 3231 1203 3273 cursorem
1232 3214 1295 3270 vi
1318 3213 1533 3272 detinet
1557 3234 1630 3272 ne
1670 3219 1961 3292 negotium
2004 3228 2304 3295 peragatur
2343 3219 2500 3276 alteri
2538 3219 2694 3286 utile,

508 3311 734 3370 interim
763 3312 1063 3368 occasione
1090 3312 1149 3369 in
1178 3313 1269 3371 sui
1294 3313 1590 3371 utilitatem
1620 3326 1804 3384 utens,
1833 3317 2092 3376 fraudem
2119 3317 2254 3376 facit
2291 3328 2348 3374 et
2387 3319 2652 3394 injuriam
2676 3338 2691 3374 :

508 3428 673 3468 secus
701 3411 752 3467 si
780 3417 895 3467 arte
920 3417 1156 3477 tantum,
1186 3410 1278 3469 vel
1304 3413 1594 3480 suasione,
1618 3415 1752 3486 quia
1780 3425 1914 3473 tunc
1940 3418 2158 3475 cursori
2183 3415 2453 3476 damnum
2483 3427 2571 3474 est
2590 3418 2695 3475 im-

510 3510 841 3587 putandum.

593 3613 727 3668 118.
772 3610 891 3676 Qui
922 3608 1158 3667 veredos
1192 3628 1398 3668 omnes
1440 3610 1498 3668 in
1546 3611 1760 3687 oppido
1801 3615 1981 3689 pretio
2023 3614 2290 3672 conducit
2327 3633 2400 3672 ne
2439 3615 2584 3672 alius
2626 3614 2698 3671 ad

507 3710 696 3767 locum
723 3709 1028 3781 quemdam
1050 3727 1180 3768 sese
1198 3710 1472 3777 conferat,
1492 3711 1614 3768 suis
1636 3712 1964 3770 utilitatibus
1992 3714 2378 3780 consulturus,
2403 3733 2516 3772 non
2540 3711 2694 3771 vide-

430 3827 435 3832 ·
509 3817 597 3864 tur
624 3809 888 3883 injuriam
916 3809 1119 3878 facere,
1140 3811 1191 3870 si
1207 3811 1269 3868 *vi
1294 3810 1385 3868 vel
1414 3810 1584 3868 minis
1613 3828 1726 3868 non
1754 3811 1923 3869 saciat
1947 3823 2010 3870 ut
2038 3831 2240 3870 omnes
2267 3813 2376 3869 sibi
2402 3813 2690 3880 locentur3

509 3905 681 3962 utitur
708 3907 861 3963 enim
883 3907 1011 3982 jure
1040 3927 1168 3966 suo.

1076 4076 1265 4149 §‚111.
1312 4077 1407 4134 Du
1450 4098 1816 4139 νιοιΑΤιοΝΕ
1859 4101 2131 4140 suenum.

593 4246 725 4300 119.
770 4243 1065 4300 Secretum
1108 4243 1386 4302 naturale
1430 4246 1636 4305 dicitur
1686 4249 1826 4307 illud
1879 4251 2034 4323 quod
2089 4252 2426 4309 servandum
2477 4259 2566 4308 est
2619 4269 2693 4308 ex

509 4343 763 4415 aequitate
794 4340 1054 4413 quadam,
1084 4361 1155 4399 ne
1182 4342 1453 4401 damnum
1480 4346 1639 4404 alteri
1668 4348 1963 4418 obveniat:
1994 4351 2079 4406 sic
2108 4350 2276 4426 culpa
2303 4351 2530 4408 alterius
2561 4369 2688 4422 quae

955 4498 976 4554 s
988 4499 1038 4562 1)
1078 4495 1136 4546 L.
1160 4500 1206 4544 2.
1232 4501 1277 4557 ξ.
1304 4501 1349 4546 9.
1368 4497 1421 4548 fl:
1446 4501 1616 4548 xxxix.
1634 4500 1701 4549 iii.
1723 4501 1782 4552 de
1803 4518 1938 4569 aqua
1961 4509 2009 4555 et
2030 4522 2110 4574 aq.
2126 4504 2266 4572 pluv.
