3117 5217
1213 566 1326 627 DE
1367 566 1753 629 DOMINIS.
2507 574 2577 629 51

402 737 567 796 facile
587 732 718 795 inde
747 732 1224 815 provenienteS,)¹
1251 746 1404 795 certa
1428 740 1689 814 pecuniae
1716 756 1943 795 summa
1955 756 2061 815 per
2084 738 2337 814 singulos
2355 756 2583 795 menses

403 834 708 893 reddenda.
791 834 964 902 Quod
1015 836 1066 892 si
1117 836 1392 894 industria
1441 844 1497 892 et
1551 838 1781 894 solertia
1832 855 1936 894 sua
1979 837 2253 912 majorem
2301 854 2584 894 summam

401 944 750 1008 comparent,
790 952 1094 992 excessum
1134 934 1374 992 retinere
1412 934 1623 992 licebit.
1706 934 1814 992 Jus
1856 935 2023 993 civile
2064 933 2160 992 dat
2198 938 2378 993 servis
2414 936 2584 992 actio-

397 1050 530 1089 nem
565 1041 759 1090 contra
787 1032 1074 1099 dominOS,
1105 1040 1143 1068 “
1162 1034 1211 1090 si
1251 1031 1439 1090 dicant
1469 1051 1532 1089 se
1561 1034 1681 1090 suis
1721 1034 1971 1091 nummis
2011 1032 2357 1108 redemptos,
2388 1042 2444 1089 et
2468 1051 2585 1090 non

395 1132 786 1189 manumissos
828 1139 1024 1189 contra
1069 1131 1260 1206 placiti
1293 1123 1578 1203 'fidem.”²
1657 1131 1813 1207 Lege
1855 1132 2345 1207 Mississippiensi
2370 1140 2587 1189 vetatur

395 1247 468 1286 ne
493 1247 695 1286 servus
723 1248 832 1287 suo
863 1232 997 1307 jure
1041 1229 1332 1304 possideat
1369 1247 1605 1301 equum,
1644 1230 1735 1286 vel
1765 1230 2026 1303 jumenta
2052 1230 2331 1302 quaelibet,
2360 1230 2452 1311 vel
2486 1249 2584 1304 pe-

394 1322 591 1385 corat³
635 1339 693 1385 et
731 1347 805 1386 ne
845 1329 1190 1402 bombycem
1228 1328 1288 1384 in
1324 1327 1414 1383 sui
1447 1345 1636 1394 usum,
1677 1327 1847 1385 etiam
1886 1347 1961 1385 ex
1994 1327 2353 1385 dominorum
2394 1329 2581 1395 venia,

390 1422 594 1481 colat.⁴
673 1426 905 1484 Damna
945 1433 1133 1482 tamen
1163 1442 1288 1495 quae
1327 1424 1518 1482 forsan
1544 1426 1833 1483 intulerint
1870 1426 2117 1483 dominis
2158 1427 2319 1484 furtis
2358 1426 2580 1484 leviori-

392 1524 523 1589 bus,
553 1522 647 1580 vel
673 1524 782 1583 alia
805 1524 1042 1591 ratione,
1067 1524 1164 1581 vix
1190 1523 1502 1599 reparanda
1519 1532 1653 1581 sunt
1678 1543 1752 1583 ex
1778 1523 2005 1599 peculio
2030 1523 2382 1600 hujusmodi,
2407 1543 2581 1596 quum

394 1630 514 1678 tota
539 1640 644 1680 sua
670 1623 783 1679 vita
809 1622 867 1679 in
893 1639 1093 1681 eorum
1120 1621 1417 1679 utilitatem
1444 1621 1642 1680 cedat:
1687 1631 1743 1679 et
1766 1622 1862 1679 lex
1890 1632 2057 1699 cogat
2080 1623 2345 1682 dominos
2374 1622 2586 1681 adres·

394 1719 654 1777 tituenda
679 1739 806 1792 quoe
833 1721 986 1777 servi
1014 1720 1138 1778 aliis
1166 1712 1549 1778 absmlerint.⁵

470 1898 556 1961 (l)
597 1895 729 1957 Lege
763 1896 930 1945 Status
969 1896 1390 1959 Mississippiensis
1423 1896 1609 1959 imponi
1642 1903 1800 1959 potest
1830 1898 2013 1947 mulcta
2050 1904 2248 1947 centum
2288 1904 2583 1946 scutatorum

406 1981 522 2029 hero
543 1993 652 2029 eam
677 1979 871 2028 facienti
891 1978 1168 2029 facultatem
1203 1995 1352 2038 servo,
1376 1980 1460 2041 qui
1497 1985 1547 2028 et
1585 1980 1729 2029 vendi
1762 1986 1921 2044 potest
1952 1980 2094 2029 curiae
2134 1980 2425 2040 auctoritate,
2447 1980 2586 2045 pretii

397 2064 538 2113 tertia
576 2071 708 2127 parte
752 2064 805 2112 in
839 2064 1100 2113 litterarum
1135 2063 1403 2114 subsidium
1437 2080 1644 2123 cessura,
1679 2065 1863 2129 reliqua
1906 2070 2053 2129 parte,
2076 2066 2309 2130 impensis
2354 2066 2586 2124 deductis,

395 2149 545 2197 indici
567 2148 810 2200 tradenda.
879 2148 1008 2198 Sect.
1031 2149 1164 2197 xxvi.
1187 2150 1286 2197 Act
1305 2148 1436 2199 June
1464 2152 1540 2208 18,
1570 2152 1718 2201 1822.

470 2237 556 2301 (2)
597 2234 656 2283 L.
687 2234 782 2283 Vix
805 2236 887 2283 55.
911 2253 968 2289 π.
1007 2235 1066 2284 de
1082 2235 1274 2300 judicis.
2496 2257 2504 2263 ¹

469 2323 555 2386 (3)
595 2320 688 2368 “It
711 2320 833 2373 shall
855 2328 942 2371 not
962 2322 1023 2369 be
1058 2321 1224 2371 lawful
1245 2321 1317 2369 for
1337 2336 1436 2383 any
1457 2322 1589 2370 slave
1611 2327 1661 2369 to
1682 2336 1873 2385 possess
1894 2321 1949 2371 in
1982 2320 2061 2371 his
2080 2335 2137 2369 or
2168 2320 2255 2369 her
2288 2336 2403 2369 own
2435 2320 2577 2381 right,

401 2420 498 2467 any
519 2406 679 2464 horse,
702 2420 848 2464 mare,
870 2405 1079 2467 gelding‚
1102 2406 1247 2463 mule,
1281 2421 1336 2454 or
1367 2420 1465 2469 any
1493 2406 1629 2455 other
1660 2406 1817 2464 cattle,
1860 2406 2025 2469 sheep,
2052 2420 2105 2453 or
2137 2405 2261 2466 hogs
2294 2402 2582 2455 whatever.”

400 2488 530 2537 Sect.
553 2490 637 2537 xli.
664 2489 760 2537 Act
781 2489 925 2547 June,
953 2492 1030 2548 18,
1054 2492 1198 2538 1822.
1548 2486 1552 2490 ’

477 2574 563 2638 (4)
604 2572 800 2619 Ibidem.
853 2572 982 2617 Sect.
1001 2573 1123 2623 xlm.
1143 2562 1150 2569 ’

477 2656 564 2720 (5)
604 2654 758 2703 “The
780 2660 968 2712 master,
991 2654 1250 2716 employa,
1275 2667 1329 2700 or
1350 2667 1565 2702 overseer
1588 2651 1644 2699 of
1668 2651 1790 2699 such
1823 2652 1967 2710 slave,
1990 2652 2113 2704 shall
2134 2660 2309 2703 restore
2332 2654 2413 2705 the
2434 2656 2584 2718 goods

399 2740 496 2793 and
518 2740 717 2792 chattels
739 2753 794 2789 so
817 2739 988 2797 stolen,
1010 2744 1061 2788 to
1082 2737 1165 2791 the
1187 2736 1397 2789 ownet.'’
1457 2734 1656 2799 Ibidem,
1678 2740 1791 2789 sect.
1815 2733 1895 2789 lvi.
2570 2731 2581 2741 “
