3117 5217
937 534 1051 596 DE
1098 535 1678 596 CONTRACTUS
1719 536 2090 604 NATURA.
2497 540 2606 593 145

518 704 611 757 18.
654 700 744 758 De
771 701 1171 761 matrimoniali
1197 710 1484 760 contractu
1532 701 1838 762 tenendum
1876 710 1966 758 est
2001 699 2358 759 conditiones
2399 701 2612 777 impos-

432 798 623 855 sibiles
652 809 709 857 et
733 809 923 875 turpes
952 802 1265 860 contractui
1302 801 1650 858 matrimonii
1689 799 1956 876 adjectas,
1985 797 2189 856 debere
2230 808 2460 874 propter
2485 800 2610 875 ejus

433 895 679 968 {avorem
709 916 813 972 pro
839 917 953 956 non
981 900 1215 977 adjectis
1241 899 1459 966 haberi,
1491 917 1556 955 ac
1598 897 1836 974 proinde
1863 916 1979 957 non
2019 898 2234 955 irritare
2261 907 2610 954 contractum

440 996 816 1053 matrimonii:
872 999 1129 1074 exceptis
1180 999 1251 1055 iis
1298 1017 1433 1069 quae
1486 1007 1620 1054 sunt
1669 1005 1864 1054 contra
1914 996 2286 1053 substantiam
2337 995 2611 1071 conjugii.

436 1091 592 1150 Hinc
618 1095 670 1151 si
696 1093 809 1152 duo
836 1095 984 1153 inter
1008 1115 1070 1154 se
1104 1095 1436 1154 contrahere
1476 1095 1851 1161 consentiant,
1880 1094 2096 1170 adjecta
2135 1094 2459 1152 conditione
2488 1112 2613 1169 pro·

432 1191 549 1248 lem
575 1192 948 1268 impediendi,
976 1194 1399 1258 matrimonium
1443 1211 1559 1250 non
1593 1192 1760 1260 valet,
1803 1193 1936 1264 quia
1960 1203 2240 1269 repugnat
2263 1192 2614 1250 matrimonii

434 1283 808 1347 substantiae.¹
890 1291 980 1348 De
1020 1291 1497 1366 dispositionibus
1524 1291 1736 1348 ultimae
1776 1291 2098 1358 voluntatis,
2129 1310 2255 1363 quae
2283 1300 2616 1348 testamento

438 1389 854 1463 exprimuntur,
900 1389 1051 1448 idem
1081 1391 1376 1456 statuitur3
1418 1389 1577 1447 nulla
1616 1389 1834 1446 scilicet
1873 1388 2132 1446 habenda
2159 1399 2248 1445 est
2271 1389 2410 1445 ratio
2437 1389 2618 1464 turpis

440 1484 783 1543 conditionis
802 1487 893 1545 vel
914 1488 1285 1564 impossibilis
1313 1483 1642 1563 appositae.2
1706 1487 1772 1544 Si
1791 1487 1919 1558 quis
1939 1488 2092 1562 leget
2107 1487 2272 1544 alicui
2293 1488 2614 1561 pecuniam,

442 1584 535 1640 vel
576 1602 763 1658 agros,
806 1603 874 1642 ea
918 1587 1243 1645 conditione
1284 1597 1349 1643 ut
1392 1588 1659 1644 haeresim
1703 1585 2050 1661 profiteatur,
2091 1585 2184 1642 vel
2223 1584 2373 1642 filios
2413 1584 2618 1642 haeresi

440 1683 677 1750 imbuat,
720 1683 971 1760 legatum
1018 1686 1243 1751 valebit,
1290 1685 1426 1741 licet
1468 1685 1706 1760 impiam
1750 1683 1906 1740 illam
1958 1682 2344 1741 conditionem
2385 1683 2619 1758 implere

445 1781 715 1856 negligat.

528 1863 619 1936 19.
666 1878 1007 1938 Contractus
1047 1881 1117 1940 ad
1162 1880 1315 1939 diem
1362 1890 1577 1940 certum
1625 1879 2006 1962 statim-parit
2047 1879 2472 1956 obligationem,
2519 1880 2622 1936 im-

446 1978 713 2054 plendam
740 1986 927 2038 tamen
954 1979 1047 2038 die
1088 1980 1191 2038 illo
1217 1978 1570 2036 adveniente.
1655 1979 1721 2036 Si
1750 1978 1874 2035 dies
1915 1979 2084 2036 fuerit
2131 1979 2415 2036 incertus:
2445 1997 2516 2034 v:
2547 1997 2618 2054 g:

449 2076 675 2148 quando
702 2080 987 2153 nupseris,
1015 2077 1251 2136 habetur
1277 2087 1564 2149 tamquam
1595 2076 2013 2135 conditionalis

525 2180 623 2233 20.
668 2175 1009 2236 Contractus
1036 2179 1143 2235 sub
1183 2177 1357 2235 modo
1384 2176 1532 2234 valet
1570 2176 1678 2232 etsi
1705 2174 1910 2233 modus
1939 2193 2052 2232 non
2085 2184 2357 2241 servetur,
2387 2175 2500 2231 nisi
2527 2189 2626 2230 ex-

450 2292 644 2348 presse
670 2273 886 2334 dicatur
912 2277 1125 2334 nullam
1151 2276 1482 2334 obtenturus
1516 2274 1658 2341 vim,
1699 2273 1870 2331 modo
1895 2264 2209 2350 neglecto.³
2293 2273 2450 2330 Hinc
2477 2272 2627 2348 lega-

452 2383 570 2430 tum
596 2391 846 2432 annuum
866 2375 1034 2432 alicui
1052 2373 1282 2440 factum,
1296 2383 1367 2458 ‘ut
1386 2347 1728 2448 paliperibus
1753 2372 2140 2439 subveniatur,
2163 2371 2500 2430 solvendum
2521 2382 2626 2436 est,

447 2470 578 2528 licet
596 2489 803 2530 munus
828 2473 969 2531 illud
994 2472 1281 2530 charitatis
1308 2489 1427 2529 non
1454 2470 1788 2546 impleatur:
1821 2470 1923 2528 sed
1949 2469 2328 2527 insistendum
2348 2470 2456 2526 erit
2472 2468 2622 2544 juris

457 2570 723 2628 remediis
760 2582 823 2629 ut
846 2564 997 2628 fiat.⁴

532 2756 615 2821 (l)
656 2753 779 2819 Cap.
801 2756 889 2807 ult.
911 2753 971 2804 de
992 2750 1374 2806 cmwlitionibus.

530 2841 613 2905 (2)
653 2839 713 2886 L.
736 2855 781 2885 v.
804 2845 852 2885 et
873 2838 936 2885 vi.
959 2838 1017 2888 de
1038 2837 1217 2886 condit.
1240 2835 1401 2886 instit.
1424 2841 1487 2883 et.
1512 2837 1558 2893 ξ.
1583 2833 1920 2902 impossibilis,
1941 2834 2102 2887 instit.
2124 2833 2184 2884 de
2206 2832 2324 2884 lzaer.
2345 2823 2466 2884 inst.

534 2923 618 2986 (3)
658 2922 725 2968 L.
744 2921 869 2968 Mev.
892 2919 943 2966 ff.
966 2919 1024 2969 de
1049 2935 1277 2970 mantem.
1300 2924 1407 2969 test.

542 3004 626 3068 (4)
666 3011 695 3034 “
716 3001 935 3062 Though
967 3018 1031 3051 an
1063 3009 1212 3050 estate
1242 3003 1303 3050 be
1334 3001 1596 3064 conveyed‚
1617 3001 1656 3049 it
1687 3017 1850 3064 passes
1872 3008 1922 3050 to
1944 3002 2026 3050 the
2048 3009 2242 3062 grantee
2277 3002 2460 3065 subject
2480 3007 2531 3048 to
2553 2999 2634 3048 the

462 3087 725 3145 condition,
744 3085 843 3134 and
862 3086 1023 3134 laches
1044 3101 1125 3135 are
1146 3068 1427 3147 chargeable
1446 3100 1584 3149 upon
1603 3086 1686 3134 the
1708 3092 1916 3146 stantiae,
1933 3102 2055 3135 even
2074 3085 2262 3146 though
2279 3085 2400 3134 such
2425 3090 2636 3146 grantae,

465 3187 519 3220 or
538 3171 617 3220 his
638 3169 875 3231 assignes,
894 3171 955 3218 be
977 3186 1043 3220 an
1064 3170 1223 3220 infant
1242 3186 1296 3218 or
1314 3169 1442 3218 ferne
1462 3176 1638 3229 covert,
1660 3170 1733 3218 for
1753 3185 1856 3219 non
1893 3170 2222 3233 performance
2254 3168 2311 3218 of
2336 3185 2366 3217 a
2387 3167 2632 3217 condition

465 3255 688 3304 annexed
704 3263 755 3304 to
775 3255 859 3305 the
880 3255 1094 3306 testaw’
1164 3255 1339 3308 Kent'e
1369 3255 1564 3306 Gomm.
1586 3257 1680 3304 vol.
1703 3255 1766 3304 iv.
1788 3261 1896 3318 pm
1913 3255 1978 3304 vi.
2000 3257 2087 3306 lec.
2109 3256 2206 3306 lvii.
2229 3271 2280 3304 n.
2309 3256 2420 3302 126.

626 3633 779 3690 Vor..
810 3633 1053 3690 11.-14
