3117 5217
487 575 600 632 128
675 569 788 630 DE
820 570 1339 630 SPEUIALIUM
1374 569 1469 630 IN
1472 569 1508 629 J
1516 569 1905 629 URIARUM
1936 569 2482 630 REPARATION
2487 571 2563 630 E.

480 743 701 802 videtur
728 742 1034 821 postulare,
1062 748 1267 798 utnon
1306 749 1421 800 tam
1462 758 1661 798 severe
1689 750 1942 799 teneatur
1981 741 2176 799 omnia
2211 739 2420 799 damna
2461 759 2664 818 repen-

476 835 707 904 dere.”¹
788 841 959 908 Quod
978 843 1028 900 si
1056 840 1184 913 quis
1212 839 1271 897 in
1298 859 1492 917 pugna
1519 857 1692 913 quam
1719 840 2044 916 acceptavit,
2069 857 2172 898 seu
2199 837 2408 908 duello,
2437 840 2658 900 occisus

476 945 665 1010 fuerit,
695 940 1037 1000 interfectori
1070 957 1187 997 non
1224 943 1313 996 est
1350 939 1720 996 restitutionis
1759 939 2046 1016 obligatio,
2076 955 2250 1011 quum
2293 938 2431 996 alter
2455 951 2660 1015 sponte

477 1063 540 1100 se
568 1041 737 1100 morti
764 1040 1055 1116 objecerit.
1470 1023 1481 1032 ⁴

555 1144 696 1200 216.
742 1139 1036 1215 stuprum,
1063 1137 1151 1193 vis
1190 1135 1410 1194 scilicet
1443 1135 1648 1213 virgini
1691 1137 1882 1194 invitae
1924 1136 2099 1204 illata,
2142 1135 2474 1194 restituendi
2515 1155 2660 1194 onus

476 1240 711 1300 inducit.
796 1238 913 1296 Pro
939 1239 1065 1314 ipsa
1091 1235 1405 1312 virginitate
1430 1234 1568 1293 laesa
1609 1235 1752 1294 nihil
1780 1233 2000 1294 videtur
2023 1234 2454 1304 restituendum,
2485 1254 2661 1308 quum

476 1340 723 1416 pecunia
761 1356 889 1395 eam
934 1353 1193 1413 reparare
1236 1332 1388 1391 haud
1430 1334 1629 1392 valeat.
1713 1333 1782 1393 Si
1821 1346 2008 1393 autem
2047 1333 2319 1392 damnum
2355 1335 2662 1411 temporale

478 1438 611 1496 inde
632 1437 977 1515 provenerit,
994 1433 1135 1493 illud
1152 1451 1227 1491 ex
1243 1431 1586 1509 prudentum
1605 1433 1978 1493 aestimatione
1997 1432 2373 1509 reparandum
2390 1443 2496 1491 est.
2523 1433 2560 1491 J
2563 1453 2663 1492 ure

476 1538 771 1598 communi
800 1545 959 1612 pater
980 1535 1137 1592 litem
1160 1533 1433 1590 intentare
1454 1541 1644 1609 potest
1661 1534 1963 1610 stupratori
1983 1534 2056 1591 ob
2075 1551 2309 1610 operam
2336 1532 2466 1590 ffliae
2494 1533 2662 1590 amis-

476 1657 620 1705 sam,
664 1644 704 1672 ‘⁶
724 1655 825 1712 per
864 1633 1015 1706 quod
1056 1633 1351 1690 servitium
1398 1631 1666 1690 amisit:’‘
1709 1651 1820 1704 qua
1845 1634 2062 1691 ratione
2103 1632 2406 1709 pecuniam
2444 1633 2662 1690 obtinet

477 1755 583 1813 pro
608 1736 829 1812 injuriae
860 1733 1149 1810 gravitate,
1190 1740 1445 1808 spectata
1482 1731 1809 1790 conditione
1848 1723 2108 1808 puelloe.²
2186 1731 2534 1804 Plerumque
2573 1732 2658 1789 in-

467 1837 619 1912 juria
644 1834 741 1895 illa
766 1831 917 1890 haud
944 1831 1173 1896 tollitur,
1211 1831 1324 1888 nisi
1364 1830 1628 1890 violatam
1669 1831 1730 1888 in
1769 1849 2009 1890 uxorem
2051 1830 2334 1898 ducendo,
2379 1850 2413 1888 a
2438 1847 2557 1902 quo·
2584 1840 2660 1887 ta·

476 1952 611 1993 men
654 1939 890 1990 excusat
932 1949 1139 2006 magna
1182 1927 1522 1988 conditionis
1569 1928 1901 2005 disparitas:
1960 1949 2068 1989 nec
2117 1931 2272 1989 enim
2319 1930 2408 1988 vir
2448 1929 2654 1988 nobilis

475 2033 755 2090 tenebitur
780 2029 851 2088 ad
878 2029 1137 2086 ancillam
1164 2045 1336 2100 quam
1375 2027 1608 2086 violavit
1631 2027 1969 2088 ducendam.
2054 2027 2272 2088 Curare
2299 2028 2531 2102 quidem
2560 2028 2654 2086 de·

474 2133 571 2190 bet
594 2139 656 2189 ut
680 2131 807 2208 ipsa
832 2129 1015 2206 possit
1032 2128 1092 2185 in
1118 2127 1541 2186 matrimonium
1563 2127 1762 2195 locari,
1792 2126 1926 2187 dote
1953 2127 2035 2186 illi
2061 2129 2283 2188 tributa.

554 2233 695 2289 217.
738 2229 855 2296 Qui
894 2227 1174 2303 virginem
1218 2227 1673 2285 consentientem
1713 2226 1965 2295 violavit,
2007 2228 2166 2286 nulla
2203 2228 2282 2296 vi,
2323 2226 2537 2295 fraude,
2566 2227 2658 2284 vel

474 2329 859 2406 promissione
900 2326 1247 2384 matrimonii
1284 2325 1451 2392 facta,
1494 2325 1568 2382 ad
1606 2324 1753 2384 nihil
1793 2327 2202 2386 restituendum
2244 2335 2482 2394 tenetur,
2524 2327 2660 2398 quia

475 2437 515 2464 “
539 2428 753 2487 volenti
778 2436 835 2483 et
860 2425 1235 2483 consentienti
1269 2443 1385 2482 non
1424 2425 1489 2482 fit
1523 2423 1794 2502 injuria.”
1879 2427 1998 2493 Qui
2035 2427 2270 2504 virginis
2309 2443 2658 2484 consensum

471 2527 811 2603 importunis
839 2525 1098 2602 precibus
1140 2524 1396 2591 obtinuit,
1424 2523 1758 2582 restituendi
1799 2525 1960 2584 oneri
2004 2525 2314 2603 subjicitur,
2357 2526 2408 2582 si
2448 2543 2650 2602 preces

476 2629 531 2685 vi
560 2626 997 2701 oequiparentur,
1022 2623 1342 2700 conjunctis
1370 2623 1684 2699 praesertim
1717 2623 1914 2692 minis,
1942 2635 2211 2696 metuque
2237 2643 2366 2682 cum
2395 2642 2658 2684 reveren—

476 2727 584 2783 tia:
616 2744 687 2782 v:
718 2743 789 2802 g:
820 2725 871 2782 si
898 2723 1067 2782 fuerit
1090 2723 1217 2799 ejus
1245 2722 1531 2782 dominus.
1577 2722 1644 2780 Si
1665 2740 2010 2782 consensum
2031 2724 2436 2800 impetraverit,
2466 2723 2656 2782 matri·

474 2826 733 2882 monium
762 2820 1161 2900 promittendo,
1202 2838 1305 2878 seu
1331 2839 1483 2888 vere,
1512 2839 1614 2878 seu
1656 2820 1807 2888 ficte,
1837 2832 2058 2882 tenetur
2097 2823 2167 2882 ad
2193 2823 2654 2891 matrimonium3

474 2941 607 2982 nam
635 2941 802 2980 verus
842 2929 1159 2978 contractus
1200 2918 1351 2978 certo
1398 2919 1724 2996 implendus
1767 2932 1874 2990 est,
1915 2922 2240 2980 conditione
2279 2922 2349 2980 ab
2389 2923 2658 2980 alterutro

466 3024 591 3098 jam
618 3022 833 3098 posita:
876 3019 1041 3077 fictus
1082 3019 1252 3076 etiam
1291 3029 1610 3078 contractus
1649 3013 1857 3095 pariter
1893 3021 2119 3098 impleri
2153 3021 2340 3091 debet,
2369 3040 2547 3095 quum
2573 3023 2657 3097 ip-

472 3139 600 3178 sum
638 3121 737 3197 jus
764 3129 975 3178 naturae
1002 3119 1195 3195 exigat
1220 3136 1453 3177 omnem
1488 3117 1746 3177 fraudem
1787 3139 1819 3176 a
1857 3121 2234 3180 contractibus
2274 3123 2473 3197 procul
2499 3139 2651 3189 esse,

472 3229 529 3277 et
553 3220 901 3296 decipientes
928 3219 988 3276 in
1014 3215 1229 3274 fraudis
1254 3235 1485 3293 poenam
1518 3217 1590 3274 ad
1630 3225 1948 3278 contractus
1975 3219 2330 3279 conditiones
2358 3218 2652 3297 adstringi.

472 3317 720 3386 Quando
767 3315 901 3375 vero
948 3335 1021 3374 ex
1069 3314 1349 3392 adjunctis
1394 3316 1549 3374 fictio
1601 3315 1766 3375 facile
1811 3319 2168 3377 innotescere
2215 3321 2419 3397 potuit,
2467 3319 2656 3396 puella

465 3427 674 3494 sponte
702 3417 912 3492 decipi,
941 3425 997 3473 et
1034 3415 1355 3475 consentire
1382 3414 1626 3474 videtur.
1713 3416 1870 3475 Hinc
1910 3418 1975 3477 S.
2007 3419 2267 3476 Thomas
2308 3418 2378 3476 de
2406 3419 2652 3477 violante

468 3519 751 3596 virginem
777 3516 949 3574 dicit:
996 3523 1035 3550 ‘⁶
1053 3523 1273 3572 tenetur
1298 3533 1424 3574 eam
1452 3515 1659 3573 ducere
1685 3535 1946 3587 uxorem,
1975 3519 2025 3575 si
2053 3519 2220 3576 aliam
2247 3536 2361 3576 non
2389 3517 2647 3584 duxerit3

470 3618 575 3676 sed
602 3618 652 3674 si
678 3619 847 3676 aliam
887 3615 1130 3683 duxerit,
1158 3613 1372 3672 sufficit
1408 3616 1460 3673 si
1500 3615 1555 3672 ei
1593 3613 1664 3672 de
1703 3617 1916 3692 nuptiis
1958 3615 2284 3694 provideat3
2327 3627 2384 3675 et
2422 3616 2494 3674 ad
2533 3616 2644 3675 hoc

467 3719 635 3776 etiam
664 3736 779 3775 non
806 3723 1043 3784 tenetur,
1082 3725 1146 3773 ut
1171 3712 1400 3786 quidam
1442 3713 1658 3781 dicunt,
1687 3716 1735 3773 si
1779 3733 2026 3792 sponsus
2069 3718 2143 3774 sit
2179 3716 2430 3775 melioris
2457 3715 2651 3775 condi-

466 3815 656 3882 tionis,
686 3826 782 3873 aut
807 3813 1038 3887 aliquod
1063 3815 1293 3892 signum
1322 3814 1557 3873 evidens
1599 3814 1810 3872 fraudis
1852 3815 2036 3883 fuerit,
2067 3834 2181 3887 quo
2221 3815 2490 3891 praesumi
2517 3834 2644 3892 pro·

466 3912 719 3972 habiliter
768 3921 974 3990 potest,
1022 3912 1175 3985 quod
1214 3931 1431 3990 sponsa
1480 3933 1597 3972 non
1650 3913 1818 3971 fuerit
1869 3913 2124 3990 decepta,
2183 3915 2286 3972 sed
2337 3913 2528 3992 decipi
2578 3933 2642 3973 se

467 4005 793 4071 finxerit.”³
872 4011 1200 4098 Excusatur
1223 4014 1391 4070 etiam
1420 4033 1453 4070 a
1478 4013 1840 4072 matrimonio
1865 4013 2248 4072 contrahendo
2263 4033 2392 4072 cum
2421 4013 2645 4081 violata,

464 4113 516 4169 si
542 4111 826 4186 pessimus
853 4111 1037 4168 exitus
1065 4108 1196 4168 inde
1238 4111 1515 4178 timeatur,
1561 4113 1636 4170 ob
1678 4114 1803 4190 ejus
1830 4111 2136 4180 levitatem,
2164 4112 2255 4171 vel
2295 4113 2523 4172 familiae
2551 4111 2647 4170 de·

464 4210 657 4268 decus.
742 4209 807 4266 Si
834 4217 1156 4284 corruptam
1184 4217 1367 4276 antea,
1397 4211 1487 4267 vel
1514 4223 1735 4285 postea,
1780 4212 1954 4270 fuisse
1983 4214 2315 4278 innotescat,
2345 4222 2651 4270 excusatur

805 4368 888 4433 (1)
928 4366 1129 4416 Lessius
1152 4366 1352 4436 dejuat.
1374 4373 1421 4419 et
1427 4371 1570 4437 jure.
1596 4373 1642 4428 ξ.
1665 4369 1713 4418 ii.
1737 4386 1779 4418 c.
1801 4369 1868 4418 ix.
1891 4367 2004 4420 dub.
2027 4371 2132 4421 xxi.
2156 4388 2205 4420 n.
2236 4373 2347 4420 135.

808 4455 892 4518 (2)
934 4451 1212 4501 Blackston.
1236 4453 1267 4502 l.
1290 4452 1357 4502 iii.
1379 4469 1429 4502 n.
1460 4455 1570 4502 141.
1592 4461 1654 4503 et.
1678 4453 1796 4502 Not.

806 4538 889 4603 (3)
930 4536 1101 4600 Suppl.
1124 4552 1205 4600 qu.
1228 4537 1343 4586 xlvi.
1366 4553 1431 4587 ar.
1454 4541 1502 4586 2.
1538 4537 1625 4588 Ad
1643 4542 1900 4606 quartum.
