3117 5217
1061 566 1174 627 DE
1216 566 1994 628 IRREGULARITATE.
2064 557 2078 569 '
2513 573 2629 628 397

448 729 551 797 cie,
579 730 806 789 infamis
835 733 962 803 quis
991 743 1110 791 est:
1153 754 1270 793 non
1298 736 1376 795 ita
1413 736 1465 793 si
1493 754 1567 792 ex
1606 736 1731 793 solo
1760 734 1907 793 sacto
1942 733 2176 793 infamia
2202 735 2327 810 ejus
2366 744 2487 791 orta
2524 737 2619 807 sit,

449 848 580 887 nam
621 850 724 906 per
761 831 1239 901 emendationem,
1281 854 1409 907 quae
1457 835 1641 911 palam
1688 836 1953 902 innotuit,
1982 844 2041 891 et
2082 833 2283 891 saltem
2324 834 2628 893 triennium

453 928 691 998 duravit,
721 930 1028 1003 aliquando
1053 933 1268 991 tollitur
1289 928 1336 1001 3¹
1363 932 1667 1006 aliquando
1686 953 1789 1009 per
1805 934 1915 991 loci
1936 934 2304 991 mutationem
2328 932 2381 988 ei
2404 934 2624 990 obviam

451 1026 534 1084 fit.
619 1029 952 1105 Baptismus
979 1031 1314 1106 plerumque
1355 1041 1621 1089 censetur
1659 1033 1853 1090 tollere
1896 1033 2356 1108 irregularitatem
2400 1050 2524 1103 quae
2551 1050 2627 1089 ex

391 1174 396 1177 .
451 1126 584 1183 facti
633 1128 870 1185 infamia
893 1130 1089 1188 oritur.
1175 1130 1506 1207 Episcopus
1547 1140 1735 1206 potest
1767 1131 2118 1206 dispensare,
2148 1131 2292 1187 utin
2332 1130 2641 1189 ordinibus·

451 1228 732 1303 susceptis
753 1227 1160 1301 ministret,qui
1178 1229 1328 1287 facto
1346 1230 1669 1305 irregularis
1688 1240 1797 1297 est,
1818 1230 2131 1288 dummodo
2150 1229 2388 1286 crimina
2406 1230 2627 1289 minora

452 1324 564 1381 sint
585 1326 880 1395 adulterio,
924 1337 980 1384 et
1017 1342 1148 1387 reus
1175 1329 1354 1404 egerit
1393 1328 1805 1405 pcenitentiam.
1890 1329 2095 1385 Omnis
2124 1326 2477 1403 hujusmodi,
2506 1330 2627 1387 sive

447 1424 596 1499 jure,
627 1427 750 1483 sive
776 1425 944 1494 facte,
965 1428 1344 1505 irregularitas
1371 1428 1585 1486 tollitur
1610 1428 1871 1505 ingressu
1904 1429 1964 1485 in
1992 1426 2377 1503 Religionem.

540 1527 672 1581 115.
716 1524 812 1582 Ex
857 1524 1068 1584 delicto
1109 1528 1285 1585 oritur
1328 1526 1711 1603 irregularitas
1758 1526 1983 1599 quando
2024 1526 2250 1583 iteratur
2295 1526 2626 1600 baptismus.

455 1620 521 1678 Si
563 1622 622 1682 id
648 1624 746 1680 fiat
770 1625 984 1696 absque
1024 1626 1403 1693 solemnitate,
1437 1626 1781 1701 probabilius
1820 1644 1939 1684 non
1978 1626 2283 1682 incurritur
2318 1623 2632 1699 irregulari-

453 1716 591 1777 tas.²
669 1722 1076 1798 Rebaptizatus
1103 1726 1351 1782 scienter
1379 1725 1701 1800 irregularis
1742 1737 1861 1782 est:
1906 1726 2022 1782 imo
2062 1742 2137 1780 ex
2178 1722 2471 1781 communi
2500 1740 2631 1779 sen-

453 1820 644 1885 tentia,
673 1822 1032 1897 rebaptizans
1056 1844 1072 1891 ;
1101 1832 1158 1880 et
1181 1842 1258 1880 ex
1283 1842 1500 1883 canone
1527 1824 1784 1899 speciali,
1814 1822 2113 1899 acolythus
2136 1821 2415 1879 adsistens
2437 1823 2633 1898 rebap-

452 1915 761 1976 tizationi.³
842 1921 957 1986 Qui
1020 1923 1378 1998 baptizantur
1442 1924 1510 1979 ab
1578 1922 1841 1980 haeretico
1904 1922 2239 1997 irregulares
2306 1917 2636 1977 habentur.⁴

454 2016 840 2094 Rebaptizans
867 2021 974 2077 sub
1013 2020 1357 2088 conditione,
1387 2031 1596 2079 temere
1624 2030 1681 2077 et
1718 2021 2093 2096 culpabiliter,
2122 2020 2375 2096 pluribus
2417 2019 2635 2077 videtur

457 2116 778 2191 irregularis
799 2136 814 2185 ;
845 2118 970 2175 aliis
993 2119 1266 2175 immunis
1289 2138 1322 2175 a
1347 2128 1500 2176 tanta
1525 2112 1746 2195 poena.⁶

533 2218 668 2273 116.
713 2199 828 2281 Qui
869 2216 1072 2274 furtive
1111 2217 1348 2292 suscipit
1384 2216 1634 2283 ordines,
1662 2235 1725 2274 se
1760 2217 1958 2274 dolose
1984 2219 2273 2294 ingerenS,
2304 2215 2626 2292 irregularis

453 2302 570 2371 fit.⁶
634 2315 778 2372 Item
806 2317 904 2386 qui
933 2325 1062 2391 post
1085 2325 1431 2374 contractum
1459 2317 1883 2375 matrimonium
1906 2316 2133 2374 ordines
2155 2332 2345 2373 sacros
2376 2316 2631 2391 suscipit,

454 2413 508 2470 in
518 2414 630 2470 vita
655 2432 838 2472 uxore
859 2406 908 2471 :⁷
932 2416 1032 2487 qui
1049 2416 1643 2473 excommunicatione
1664 2417 1879 2492 majore
1898 2416 2101 2491 ligatus
2122 2415 2381 2473 ordinem
2409 2433 2631 2471 sacrum

455 2506 760 2589 suscipitz⁸
799 2515 896 2584 qui
937 2522 1164 2571 exercet
1201 2523 1390 2572 actum
1431 2515 1725 2591 proprium
1766 2514 1979 2572 ordinis
2008 2532 2123 2585 quo
2150 2508 2369 2571 caretz⁹
2408 2515 2507 2585 qui
2534 2531 2631 2569 ex-

454 2613 966 2669 communicatione
1007 2613 1174 2669 etiam
1213 2613 1452 2680 occulta,
1481 2613 1852 2689 supensione,
1892 2621 1989 2668 aut
2028 2612 2322 2670 interdicto
2362 2613 2629 2678 irretitus,

456 2719 686 2768 exercet
700 2720 883 2768 actum
902 2713 1196 2788 proprium
1218 2713 1364 2769 sacri
1383 2712 1599 2769 ordinis
1618 2706 1695 2767 :10
1711 2710 1893 2783 qualis
1908 2710 2052 2768 foret
2072 2712 2313 2768 Missam
2332 2711 2632 2777 celebrare,

454 2810 546 2867 vel
573 2828 808 2869 munere
836 2810 1059 2868 diaconi
1085 2809 1176 2866 vel
1202 2811 1536 2869 subdiaconi
1563 2811 1815 2868 vestibus
1835 2810 1923 2885 cuj
1934 2829 2113 2882 usque
2140 2809 2357 2867 ordinis
2384 2810 2630 2886 propriis

455 2907 707 2975 indutus,
737 2908 896 2985 fungi
920 2928 935 2976 ;
965 2927 1130 2966 secus
1158 2910 1210 2965 si
1235 2911 1382 2967 stola
1407 2919 1466 2967 et
1491 2908 1819 2985 manipulus
1846 2926 1960 2965 non
1983 2909 2327 2967 adhibeatur.
2390 2909 2641 2967 Concio-

455 3026 587 3064 nem
616 3007 825 3064 habere
851 3008 943 3064 vel
971 3007 1190 3065 adstare
1215 3009 1577 3066 matrimonio
1597 3026 1715 3065 non
1742 3008 1981 3065 habetur
2006 3017 2161 3065 actus
2196 3008 2459 3082 proprius
2486 3009 2631 3064 sacri

456 3105 691 3173 ordini&
733 3105 835 3162 sed
881 3098 1372 3183 jurisdictionis.¹¹
1451 3107 1567 3173 Qui
1608 3107 1854 3164 celebrat
1893 3107 1949 3163 in
1993 3107 2121 3164 loco
2173 3098 2531 3163 interdicto12
2572 3106 2637 3162 fit

455 3205 797 3281 irregularis·
880 3204 1042 3263 Idem
1071 3206 1268 3264 dicunt
1292 3206 1454 3265 multi
1482 3206 1551 3264 de
1580 3215 1880 3264 exercente
1922 3205 2172 3263 officium
2217 3206 2451 3263 minoris
2492 3204 2637 3262 ordi-

457 3305 568 3371 nis,
595 3322 835 3362 censura
860 3304 1052 3382 ligato.
2440 3318 2449 3323 ⁷

541 3406 674 3461 117.
717 3403 817 3460 Ex
841 3404 1153 3461 homicidio
1185 3415 1242 3461 et
1265 3406 1619 3463 mutilatione
1648 3407 1857 3481 injusta
1884 3404 1975 3461 vel
2000 3404 2262 3479 physice,
2292 3403 2383 3460 vel
2410 3403 2635 3461 morali-

459 3508 541 3556 ter
568 3499 835 3567 admissa,
865 3500 1235 3568 consulendo,
1263 3502 1354 3558 vel
1379 3500 1732 3567 mandando;
1762 3504 1899 3567 imo,
1920 3502 2085 3576 juxta
2112 3502 2324 3577 plures,
2355 3501 2479 3558 aliis
2508 3519 2636 3576 pro-

457 3598 713 3655 babiliter
738 3599 1090 3674 negantibuS‚
1122 3618 1236 3656 non
1263 3599 1649 3675 impediend0‚
1680 3598 1905 3671 quando
1932 3600 2061 3669 quis
2096 3618 2170 3655 ex
2201 3600 2423 3675 justitia
2462 3600 2637 3675 impe·

458 3696 578 3753 dire
607 3706 842 3764 tenetur,
872 3680 1220 3755 contrahitur
1243 3692 1703 3775 irregularitas?
1758 3698 1823 3755 Si
1852 3716 1984 3754 casu
2016 3698 2388 3755 homicidium
2420 3698 2635 3754 contin·

528 3874 613 3939 (1)
656 3871 776 3935 Cap.
799 3872 880 3921 liv.
902 3872 961 3923 de
983 3871 1205 3924 testibus.
1610 3876 1694 3939 (2)
1735 3873 1787 3921 S.
1814 3872 1960 3935 Alph.
1984 3872 2015 3921 l.
2038 3872 2119 3920 vii.
2141 3888 2189 3920 n.
2215 3874 2330 3920 356.

530 3960 616 4023 (3)
658 3955 718 4005 C.
737 3957 817 4006 Ex
841 3958 1118 4017 litterarum,
1142 3957 1201 4008 de
1224 3958 1450 4028 Apostat.
1629 3958 1715 4024 (4)
1756 3956 1816 4006 C.
1846 3958 2057 4006 Ventum
2080 3964 2166 4015 est,
2195 3959 2216 4002 1
2241 3972 2321 4019 qu.

531 4044 616 4108 (5)
657 4041 709 4089 S.
733 4042 882 4105 Alph.
905 4043 936 4091 l.
958 4042 1040 4091 vii.
1063 4059 1112 4091 n.
1137 4044 1253 4091 356.
1564 4030 1571 4037 ’
1625 4044 1710 4108 (6)
1750 4042 1849 4091 Tit.
1874 4041 1949 4090 De
1972 4057 2025 4090 eo
2046 4038 2286 4109 quisurt.

530 4129 615 4191 (7)
655 4126 855 4175 Exti-av.
879 4127 1133 4192 Antiqua»,
1155 4127 1216 4175 de
1236 4132 1333 4175 vot.
1621 4130 1700 4193 (8)
1740 4125 1800 4174 O.
1824 4126 1961 4177 xxiii.
1984 4123 2042 4175 de
2063 4128 2187 4175 sent.
2210 4139 2392 4175 excom,

528 4214 614 4277 (9)
655 4211 716 4259 C.
739 4212 772 4260 i.
792 4218 841 4259 et
862 4212 912 4260 ii.
929 4211 987 4261 de
1009 4211 1164 4263 cleric.
1185 4228 1288 4263 mm
1308 4210 1473 4263 ordin.
1625 4213 1745 4278 (10)
1785 4210 1846 4259 C.
1872 4212 1903 4260 i.
1921 4218 1969 4259 et
1991 4226 2075 4259 xx.
2090 4208 2148 4259 de
2170 4215 2293 4261 sent.
2308 4226 2489 4261 excom.
2512 4210 2566 4258 in
2590 4212 2637 4258 6.

527 4298 646 4363 (11)
687 4295 739 4343 S.
763 4296 912 4359 Alph.
935 4297 967 4345 1.
989 4297 1071 4345 vii.
1093 4313 1144 4345 n.
1168 4299 1283 4346 358.
1624 4297 1743 4362 (12)
1784 4294 1906 4359 Cap.
1928 4296 2062 4346 xviii.
2085 4295 2143 4347 de
2163 4300 2287 4346 sent.
2309 4310 2491 4345 excom.
2512 4295 2566 4343 in
2590 4296 2636 4342 6.

528 4382 647 4446 (13)
687 4380 811 4428 Dist.
835 4381 867 4429 l.
891 4387 940 4429 et
960 4381 1032 4429 tit.
1054 4380 1113 4431 de
1135 4380 1364 4432 homicid.
1391 4387 1438 4433 et
1459 4379 1518 4431 dc
1539 4385 1663 4431 sent.
1688 4396 1870 4432 excom.

612 4476 766 4535 Vol..
797 4477 1040 4535 IL—35
