3117 5217
583 550 621 603 4
1389 544 1504 605 DE
1548 544 1955 605 VIRTUTE.

583 715 796 774 cultum
813 713 928 772 Dei
949 723 1220 781 versatur,
1239 715 1425 791 potior
1439 722 1526 773 est
1541 714 1931 791 temperantia.
1975 713 2277 792 Contingit
2294 716 2465 775 etiam
2486 735 2777 789 quemque

587 814 681 873 alii
708 814 928 871 virtutis
955 815 1230 871 exercitio
1258 813 1608 888 praecellere,
1650 832 1786 871 nam
1820 812 2105 871 liberalior
2131 814 2276 872 alius
2316 824 2405 871 est
2442 816 2572 874 alio.
2655 815 2781 873 Hic

579 913 800 971 virtutis
828 910 1019 986 dispar
1049 911 1257 988 gradus
1283 930 1358 969 ex
1397 920 1607 969 naturae
1652 910 1879 969 diversa
1916 910 2312 987 dispositione,
2354 922 2413 971 et
2452 915 2656 971 mentis
2686 932 2777 970 ar-

580 1011 747 1068 bitrio
775 1008 1116 1081 quandoque
1141 1010 1444 1076 derivatum
1488 1009 1593 1066 sed
1620 1009 1847 1083 quando
1872 1009 1943 1065 de
1970 1012 2386 1085 supernaturali
2414 1022 2541 1069 actu
2568 1013 2776 1087 agitur,

552 1108 652 1167 'ad
677 1109 912 1184 gratiam
939 1108 1212 1175 divinam,
1233 1109 1324 1165 oui
1351 1108 1599 1165 humana
1626 1108 2099 1183 obtemperaverit
2125 1110 2406 1177 voluntas,
2435 1109 2773 1168 referendus

580 1216 686 1265 est.
771 1215 810 1243 ‘⁶
829 1207 893 1264 Si
935 1204 1064 1263 vero
1105 1206 1494 1265 consideretur
1531 1207 1709 1263 virtus
1749 1224 1824 1263 ex
1864 1215 2019 1281 parte
2072 1208 2316 1285 subjecti
2361 1210 2775 1284 participantiS‚

580 1307 663 1362 sie
703 1306 979 1379 contingit
1003 1306 1266 1363 virtutem
1313 1322 1440 1361 esse
1483 1304 1759 1385 majorem
1800 1305 1890 1361 vel
1936 1306 2240 1373 minorem,
2284 1307 2407 1363 sive
2449 1306 2775 1365 seeundum

581 1403 805 1460 diversa
831 1413 1086 1479 tempora
1112 1404 1172 1460 in
1197 1402 1424 1485 eodem,
1453 1404 1575 1460 sive
1605 1403 1676 1463 in,
1692 1401 1932 1463 diversis
1971 1403 2321 1471 hominibus,
2352 1405 2487 1475 quia
2512 1404 2585 1461 ad
2610 1406 2780 1463 attin-

580 1501 831 1579 gendum
859 1501 1111 1561 medium
1141 1501 1378 1567 virtutis,
1411 1500 1569 1574 quod
1594 1510 1685 1557 est
1708 1500 2021 1560 seeundum
2046 1503 2324 1560 rationem
2361 1512 2596 1571 rectam,
2625 1522 2776 1561 unus

579 1610 668 1657 est
693 1601 894 1657 melius
923 1601 1233 1678 dispositus
1263 1618 1435 1671 quam
1464 1601 1629 1668 alius,
1653 1600 1742 1656 vel
1772 1610 2002 1675 propter
2028 1601 2304 1676 majorem
2324 1602 2774 1669 assuetudinem,

580 1699 670 1755 vel
696 1707 928 1774 propter
953 1700 1248 1756 meliorem
1275 1697 1713 1773 dispositionem
1740 1705 1975 1765 naturae,
2004 1699 2096 1756 vel
2129 1708 2359 1775 propter
2384 1702 2775 1777 perspieacius

571 1797 854 1875 judicium
905 1797 1158 1864 rationiS,
1213 1804 1308 1853 aut
1350 1798 1520 1855 etiam
1568 1804 1801 1873 propter
1846 1798 2031 1873 majus
2084 1784 2273 1873 gratiae
2320 1797 2559 1858 donum:
2616 1799 2777 1872 quod

581 1897 890 1967 unicuique
917 1894 1156 1953 donatur
1193 1894 1505 1953 seeundum
1545 1914 1872 1953 mensuram
1900 1893 2221 1953 donationis
2262 1893 2505 1965 Christi,
2533 1907 2597 1955 ut
2634 1897 2775 1956 diei-

579 2004 667 2050 tur
693 1993 764 2050 ad
789 1991 1080 2068 Ephesios
1110 1988 1263 2050 iv.”¹
1329 2001 1369 2029 ‘⁴
1392 1994 1593 2051 Potest
1618 2012 1745 2051 esse
1771 2011 1919 2051 unus
1947 1994 2124 2052 homo
2153 1993 2339 2069 magis
2367 2005 2669 2072 promptus
2698 1996 2773 2053 ad

579 2101 764 2149 actum
791 2092 960 2149 unius
989 2093 1229 2159 virtutis,
1259 2110 1433 2163 quam
1461 2092 1532 2149 ad
1558 2101 1746 2149 aetum
1772 2092 2023 2159 alterius3
2054 2094 2145 2150 vel
2171 2111 2246 2153 ex
2272 2102 2491 2161 natura,
2520 2096 2615 2153 vel
2634 2114 2772 2155 eon-

579 2189 900 2257 suetudine,
930 2191 1023 2248 vel
1049 2191 1219 2248 etiam
1247 2209 1320 2247 ex
1348 2192 1539 2267 gratiae
1568 2182 1822 2248 dono.”²

657 2376 740 2441 (l)
780 2374 832 2423 S.
856 2373 1033 2425 Thom.
1063 2377 1105 2423 1.
1130 2377 1176 2422 2.
1201 2390 1282 2439 qu.
1304 2374 1420 2425 lxvi.
1444 2380 1528 2425 art.
1546 2374 1579 2423 i.
1649 2373 1799 2441 Reep.
1973 2375 2057 2441 (2)
2094 2373 2295 2435 Ibidem,
2322 2381 2405 2425 art.
2428 2375 2478 2425 ii.
2548 2376 2700 2445 Resp.

1608 2618 1665 2661 θ’
