3117 5217
519 495 636 549 342
763 489 878 549 DE
921 488 1372 549 ECCLESIAE
1417 488 1927 548 POTESTATE
1966 484 2473 547 JUDICIARIA.

525 676 696 733 quam
721 658 978 734 episcopi
998 654 1278 734 judicium
1305 656 1366 713 in
1391 656 1551 713 hisce
1580 658 1771 715 causis
1797 655 2168 733 imploratum
2212 653 2315 711 sed
2340 672 2477 711 cum
2506 666 2728 727 magno

527 776 748 816 morum
777 757 1117 815 detrimento
1142 756 1546 813 controversiae
1572 756 1645 813 de
1674 757 1902 815 vinculo
1950 755 2320 821 matrimonii,
2358 763 2417 810 et
2442 751 2511 808 de
2540 747 2731 807 divor-

527 858 620 915 tiis
649 863 840 915 corain
869 856 1118 931 publicis
1145 854 1516 912 tribunalibus
1545 856 1843 932 agitantur,
1860 855 2123 933 singuliS,
2152 873 2281 929 quae
2307 854 2481 911 latere
2510 850 2732 909 debent

525 956 654 1013 vitae
683 954 1012 1013 domesticae
1053 955 1296 1031 negotiis
1323 954 1380 1011 in
1423 955 1599 1022 curia,
1629 963 1687 1011 et
1710 953 1987 1031 deinceps
2025 972 2129 1030 per
2166 950 2571 1031 ephemerides
2606 946 2729 1005 vul-

535 1056 702 1132 gatis.

609 1158 668 1210 4.
701 1151 1060 1211 Clericorum
1077 1150 1300 1219 delicta,
1319 1170 1445 1225 quae
1475 1152 1534 1209 in
1557 1151 1745 1228 legem
1777 1150 1889 1209 Dei
1914 1152 2006 1209 vel
2032 1151 2310 1210 Ecclesiae
2340 1148 2743 1227 admittuntur„

521 1254 652 1329 jure
681 1252 876 1309 divino
916 1252 1220 1328 praesulum
1250 1253 1543 1329 subjacent
1574 1251 1829 1327 judicio:
1873 1260 2214 1328 quapropter
2252 1249 2563 1327 Apostolus
2608 1266 2730 1304 mo·

531 1354 660 1410 nuit
685 1352 1081 1418 Timotheum,
1108 1370 1220 1424 qua
1259 1366 1479 1409 servata
1505 1352 1722 1408 cautela
1760 1351 2145 1409 accusationes
2173 1350 2443 1408 adversus
2483 1348 2725 1424 presby-

533 1460 713 1510 terum
764 1450 1116 1526 excipiendae
1162 1450 1362 1509 forent.
1449 1456 1488 1485 ⁸⁸
1510 1448 1799 1508 Adversus
1851 1449 2249 1527 presbyterum
2302 1449 2728 1508 accusationem

535 1550 654 1609 noli
692 1552 968 1629 recipere,
1019 1550 1129 1609 nisi
1185 1551 1292 1607 sub
1347 1546 1565 1607 duobus
1624 1559 1719 1607 aut
1774 1548 1951 1607 tribus
2006 1532 2335 1607 testibuS.”¹
2440 1544 2732 1603 Fidelium

531 1652 791 1709 omnium
819 1651 1006 1727 palam
1035 1660 1227 1707 contra
1253 1649 1446 1707 divina
1471 1646 1731 1706 mandata
1756 1647 2222 1721 delinquentium,
2246 1656 2481 1725 peccata
2499 1644 2728 1721 publica

531 1752 888 1826 correptione
927 1748 1225 1825 plectenda
1256 1750 1465 1826 jussit:
1549 1747 1924 1805 “Peccantes
1964 1766 2155 1805 coram
2195 1746 2461 1804 omnibus
2504 1762 2721 1821 argue:

533 1860 594 1905 ut
620 1859 679 1905 et
701 1850 886 1907 caeteri
916 1849 1176 1905 timorem
1206 1838 1546 1905 habeant.”²
1626 1846 1845 1904 Omnes
1871 1846 2201 1904 clericorum
2237 1864 2443 1912 causae,
2476 1846 2607 1922 jure
2639 1862 2728 1899 ca—

537 1949 744 2004 nonico
771 1957 825 2003 et
851 1946 1026 2012 civili,
1055 1947 1312 2022 episcopi
1329 1946 1551 2022 judicio
1580 1946 1863 2013 suberant,
1887 1945 2042 2019 quod
2068 1944 2488 2022 sapientissime
2510 1954 2566 2001 et
2594 1962 2729 2001 cum

535 2063 742 2121 magna
779 2044 1107 2121 reipublicae
1147 2040 1466 2102 christianae
1500 2044 1738 2101 utilitate
1778 2053 2045 2102 statutum
2075 2055 2213 2111 erat,
2250 2052 2314 2100 ut
2350 2062 2513 2101 sacro
2541 2042 2730 2101 ordini

536 2154 854 2201 servaretur
891 2143 1094 2212 honor,
1141 2154 1199 2201 et
1233 2145 1468 2221 justitiae
1514 2143 1905 2201 consuleretur
1942 2145 2155 2217 absque
2202 2144 2328 2219 ejus
2365 2143 2726 2201 detrimento.

539 2241 758 2302 Civiles
786 2244 954 2319 igitur
980 2244 1106 2301 lites
1125 2245 1195 2302 iis
1224 2246 1527 2311 intentatae,
1551 2244 1671 2300 sive
1700 2263 1733 2299 a
1757 2242 1981 2301 clericis
2008 2244 2153 2310 aliis,
2176 2244 2298 2300 sive
2319 2262 2351 2299 a
2370 2242 2553 2309 laiciS,
2577 2238 2730 2317 apud

538 2343 794 2422 episcopi
823 2341 1062 2399 tribunal
1088 2342 1528 2400 dirimebantur:
1559 2352 1619 2399 et
1636 2360 1761 2413 quae
1789 2352 1986 2400 contra
2010 2343 2168 2419 lege-s
2196 2342 2395 2400 civiles
2422 2340 2729 2413 aliquando

539 2439 786 2496 admissa
811 2450 944 2498 sunt
969 2436 1224 2509 crimina,
1253 2440 1439 2499 eidem
1466 2440 1720 2498 examini
1740 2441 2121 2519 subjacebant,
2153 2460 2322 2517 poena
2348 2442 2609 2508 carceriS,
2640 2440 2730 2496 vel

540 2538 750 2597 mulcta
777 2539 1062 2617 punienda
1086 2561 1100 2598 :
1133 2541 1222 2597 vel
1249 2542 1300 2599 si
1325 2540 1467 2598 forte
1496 2541 1720 2627 gravius
1748 2549 1901 2598 esset
1925 2540 2165 2608 facinuS,
2195 2542 2289 2598 cui
2312 2540 2471 2617 leges
2501 2558 2730 2616 poenam

539 2638 740 2717 capitis
781 2639 1170 2707 decernebant,
1198 2660 1328 2699 reus
1372 2642 1431 2698 in
1471 2640 1732 2715 episcopi
1763 2638 1987 2718 judicio
2026 2638 2341 2707 damnatus-3,
2384 2640 2731 2716 spoliabatur

539 2739 855 2815 privilegiis
883 2740 1239 2807 clericorum,
1268 2739 1374 2797 ritu
1402 2738 1862 2816 degradationis
1902 2752 2152 2817 pei-acm,
2181 2748 2239 2796 et
2276 2740 2428 2797 civili
2468 2737 2731 2817 potestati
2760 2791 2769 2801 ‚

541 2838 856 2895 tradebatur
881 2848 1060 2895 morte
1086 2838 1431 2919 punienduS.

620 2941 677 2994 5.
723 2935 928 2994 Causae
958 2939 1017 2995 in
1046 2940 1252 3010 quibus
1292 2938 1362 3009 de
1388 2936 1689 3016 beneficiis
1713 2938 1908 3017 agitur
1947 2936 2015 2995 ad
2056 2938 2470 2995 ecclesiasticos
2499 2936 2733 3015 judices

537 3044 832 3111 spectant:⁸
857 3036 1134 3095 beneficia
1158 3039 1312 3096 enim
1340 3038 1621 3095 Ecclesiae
1649 3020 1971 3098 aucioritate
1997 3039 2299 3097 constituta
2336 3046 2487 3103 sunt,
2516 3045 2573 3093 et
2602 3036 2735 3113 jura

539 3136 764 3193 tributa.
849 3136 1091 3202 Quando
1112 3138 1282 3213 igitur
1305 3138 1377 3194 lis
1399 3138 1587 3207 aliqua
1615 3134 1684 3193 de
1702 3137 1727 3212 j
1737 3133 1831 3193 ure
1853 3142 2194 3212 patronatuS‚
2216 3138 2305 3195 vel
2332 3136 2401 3194 de
2429 3135 2728 3193 collatione

543 3231 946 3291 beneficiorum
977 3234 1068 3289 vel
1094 3234 1232 3291 alias
1259 3233 1328 3291 de
1355 3235 1653 3291 beneficiis
1681 3236 1874 3302 oritur,
1904 3236 1973 3294 ad
2002 3237 2239 3294 tribunal
2269 3236 2525 3313 episcopi
2552 3234 2736 3292 omni-

544 3350 620 3389 no
640 3330 944 3391 deferenda
971 3338 1076 3389 est.
1162 3341 1204 3368 ‘⁶
1224 3332 1492 3390 Relatum
1533 3331 1683 3399 est,’'
1714 3333 1902 3407 inquit
1925 3334 2249 3394 Alexander
2273 3333 2385 3394 ΙΙΙ.
2414 3334 2487 3392 ad
2514 3334 2733 3409 episco-

544 3450 650 3509 pos
678 3432 898 3509 Anglos
927 3430 1202 3502 scribens,
1248 3432 1458 3505 “quod
1498 3432 1756 3491 nonnulli
1798 3435 2097 3492 occasione
2123 3435 2279 3493 laicae
2304 3433 2731 3511 recognitionis,

545 3549 663 3591 non
697 3534 967 3606 requisita
1005 3534 1264 3609 episcopi
1300 3527 1606 3599 audientia,
1634 3532 1908 3591 beneficia
1949 3534 2335 3592 ecclesiastica
2374 3534 2483 3591 sibi
2523 3549 2733 3609 praesu-

544 3643 707 3691 munt
732 3634 788 3690 in
818 3634 1081 3710 paroeciis
1108 3634 1308 3691 vestris
1339 3633 1645 3691 vindicare.
1732 3633 2015 3699 Quoniam
2057 3634 2226 3710 igitur
2252 3631 2581 3711 hujusmodi
2610 3650 2736 3707 per-

545 3752 699 3791 sonae
740 3752 857 3791 non
895 3734 1103 3791 intrant
1139 3751 1243 3808 per
1281 3734 1507 3801 ostium,
1538 3734 1640 3789 sed
1683 3731 1910 3790 aliunde
1950 3730 2359 3801 conscendunt,
2390 3751 2456 3789 ac
2497 3750 2600 3808 per
2624 3728 2737 3787 hoc

545 3832 766 3907 indigni
795 3841 926 3889 sunt
950 3834 1195 3909 pastoris
1231 3834 1481 3899 nomine,
1511 3829 1602 3888 vel
1639 3832 2009 3909 praerogativa
2048 3832 2325 3909 gaudere:
2371 3830 2730 3897 mandamuS,

544 3939 819 4003 quatenus
847 3948 967 3998 eOS,
995 3932 1047 3988 si
1074 3932 1402 3989 commoniti
1431 3930 1699 4007 praedicta
1726 3932 1963 3990 minime
1990 3932 2421 4009 resignaverint,
2450 3930 2561 3988 nisi
2582 3930 2734 4005 epis-

541 4114 598 4163 οῖ
623 4113 720 4162 this
739 4114 874 4172 kind,
896 4115 1097 4164 unless
1084 4132 1137 4165 m
1161 4131 1294 4164 some
1316 4115 1574 4179 particular
1594 4130 1745 4165 cases.
1814 4116 1887 4165 As
1926 4116 1973 4165 if
1997 4116 2079 4165 the
2112 4114 2330 4181 spiritual
2364 4122 2505 4165 court
2521 4115 2589 4163 do
2610 4130 2719 4179 pro-

543 4198 658 4249 ceed
679 4205 729 4245 to
751 4198 844 4247 call
883 4214 913 4245 a
952 4202 1186 4261 marriage
1219 4200 1273 4249 in
1307 4200 1533 4263 question
1568 4202 1685 4249 after
1723 4201 1806 4250 the
1846 4200 1990 4254 death
2028 4202 2086 4251 of
2112 4201 2263 4251 either
2296 4202 2353 4250 of
2378 4200 2459 4250 the
2494 4196 2721 4264 parties?

537 4286 818 4336 Blaokston.
845 4283 1038 4333 Comm-
1061 4286 1092 4337 1.
1115 4286 1181 4335 iii.
1203 4302 1253 4336 n.
1279 4288 1359 4339 93.
1429 4288 1548 4337 Non
1570 4288 1639 4337 ita
1660 4288 1789 4355 apud
1812 4304 1915 4337 nos.

610 4373 694 4438 (1)
733 4357 1100 4419 1.'1'im.v.1¹b.
1819 4375 1905 4439 (2)
1942 4372 2142 4433 mntem,
2168 4374 2255 4422 20.

611 4459 690 4526 (3)
729 4456 848 4521 Cap.
873 4456 977 4506 xxi.
998 4456 1189 4525 dejure
1200 4463 1533 4523 patronatus.
2257 4468 2263 4471 ”
