3117 5217
1210 561 1324 620 DE
1370 560 1837 621 MONTIBUS.
2494 565 2619 620 ‚193

955 843 1006 918 §.
1048 842 1161 901 111.
1242 844 1338 901 DE
1381 862 1741 902 Ac'rmmnus
1766 860 2117 901 UNIVERSIM.

519 1042 656 1097 116.
699 1042 1008 1099 Actionum
1036 1042 1268 1099 nomine
1299 1042 1378 1098 uti
1418 1058 1591 1117 supra
1616 1040 2013 1108 indicavimuS,
2044 1039 2257 1117 placuit
2283 1058 2485 1097 vocare
2517 1042 2616 1118 jus

439 1138 592 1210 quod
638 1140 881 1212 quisque
922 1140 1152 1198 sortitur
1197 1140 1265 1197 ad
1303 1140 1449 1197 lueri
1488 1150 1730 1215 partem,
1772 1139 1975 1198 collata
2002 1140 2245 1216 pecunia
2272 1140 2331 1218 in
2358 1157 2618 1197 mensam

439 1238 725 1313 publicam
751 1259 766 1295 z
813 1248 1092 1311 quotquot
1128 1238 1345 1295 scilieet
1385 1248 1597 1295 certam
1642 1241 1903 1315 pecuniae
1948 1220 2234 1297 summam
2286 1237 2439 1306 dant,
2482 1240 2623 1297 socii

439 1336 583 1394 fiunt
607 1356 842 1404 mensae,
869 1345 926 1395 et
951 1337 1094 1395 lucri
1124 1338 1270 1393 sicut
1303 1345 1360 1394 et
1402 1336 1599 1395 damni
1644 1338 1985 1415 participes:
2030 1356 2105 1394 ex
2146 1356 2343 1394 eorum
2385 1356 2623 1396 numero

437 1435 632 1492 electis
651 1436 977 1507 quotannis,
994 1436 1390 1493 communibus
1411 1437 1670 1495 omnium
1691 1436 1996 1513 suffragiiS,
2022 1438 2227 1509 quires
2247 1447 2624 1511 gerant‚men-

441 1551 518 1591 sae
547 1540 800 1591 rectores
817 1532 948 1592 ideo
972 1537 1302 1612 nuncupati.
1349 1535 1450 1593 Bis
1467 1536 1526 1593 in
1545 1554 1696 1593 anno
1712 1535 2100 1594 subducuntur
2120 1535 2385 1601 rationeS‚
2408 1546 2465 1591 et
2482 1536 2625 1593 lucri

443 1629 650 1689 divisio
673 1632 756 1701 fit,
787 1644 1004 1690 servata
1030 1632 1274 1707 quadam
1300 1629 1561 1710 portione
1602 1642 1665 1691 ut
1700 1634 1920 1692 casibus
1961 1634 2267 1709 inopinatis
2296 1652 2413 1691 non
2439 1633 2627 1693 desint

445 1730 714 1788 subsidia.
800 1733 1072 1790 Actiones
1100 1733 1202 1790 has
1249 1733 1563 1809 comparari
1608 1750 1798 1809 posse,
1837 1742 1893 1789 et
1915 1734 2135 1791 lucrum
2164 1733 2385 1810 percipi
2413 1732 2627 1803 absque

446 1839 682 1903 peccato
705 1830 902 1903 liquet,
933 1833 1066 1903 quia
1085 1840 1172 1889 est
1195 1832 1436 1889 societas
1465 1832 1747 1905 quaedam,
1767 1832 2019 1907 periculo
2042 1832 2189 1889 sicut
2215 1840 2269 1887 et
2293 1831 2453 1889 lucro
2474 1848 2628 1887 corn·-

445 1930 604 1986 muni
627 1947 642 1984 ε
685 1938 1028 2005 quapropter
1049 1931 1300 1988 actiones
1326 1932 1537 1989 minori
1564 1930 1655 1987 vel
1680 1917 1883 2006 majori
1909 1931 2090 2006 pretio
2120 1937 2385 1997 veneunt,
2408 1941 2465 1986 et
2482 1929 2628 1987 lucri

449 2026 654 2085 divisio
682 2028 924 2086 variatur
949 2047 1056 2104 pro
1081 2046 1292 2087 mensae
1320 2028 1664 2088 conditione.
1750 2028 2002 2086 Crucem
2040 2029 2208 2087 alicui
2236 2028 2409 2103 figere
2439 2036 2626 2105 potest

449 2124 602 2197 quod
629 2126 872 2203 plurima
896 2127 1035 2185 fiant
1059 2148 1092 2185 a
1119 2146 1332 2185 mensae
1360 2129 1690 2195 rectoribus,
1712 2129 1804 2185 vel
1824 2129 1893 2184 ab
1913 2128 2268 2193 officialibus,
2290 2145 2413 2199 quae
2442 2144 2627 2186 usurae

448 2223 574 2281 labe
600 2224 756 2281 infici
783 2225 963 2283 videri
989 2239 1248 2301 possunt.
1295 2224 1585 2285 Caeterum
1613 2244 1790 2299 quum
1816 2228 1943 2301 ipsa
1961 2244 2172 2291 mensae
2200 2226 2476 2283 institutio
2496 2243 2625 2283 cum

453 2340 656 2399 magna
681 2324 936 2381 omnium
963 2325 1194 2383 utilitate
1222 2326 1298 2381 sit
1321 2327 1645 2402 conjuncta,
1674 2334 1732 2382 et
1756 2324 2015 2401 plurimae
2054 2334 2357 2400 suppetant
2380 2324 2627 2381 rationes

451 2420 594 2479 lucri
621 2421 848 2479 honesti
873 2440 948 2479 ex
973 2424 1232 2490 cambiiS,
1261 2432 1318 2479 et
1344 2424 1725 2499 negotiatione
1752 2424 1862 2481 alia
1902 2422 2190 2489 monetali,
2218 2423 2361 2479 socii
2387 2430 2631 2498 possunt

453 2528 570 2577 tuta
618 2521 966 2578 conscientia
1003 2532 1285 2579 rectorum
1331 2532 1388 2578 et
1429 2522 1761 2579 officialium
1804 2521 2130 2596 permittere
2168 2520 2533 2581 conscientiae
2574 2530 2631 2576 et

442 2617 686 2695 ιῇιιάἱοὶο,
709 2619 846 2691 quid
874 2619 934 2675 in
959 2606 1390 2692 unaquaque‘re
1415 2619 1603 2676 liceat.

538 2720 670 2775 117.
713 2716 928 2776 Praeter
953 2736 1181 2776 mensas
1209 2718 1553 2776 nummarias
1581 2716 1753 2774 initur
1777 2717 2017 2774 societas
2044 2714 2373 2791 hujusmodi
2414 2715 2483 2771 ad
2511 2715 2630 2772 vias

451 2815 662 2873 ferreas
705 2816 1068 2884 extruendas,
1111 2816 1180 2875 ad
1223 2817 1448 2875 canales
1479 2814 1802 2883 fodiendos‚
1845 2826 1903 2872 et
1944 2814 2014 2871 ad
2052 2814 2245 2872 omnia
2282 2815 2403 2872 fere
2444 2830 2631 2871 rerum

455 2913 808 2990 publicarum
835 2932 1076 2989 genera:
1107 2935 1278 2988 quam
1305 2916 1476 2973 lice-re
1503 2914 1865 2973 manifestum
1892 2922 1998 2981 est,
2021 2930 2199 2997 quum
2216 2932 2477 2990 magnam
2500 2911 2634 2970 affe·

457 3021 542 3069 rat
565 3011 864 3070 utilitatem
891 3013 1108 3071 civibus
1133 3015 1438 3079 universis,
1466 3023 1522 3071 et
1545 3012 1700 3071 haud
1724 3014 1847 3069 sine
1874 3012 2203 3071 discrimine
2229 3030 2347 3069 suae
2376 3014 2633 3088 pecuniae

455 3112 526 3167 ab
571 3128 918 3185 unoquoque
963 3113 1201 3171 ineatur.
1286 3111 1579 3185 Equidem
1622 3129 1749 3169 raro
1788 3112 2067 3188 con-tingit
2104 3130 2203 3169 eos
2243 3112 2342 3183 qui
2384 3113 2635 3169 actiones

459 3209 790 3287 hujusmodi
817 3223 1144 3287 comparant
1165 3213 1384 3271 lucrum
1414 3210 1544 3269 inde
1572 3210 1845 3269 derivare.

541 3312 672 3367 118.
717 3310 1038 3383 Aliquando
1067 3311 1444 3378 Guberninm,
1475 3312 1688 3387 saepius
1722 3310 2126 3384 municipium,
2155 3316 2409 3367 mutuam
2436 3310 2639 3380 quaerit

454 3409 782 3482 pecuniam,
803 3428 976 3467 usura
1001 3408 1242 3481 quadam
1267 3410 1472 3474 oblata,
1501 3409 1733 3467 nonnisi
1760 3418 1891 3483 post
1916 3408 2133 3479 aliquot
2156 3424 2335 3467 annos
2361 3408 2636 3482 recipien-

457 3504 608 3565 dam.
693 3506 938 3565 Constat
972 3507 1142 3565 licere
1182 3525 1410 3566 usuram
1453 3506 1599 3565 hanc
1638 3506 1917 3581 accipere,
1958 3522 2134 3577 quum
2175 3520 2321 3561 onus
2357 3504 2430 3558 sit
2455 3505 2639 3577 pretio

385 3644 390 3649 .
457 3605 784 3663 aestimabile
829 3624 934 3663 sua
977 3607 1220 3681 pecunia
1256 3604 1472 3662 tamdiu
1519 3623 1731 3670 carere,
1776 3612 1834 3661 et
1862 3602 2120 3673 alioquin
2154 3602 2439 3657 actionum
2482 3599 2639 3657 valor

461 3704 644 3777 possit
669 3704 846 3761 minui
868 3722 943 3760 ex
969 3722 1157 3761 terum
1186 3704 1404 3761 vicibus
1431 3714 1599 3776 prout
1623 3719 1775 3776 saepe
1802 3700 2095 3775 contingit.

545 3804 691 3871 119„
719 3797 810 3859 Ad
836 3820 957 3859 rem
985 3811 1231 3859 nostram
1257 3799 1651 3878 anim-advertit
1673 3816 1874 3855 recens
1900 3798 2144 3872 scriptor
2162 3794 2365 3873 Gallus
2386 3792 2432 3853 :¹
2461 3804 2499 3831 ‘⁴
2516 3795 2636 3854 lici·
2717 3854 2721 3858 .

463 3910 574 3957 tam
601 3917 732 3957 esse
757 3900 1199 3975 negotiationem
1223 3899 1508 3956 actionum
1535 3913 1662 3969 qua!
1689 3894 2100 3956 constituunmr
2137 3896 2197 3953 in
2232 3896 2518 3969 pontibus,
2548 3913 2637 3953 ca-

463 3996 702 4063 nalibus,
725 3999 834 4057 viis
861 3999 1081 4068 ferreis,
1109 3998 1260 4055 foliis
1287 3993 1527 4064 diurnis,
1557 3996 1715 4053 libris
1741 3993 1997 4061 edendis,
2024 3993 2271 4053 officinis
2300 3994 2641 4053 industriali-

461 4093 587 4160 buz,
617 4095 856 4169 publicis
883 4096 1232 4153 diversarum
1266 4095 1564 4171 regionum
1602 4095 1874 4171 campsis,
1914 4104 2038 4161 etc;
2080 4092 2169 4151 hae
2210 4084 2459 4152 actiones
2499 4094 2642 4152 nihil

463 4192 617 4250 aliud
641 4203 776 4251 sunt
801 4212 972 4265 quam
992 4195 1092 4272 jus
1119 4193 1189 4250 ad
1215 4192 1597 4251 emolumenta
1620 4212 1693 4251 ex
1734 4192 2016 4269 praedictis
2044 4193 2489 4251 institutionibus
2516 4210 2644 4267 pro-

464 4292 746 4349 venientia
769 4302 923 4352 certo
949 4292 1199 4367 quodam
1227 4294 1410 4369 pretio
1438 4292 1776 4363 acquisitum
1802 4311 1818 4360 3
1848 4290 2012 4369 porro
2044 4292 2151 4350 tale
2170 4293 2269 4370 jus
2298 4310 2434 4349 sane
2465 4291 2643 4366 pluris

541 4492 628 4558 (1)
669 4490 732 4540 D.
755 4490 998 4555 Lyonnet,
1015 4488 1178 4538 Tract.
1196 4487 1254 4537 de
1275 4485 1624 4546 contractibus,
1642 4487 1695 4535 in
1718 4502 1862 4535 cursu
1884 4484 2121 4549 completo
2144 4480 2437 4541 Theologiae,
2455 4480 2549 4528 vol.
2573 4482 2651 4528 16.

627 4590 779 4647 Vor..
811 4589 1054 4646 IL-ls
