3117 5217
679 543 794 604 DE
839 542 1336 602 CHARITATE
1378 543 1611 602 ERGA
1650 544 2133 606 PROXIMUM.
2375 548 2493 604 303

391 713 494 768 86.
538 710 611 770 In
641 712 920 788 proximis
946 710 1250 788 diligendis
1290 712 1341 770 is
1381 709 1520 770 ordo
1547 710 1857 776 servandus
1898 720 2006 779 est,
2032 721 2097 770 ut
2122 713 2221 785 qui
2246 712 2513 770 meliores

312 820 445 867 sunt
463 811 656 888 magis
679 811 1042 878 aestimentur‚
1073 810 1402 888 diligantur,
1425 817 1482 866 et
1500 810 1870 870 honorentur.
1926 811 2027 868 Sic
2048 811 2229 870 sancti
2248 809 2513 868 homines

315 908 598 984 diligendi
623 917 758 966 sunt
781 928 896 984 prae
923 909 1218 986 improbis,
1244 909 1379 966 licet
1417 910 1792 986 propinquis:
1837 910 2027 986 patriae
2054 910 2309 969 vindices
2336 909 2515 984 pluris

313 1008 459 1064 fiunt
480 1025 656 1079 quam
684 1007 779 1064 alii
803 1009 1132 1084 reipublicae
1157 1006 1306 1066 haud
1335 1007 1584 1066 soliciti:
1613 1009 1810 1078 fortes,
1832 1008 2079 1077 facundi,
2109 1008 2370 1082 doctique
2396 1001 2513 1084 prae

315 1107 569 1182 ignavis,
590 1107 892 1182 imperitis,
916 1109 1128 1184 ignaris
1150 1107 1478 1183 diliguntur.
1535 1107 1785 1166 Dilectio
1806 1117 1991 1168 autem
2012 1126 2137 1180 quae
2154 1107 2517 1168 intensionis

315 1205 532 1281 gradus
574 1207 764 1273 habet,
809 1214 1018 1266 naturae
1059 1205 1316 1264 ordinem
1351 1206 1507 1264 hunc
1541 1207 1819 1277 sequitur,
1860 1216 1923 1264 ut
1959 1226 2108 1266 uxor
2146 1227 2262 1285 prae
2301 1211 2517 1267 caeteris

316 1303 622 1380 diligatur:
661 1304 930 1381 deinceps
957 1306 1082 1373 filii,
1111 1314 1396 1382 parentes,
1426 1306 1625 1363 fratres
1654 1314 1711 1362 et
1736 1325 1981 1376 sorores,
2009 1307 2219 1379 aliique
2258 1327 2363 1385 pro
2390 1327 2519 1386 pro-

314 1404 655 1478 pinquitatis
678 1405 914 1462 ratione.
999 1404 1464 1470 Subveniendum
1492 1414 1581 1462 est
1605 1404 1789 1486 primo
1828 1408 2019 1472 uxori,
2046 1404 2319 1484 deinceps
2358 1408 2514 1476 filiis,

314 1505 464 1578 patri
496 1513 557 1560 et
582 1504 767 1570 matri,
795 1502 1076 1571 frati-ihm,
1099 1504 1405 1571 sororibus,
1429 1503 1787 1580 propinquis
1874 1503 2162 1563 Gaeterum
2184 1506 2243 1563 in
2263 1515 2520 1565 extrema

312 1603 662 1660 necessitate
689 1612 948 1678 parentes
990 1602 1364 1677 praeferuntur
1391 1603 1675 1670 omnibus,
1705 1622 1879 1676 quum
1908 1604 2081 1663 vitam
2122 1603 2412 1664 dederint:
2456 1610 2517 1666 in

314 1701 526 1775 aequali
577 1702 932 1769 necessitate,
986 1699 1139 1758 haud
1190 1711 1463 1768 extrema,
1508 1701 1675 1759 liberi
1740 1701 2113 1776 praeferuntur
2162 1707 2516 1780 parentibuS‚

316 1819 499 1874 quum
529 1801 606 1857 sit
631 1799 877 1876 speciale
905 1807 1200 1876 parentum
1229 1817 1438 1857 munus
1465 1800 1601 1857 filiis
1630 1800 1949 1858 consulere.

393 1905 505 1958 87.
555 1908 593 1934 ‘⁶
612 1896 681 1956 In
706 1893 880 1956 rebus'
899 1899 1309 1976 pertinentibus
1338 1897 1410 1954 ad
1448 1899 1671 1957 civilem
1712 1901 2285 1960 communicationem
2324 1904 2523 1980 praefe-

313 1997 484 2057 rendi
512 2007 647 2057 sunt
671 1991 959 2067 concives,
988 2000 1048 2056 in
1073 1997 1290 2056 bellicis
1319 1998 1763 2067 commilitones,
1788 1999 1845 2058 in
1874 2000 2259 2076 spiritualibus
2298 2003 2522 2080 spiritu-

317 2100 438 2156 ales
469 2098 597 2166 filii,
627 2107 838 2174 patreS,
868 2098 1083 2155 fratres·
1167 2097 1404 2172 Bannez
1433 2099 1622 2155 famen
1650 2098 2015 2174 probabiliter
2040 2099 2225 2169 docet,
2260 2112 2521 2178 parentes

317 2198 607 2264 carnales,
637 2197 804 2257 etiam
845 2196 1255 2274 spiritualibuS‚
1284 2193 1408 2252 aliis
1449 2197 1715 2254 omnibus
1756 2197 2173 2273 praeferendos:
2219 2201 2352 2272 quia
2380 2219 2521 2258 con-

310 2297 543 2374 junctio
573 2297 811 2354 carnalis
840 2306 927 2354 est
951 2295 1379 2354 fundamentum
1419 2294 1656 2354 aliarum
1692 2294 2256 2374 conjunctionum.”¹
2337 2298 2521 2357 Caete-

319 2417 451 2455 rum
487 2414 663 2454 nemo
703 2413 936 2473 prorsus
977 2404 1064 2452 est
1102 2395 1401 2452 dilectione
1429 2393 1759 2470 privandus,
1791 2415 1966 2469 quum
2006 2399 2257 2474 proximi
2285 2399 2519 2459 nomine

320 2496 520 2556 omnis
547 2495 725 2554 homo
753 2496 958 2552 veniat.
1045 2494 1142 2551 Sic
1181 2492 1447 2571 praeclare
1489 2495 1846 2570 Augustinus
1886 2498 2223 2568 quaestioni:
2311 2507 2349 2534 “
2374 2499 2519 2564 Quis

321 2605 410 2654 est
434 2595 585 2653 mihi
613 2595 909 2670 proximus
931 2593 998 2649 2⁹⁹
1026 2591 1350 2672 respondet,
1379 2612 1494 2669 prae
1523 2593 1714 2650 animo
1741 2593 1955 2651 habens
1997 2595 2335 2654 Samaritani
2361 2616 2522 2673 para-

319 2695 554 2754 bolam:
643 2701 680 2728 “
703 2693 910 2752 Omnis
936 2693 1114 2750 homo
1141 2693 1438 2770 proximus
1467 2701 1597 2750 tuus
1624 2701 1732 2749 est.
1818 2693 2033 2751 Nonne
2073 2693 2217 2776 duos
2256 2705 2519 2771 parentes

323 2795 634 2852 habuimus
661 2811 860 2852 omnes
882 2785 981 2848 3⁹⁹²

811 2973 894 3038 (1)
933 2969 1280 3054 Busembaum‚
1304 2969 1433 3034 apud
1452 2969 1504 3018 S.
1528 2969 1840 3035 Alphonsum
1860 2931 2052 3022 ibidem.

828 3058 912 3123 (2)
951 3055 1104 3104 Serm.
1125 3070 1204 3104 xc.
2064 3059 2067 3062 ’
