3117 5217
1146 575 1259 634 DE
1302 575 1533 635 FIDEI
1577 575 1949 665 NATURA.
2067 644 2081 657 ι
2520 577 2640 633 267

453 740 512 799 iu
549 740 829 812 aliquibus
868 740 1069 817 primis
1114 741 1493 809 credibilibus,
1542 742 1762 800 scilicet
1791 750 1854 798 ut
1887 738 2142 798 credatur
2179 738 2342 797 Deus
2381 758 2532 803 esse,
2585 750 2642 797 et

450 838 861 913 providentiam
898 838 1105 897 habere
1146 842 1297 898 circa
1336 840 1636 907 hominum
1689 838 1960 897 salutem:
2017 838 2332 896 secundum
2385 838 2527 895 illud
2565 838 2637 894 ad

453 935 604 993 Heb.
647 937 726 993 xi.
771 945 788 971 ⁴
812 936 1197 996 Accedentem
1238 937 1307 995 ad
1348 938 1541 997 Deum
1579 946 1798 1013 oportet
1835 936 2064 994 credere
2104 936 2240 1008 quia
2264 946 2370 1003 est,
2399 946 2457 993 et
2485 935 2640 1007 quod

450 1034 863 1105 inquirentibus
890 1054 953 1092 se
980 1046 1369 1095 remunerator
1392 1038 1483 1094 sit.
1491 1037 1506 1063 ’
1594 1036 1664 1093 In
1689 1053 1816 1092 esse
1855 1036 2011 1092 enim
2039 1034 2233 1092 divino
2273 1034 2640 1092 includuntur

448 1132 659 1197 omnia,
689 1150 814 1204 quae
842 1132 1123 1193 credimus
1164 1136 1222 1193 in
1262 1134 1393 1191 Deo
1432 1134 1772 1191 aeterualiter
1809 1134 2073 1198 existere,
2105 1134 2162 1190 in
2205 1133 2408 1204 quibus
2447 1131 2639 1223 nentri

449 1228 737 1286 beatitudo
764 1232 1041 1288 consistit.
1125 1232 1195 1289 In
1234 1231 1345 1289 fide
1387 1242 1578 1297 autem
1620 1230 1984 1306 providentiae
2027 1229 2388 1288 includuntur
2426 1231 2637 1294 omnia,

452 1345 578 1399 quae
607 1327 988 1401 temporaliter
1013 1348 1046 1385 a
1072 1329 1200 1387 Deo
1226 1328 1626 1404 dispensantur
1652 1328 1722 1385 ad
1746 1328 2044 1385 hominum
2071 1328 2333 1394 salutem,
2356 1347 2481 1402 quse
2509 1337 2642 1385 sunt

452 1425 543 1481 via
568 1426 625 1480 in
654 1424 1077 1483 beatitudinem.
1162 1427 1242 1484 Et
1266 1446 1370 1502 per
1394 1428 1547 1485 hunc
1575 1428 1744 1484 etiam
1773 1426 2004 1483 modum
2033 1427 2271 1483 aliorum
2291 1428 2642 1497 subsequen-

454 1524 593 1579 tium
622 1522 983 1581 articulorum
1025 1524 1253 1596 quidam
1291 1526 1349 1583 in
1390 1526 1515 1583 aliis
1544 1526 1934 1584 continentur:
1977 1524 2126 1581 sicut
2159 1524 2216 1580 in
2245 1523 2357 1580 fide
2385 1524 2643 1599 redemp-

453 1620 623 1677 tionis
666 1618 947 1689 humanae,
989 1622 1263 1698 implicite
1304 1626 1662 1681 continentur
1699 1631 1756 1679 et
1794 1623 2108 1680 incarnatio
2149 1621 2389 1687 Christi,
2431 1630 2486 1678 et
2517 1623 2640 1696 ejus

454 1719 667 1794 passi0,
698 1727 755 1773 et
780 1721 971 1777 omnia
998 1714 1425 1798 hujusmodi.’'¹

533 1820 624 1872 ll.
670 1815 1060 1889 Quaecumque
1084 1818 1245 1877 Deus
1266 1821 1555 1887 revelavit,
1579 1818 1690 1875 fide
1711 1817 2052 1892 excipienda
2071 1827 2235 1885 sunt;
2258 1817 2470 1874 habent
2483 1818 2638 1875 enim

450 1915 717 1971 universa
743 1915 933 1991 ipsum
972 1918 1223 1976 veritatis
1252 1919 1473 1976 vadem.
1556 1916 1696 1976 Ideo
1738 1916 2006 1975 Christus
2038 1918 2216 1992 jussit
2254 1910 2550 1991 apostoliS‚
2582 1926 2642 1973 ut
2675 1962 2686 1974 .

452 2012 733 2071 traderent
771 2017 1023 2073 “omnia
1060 2016 1477 2089 quaecumque”
1522 2016 1666 2091 ipsis
1713 2008 2125 2073 mandaverat.²
2203 2012 2496 2087 Equidem
2544 2014 2642 2086 qui

454 2130 622 2168 unam
651 2112 833 2187 rejicit
858 2116 1169 2181 veritatem,
1199 2134 1367 2186 quam
1396 2135 1429 2171 a
1456 2114 1586 2171 Deo
1613 2114 1915 2171 revelatam
1943 2131 2070 2168 esse
2098 2121 2328 2170 testatur
2353 2113 2640 2178 Ecclesia,

452 2210 707 2267 omnium
753 2210 1184 2271 fundamentum
1238 2214 1468 2280 evertit3
1522 2211 1665 2268 adeo
1705 2221 1767 2268 ut
1809 2211 2038 2268 arbitrio
2085 2210 2295 2287 potius,
2322 2220 2402 2267 .et
2442 2210 2642 2275 lubitu,

452 2324 623 2375 quam
653 2306 767 2363 Dei
792 2312 1119 2367 auctoritate
1145 2322 1299 2369 certo
1326 2312 1570 2386 cognita,
1599 2318 1828 2367 caeteras
1857 2319 2049 2367 tenere
2078 2306 2400 2371 censendus
2442 2308 2534 2373 sit,
2561 2307 2645 2365 uti

453 2412 607 2459 recte
634 2402 799 2460 docet
824 2405 1129 2481 Angelicus
1158 2408 1410 2465 Doctor:
1497 2417 1535 2441 “
1555 2408 1918 2479 Quicumque
1945 2426 2064 2465 non
2099 2408 2342 2465 inhaeret
2377 2406 2526 2462 sieut
2562 2407 2647 2462 in-

452 2500 673 2557 fallibili
699 2511 755 2557 et
780 2501 983 2560 divinae
1012 2507 1240 2581 regulae,
1270 2505 1539 2562 doctrinae
1569 2504 1872 2571 Ecclesiae,
1893 2524 2020 2577 quae
2047 2504 2306 2579 procedit
2323 2523 2400 2561 ex
2415 2505 2644 2561 veritate

450 2599 637 2673 prima
664 2600 723 2655 in
752 2599 1062 2678 Scripturis
1090 2603 1261 2660 sacris
1289 2601 1664 2668 manifestata,
1693 2603 1788 2659 ille
1817 2621 1930 2659 non
1969 2602 2140 2659 habet
2173 2602 2428 2661 habitum
2467 2600 2637 2663 fidei:

450 2687 555 2753 sed
579 2716 649 2754 ea
676 2716 800 2769 quae
827 2710 959 2756 sunt
982 2699 1136 2767 fidei,
1164 2700 1275 2757 alio
1302 2699 1473 2757 modo
1503 2709 1674 2765 tenet,
1705 2692 1880 2771 quam'
1904 2718 2005 2777 per
2043 2698 2248 2757 fidem:
2289 2701 2438 2756 sicut
2461 2700 2514 2754 si
2547 2698 2644 2755 ali-

451 2796 581 2865 quis
622 2791 808 2851 t‘eneat
846 2807 1035 2855 mente
1076 2798 1321 2870 aliquam
1363 2798 1814 2865 conclusionem,
1842 2816 1959 2854 non
1997 2780 2351 2872 cognoscens
2387 2794 2641 2855 medium

450 2892 605 2949 illius
631 2876 1149 2963 demonstrationis,
1180 2896 1543 2953 manifestum
1571 2905 1659 2951 est
1683 2894 1836 2967 quod
1855 2913 1973 2953 non
1992 2895 2162 2952 habet
2177 2897 2303 2973 ejus
2323 2895 2640 2962 scientiam,

448 2990 551 3048 sed
580 2991 911 3063 opinionem
940 2994 1145 3050 solum.
1230 2993 1606 3051 Manifestum
1633 3002 1720 3049 est
1745 3003 1954 3061 autem,
1978 2993 2132 3065 quod
2158 2994 2252 3051 ille
2280 2994 2378 3065 qui
2403 2993 2644 3051 inhoeret

449 3088 715 3145 doctrinae
744 3088 1041 3157 Ecclesiae,
1072 3100 1357 3161 tamquam
1386 3090 1663 3149 infallibili
1688 3092 1920 3167 regulae,
1949 3092 2216 3150 omnibus
2251 3092 2486 3149 assentit
2511 3110 2637 3165 quae

446 3186 717 3243 Ecclesia
742 3185 939 3255 docet3
963 3189 1213 3261 alioquin
1241 3190 1292 3246 si
1320 3188 1389 3245 de
1418 3189 1508 3247 his
1530 3207 1656 3261 quae
1678 3189 1945 3260 Ecclesia
1963 3189 2149 3257 docet,
2169 3208 2296 3262 quae
2317 3191 2440 3247 vult
2460 3200 2630 3257 tenet,

447 3293 503 3341 et
528 3303 653 3357 quae
681 3304 797 3343 non
818 3286 959 3357 ¹vult,
990 3305 1104 3345 non
1134 3298 1305 3355 tenet,
1334 3307 1451 3347 non
1468 3285 1591 3365 jam
1614 3288 1850 3345 inhaeret
1868 3288 2150 3346 Ecclesiae
2171 3288 2463 3357 doctrinae,
2485 3290 2638 3347 sicut

447 3382 725 3441 infallibili
768 3368 1005 3461 regulae,
1055 3386 1160 3445 sed
1201 3388 1443 3463 propriae
1484 3386 1780 3443 voluntati.
1865 3387 1945 3443 Et
1989 3385 2072 3457 sic
2119 3388 2486 3445 manifestum
2533 3396 2638 3453 est,

448 3480 601 3552 quod
626 3480 946 3551 haereticus,
977 3485 1074 3553 qui
1113 3485 1475 3560 pertinaciter
1500 3483 1774 3541 discredit
1795 3503 1972 3541 unum
2015 3481 2310 3541 articulum
2339 3484 2493 3550 fidei,
2525 3503 2643 3543 non

448 3589 535 3635 est
576 3590 801 3653 paratus
844 3580 1009 3652 sequi
1050 3582 1109 3638 in
1151 3584 1417 3639 omnibus
1456 3580 1774 3639 doctrinam
1822 3580 2126 3639 Ecclesiae.
2209 3582 2279 3642 Si
2317 3583 2471 3638 enim
2525 3595 2646 3639 non

448 3677 829 3751 pertinaciter,
846 3680 969 3753 jam
998 3695 1114 3735 non
1140 3688 1229 3736 est
1250 3678 1586 3742 haereticus3
1627 3677 1729 3735 sed
1756 3678 1940 3737 solum
1969 3696 2182 3735 errans.
2267 3677 2437 3737 Unde
2465 3664 2643 3755 mani·

448 3772 659 3831 festum
695 3784 801 3842 est,
832 3772 989 3847 quod
1020 3775 1147 3831 talis
1188 3777 1483 3833 haereticus
1523 3777 1676 3834 circa
1711 3794 1890 3835 unum
1935 3774 2254 3841 articulum,
2299 3775 2472 3833 fidem
2523 3786 2644 3835 non

448 3870 616 3928 habet
639 3870 710 3928 de
739 3872 863 3931 aliis
890 3872 1162 3943 articulis,
1190 3873 1292 3933 sed
1330 3875 1664 3951 opinionem
1698 3873 1982 3955 quandam
2009 3872 2326 3933 secundum
2353 3876 2642 3950 propriam

453 3962 895 4028 voluntatem.''³

656 4130 740 4195 (1)
778 4132 827 4179 2.
850 4134 938 4179 2⁸2.
960 4146 1042 4193 qu.
1066 4130 1099 4179 i.
1122 4137 1207 4179 art.
1233 4131 1311 4179 vii.
1382 4132 1532 4197 Κεφ.
1861 4134 1949 4198 (2)
1990 4134 2137 4216 Matu-
2154 4134 2322 4183 xxviii.
2346 4138 2428 4184 20.
2485 4127 2489 4132 ’

1106 4216 1191 4281 (3)
1231 4219 1278 4265 2.
1300 4218 1387 4264 2ae.
1410 4230 1491 4279 qu.
1514 4232 1561 4264 v.
1585 4222 1670 4267 art.
1691 4216 1760 4267 iii.
1829 4217 1982 4287 Resp-
