3117 5217
787 608 900 669 DE
944 610 1049 669 IIS
1092 609 1292 676 QUAE
1336 608 1709 668 DOMINIO
1751 606 2269 669 SUBJACENT.
2554 610 2625 665 31

447 777 683 835 minium
711 776 932 835 nullum
960 779 1020 836 in
1047 778 1222 835 vitam
1249 787 1563 835 exercetur.
1651 778 1851 836 Potest
1868 777 2037 835 etiam
2066 777 2267 836 mortis
2288 793 2459 852 poena
2478 776 2631 852 plec-

446 885 562 933 tere
590 875 909 953 respublica
934 876 1324 942 facinorosos;
1367 875 1470 933 sed
1511 894 1581 933 ea
1625 878 1687 935 in
1725 895 1787 933 re
1826 876 2095 952 princeps
2134 893 2236 933 seu
2264 874 2625 951 magistratus

445 974 558 1031 Dei
583 973 842 1033 minister
885 984 990 1044 est,
1031 987 1091 1035 et
1133 975 1338 1033 divinae
1380 976 1660 1051 interpres
1699 975 2029 1043 voluntatis,
2073 992 2199 1047 quae
2238 992 2315 1032 ex
2354 974 2539 1049 poenis
2567 975 2627 1031 in

443 1074 620 1131 veteri
643 1074 770 1151 lege
798 1073 1062 1143 decretis,
1090 1084 1148 1133 et
1172 1093 1249 1133 ex
1274 1075 1402 1151 ipsa
1427 1076 1763 1133 necessitate
1804 1076 2109 1133 sceleratos
2138 1072 2439 1131 coercendi
2468 1074 2627 1132 colli-

443 1174 610 1249 gitur.
697 1173 832 1231 Hoc
859 1192 1142 1249 supremae
1181 1174 1478 1249 potestatis
1523 1174 1862 1231 exercitium
1904 1172 2367 1249 pseudo-politici
2395 1171 2625 1243 quidam

441 1271 868 1349 impugnarunt,
895 1272 1050 1331 haud
1075 1274 1214 1330 satis
1241 1272 1597 1330 advertentes
1618 1272 1955 1353 gravissima
1978 1272 2189 1349 flagitia
2215 1272 2313 1329 vix
2341 1271 2481 1328 alias
2507 1272 2627 1331 ullo

439 1388 612 1447 posse
662 1372 846 1429 limite
899 1364 1152 1429 arctari.¹
1249 1371 1537 1441 Equidem
1590 1370 1906 1447 optandum
1957 1381 2019 1430 ut
2066 1371 2359 1428 rarissime
2412 1380 2623 1429 tantam

446 1488 678 1546 poenam
705 1470 991 1547 irrogandi
1014 1478 1209 1546 urgeat
1235 1472 1566 1527 necessitas·
1653 1470 1797 1537 Quoe
1838 1482 2028 1528 autem
2067 1472 2337 1546 usurpata
2360 1479 2451 1527 est
2472 1488 2626 1546 saepe

447 1576 697 1644 potestas
725 1588 757 1624 a
783 1569 1072 1627 nonnullis
1099 1568 1451 1629 facinorosos
1476 1568 1775 1645 puniendi,
1818 1568 2015 1627 ordine
2048 1568 2197 1645 juris
2226 1570 2624 1645 praetermissO,

443 1677 500 1724 et
525 1668 743 1743 impetu
771 1666 1018 1740 quodam
1045 1668 1141 1725 irae
1169 1676 1226 1725 et
1243 1668 1526 1736 vindictae,
1549 1677 1638 1725 est
1656 1669 2025 1727 vehementer
2041 1666 2412 1743 reprobanda,
2436 1676 2626 1744 utpote

445 1776 642 1823 contra
686 1765 944 1825 divinum
993 1766 1267 1825 vetitum:
1311 1785 1436 1825 Nou
1463 1784 1753 1825 occlmss:
1798 1786 1924 1841 quae
1951 1776 2009 1825 et
2044 1776 2269 1843 pestem
2296 1766 2629 1839 clademque

445 1865 771 1942 reipublicae
799 1868 1064 1925 minatur.

521 1969 580 2021 9.
624 1964 780 2023 Inter
817 1966 1186 2042 jurisperitos
1230 1965 1607 2043 disceptatum
1660 1976 1749 2025 est
1797 1975 1987 2025 utrum
2039 1965 2217 2023 maria
2266 1974 2325 2024 et
2374 1983 2625 2024 oceanus

443 2062 700 2122 dominio
727 2064 966 2141 alicujus
992 2065 1290 2141 subjacere
1316 2066 1560 2141 possint.
1644 2066 1798 2124 Satis
1835 2066 1959 2143 jam
2002 2065 2360 2142 exploratum
2405 2064 2628 2123 videtur

445 2173 632 2239 partes
677 2163 850 2221 maris
891 2164 1202 2222 continenti
1247 2163 1513 2242 adjectas,
1560 2164 1811 2237 itemque
1858 2165 2020 2223 sinus
2072 2173 2130 2221 et
2178 2164 2323 2222 freta
2360 2166 2627 2239 occupari

445 2280 636 2335 posse,
685 2270 742 2318 et
785 2261 1040 2321 dominio
1091 2264 1278 2339 gentis
1319 2263 1556 2341 alicujus
1598 2264 1825 2339 subjici,
1880 2281 2059 2337 quum
2110 2264 2183 2321 ob
2226 2262 2627 2338 piscationem,

443 2364 638 2435 patriae
665 2359 1079 2430 defensionem,
1098 2372 1156 2419 et
1181 2362 1511 2420 commercii
1537 2363 1901 2421 securitatem
1927 2361 1987 2419 id
2013 2361 2303 2437 expediat.
2358 2359 2625 2419 Oceanus

443 2458 577 2517 vero
605 2468 664 2517 et
689 2460 862 2517 maria
887 2480 1096 2537 magna
1133 2461 1345 2519 nullius
1387 2461 1681 2537 subjacent
1722 2459 1999 2529 dominic,
2030 2478 2205 2533 quum
2246 2471 2532 2533 nequeant
2556 2462 2627 2519 ab

443 2557 560 2615 ulla
585 2566 752 2636 gente
779 2560 1064 2637 occupari,
1107 2568 1164 2616 et
1207 2578 1346 2617 usus
1391 2560 1508 2617 sint
1547 2559 1895 2625 inexhausti,
1936 2578 2053 2633 quo
2092 2558 2313 2617 scilicet
2349 2559 2627 2625 universi,

441 2657 656 2729 absque
683 2656 1035 2734 singulorum
1063 2657 1423 2723 detrimento,
1451 2656 1561 2714 frui
1590 2650 1869 2734 possint.²

527 2760 619 2815 10.
664 2755 829 2829 Bona
854 2776 980 2829 quae
1008 2756 1264 2815 dominio
1290 2756 1606 2833 subjacent,
1636 2774 1912 2831 corporea
1950 2763 2007 2812 et
2045 2754 2379 2831 incorporea
2419 2755 2627 2832 injure

445 2854 709 2914 Romano
751 2855 1208 2933 distinguuntur:
1273 2857 1372 2914 illa
1424 2856 1578 2932 tangi
1620 2864 1866 2932 possunt
1915 2866 1973 2912 et
2006 2853 2397 2930 apprehendi,
2453 2855 2627 2913 veluti

442 2954 668 3021 funduS‚
700 2955 898 3022 vestis,
930 2972 1164 3021 aurum3
1208 2954 1332 3013 haec
1368 2957 1521 3030 tangi
1564 2965 1873 3027 nequeunt,
1915 2953 2017 3011 sed
2060 2954 2252 3013 animo
2292 2955 2627 3033 concipiun-

445 3065 549 3120 tur,
592 3054 742 3111 sicut
785 3052 1106 3120 haereditas,
1158 3053 1505 3121 usufructus,
1550 3073 1711 3112 usus.
1797 3051 2146 3113 Immobilia
2197 3054 2461 3111 dicuntur
2502 3074 2631 3128 quae

443 3152 657 3210 scilicet
681 3152 814 3211 loco
841 3153 1060 3211 moveri
1087 3162 1396 3225 nequeunt,
1427 3172 1500 3209 v:
1544 3173 1614 3229 g:
1660 3171 1813 3229 ager,
1844 3153 2147 3211 aedificium
2172 3173 2187 3209 ε
2232 3172 2359 3226 quoe
2388 3154 2628 3231 Anglice

443 3249 705 3309 dicuntur
731 3250 962 3310 realia.-
991 3252 1221 3311 mobilia
1257 3270 1382 3323 quae
1425 3252 1713 3310 transferri
1759 3262 2002 3329 possunt
2042 3270 2074 3309 e
2120 3252 2251 3311 loco
2302 3253 2362 3311 in
2406 3254 2623 3320 locum,

515 3460 600 3525 (1)
645 3450 765 3509 Vide
789 3460 1081 3521 Muzzarelli,
1108 3462 1258 3511 Buon
1290 3460 1380 3511 Uso
1397 3458 1526 3511 della
1551 3460 1757 3528 Logica,
1781 3467 1831 3509 et
1855 3459 2088 3520 Carriere,
2113 3458 2171 3510 de
2190 3460 2407 3527 justitia
2431 3466 2479 3511 et
2484 3463 2630 3528 jure,

446 3543 538 3591 vol.
559 3543 611 3591 ii.
634 3559 684 3593 n.
709 3547 825 3593 764.

514 3629 598 3695 (2)
643 3626 771 3677 Vide
795 3628 1083 3679 Puffendorf
1100 3631 1172 3681 Le
1198 3630 1349 3681 Drot‘t
1371 3628 1429 3679 de
1453 3628 1503 3679 la
1528 3627 1721 3681 Nature
1744 3634 1791 3681 et
1824 3628 1907 3680 des
1936 3628 2087 3687 Gens,
2110 3628 2140 3675 l.
2164 3626 2227 3675 iv.
2250 3642 2292 3675 c.
2316 3642 2363 3673 v.
2398 3634 2447 3674 et
2479 3627 2632 3677 Bink-

437 3713 640 3763 eishoek
654 3749 668 3772 ,
690 3714 804 3762 diss.
832 3714 890 3765 de
913 3714 1100 3766 domin.
1125 3714 1296 3774 maris,
1321 3731 1466 3779 quem
1489 3715 1669 3764 laudat.
1729 3713 1941 3762 Kentius
1963 3712 2108 3761 dicit:
2148 3718 2178 3742 “
2194 3710 2463 3771 Navigable
2485 3712 2633 3761 rivers

449 3797 613 3846 which
635 3798 748 3847 flow
770 3800 982 3861 through
1005 3818 1034 3849 a
1056 3799 1286 3864 territory,
1310 3801 1407 3849 and
1427 3800 1510 3848 the
1527 3816 1611 3848 sea
1632 3805 1766 3847 coast
1805 3796 2053 3861 adjoining
2081 3795 2134 3853 it,
2157 3795 2255 3844 and
2275 3796 2361 3859 the
2379 3797 2631 3859 navigable

449 3888 622 3931 waters
643 3883 870 3933 included
892 3885 944 3933 in
979 3887 1112 3948 bays,
1136 3883 1232 3934 and
1266 3886 1483 3933 between
1517 3882 1783 3932 headlands
1804 3880 1902 3931 and
1925 3897 2052 3929 arms
2074 3880 2131 3929 of
2155 3881 2237 3930 the
2256 3897 2353 3941 sea,
2377 3884 2553 3945 belong
2576 3892 2624 3932 to

445 3967 527 4016 the
551 3969 801 4030 sovereign
823 3969 881 4018 of
903 3971 987 4019 the
1028 3970 1276 4035 adjoining
1313 3969 1544 4031 territory,
1583 3984 1636 4017 as
1670 3967 1817 4045 being
1837 3982 2087 4030 necessary
2112 3975 2163 4016 to
2184 3967 2267 4032 the
2290 3968 2442 4031 safety
2465 3969 2525 4020 of
2547 3969 2629 4017 the

443 4051 624 4108 natinn,
647 4052 744 4100 and
766 4060 817 4100 to
838 4054 922 4101 the
947 4052 1260 4102 undisturbed
1281 4067 1368 4100 use
1391 4051 1449 4099 of
1473 4051 1554 4100 the
1578 4050 1932 4112 neighbouring
1952 4050 2131 4100 shores.
2200 4048 2311 4098 The
2334 4066 2461 4115 open
2483 4068 2565 4100 sea
2589 4052 2631 4101 is

447 4141 535 4181 not
555 4138 748 4199 capable
771 4138 829 4185 of
853 4138 999 4199 being
1019 4137 1271 4201 possessed
1304 4152 1357 4184 as
1392 4136 1573 4199 private
1594 4143 1834 4200 property.
1902 4135 2014 4184 The
2036 4134 2132 4183 free
2172 4150 2260 4183 use
2293 4135 2351 4183 of
2376 4136 2458 4184 the
2480 4151 2631 4185 ocean
2692 4172 2697 4177 -

443 4217 518 4265 for
539 4220 816 4281 navigation
839 4221 936 4270 and
957 4221 1150 4282 fishing,
1173 4221 1216 4269 is
1241 4236 1466 4269 common
1488 4227 1538 4269 to
1560 4222 1625 4269 all
1644 4220 1892 4279 mankind,
1909 4218 2007 4268 and
2027 4220 2109 4267 the
2130 4218 2293 4282 public
2307 4218 2474 4283 jurists
2487 4234 2611 4279 gene

441 4300 562 4365 rally
589 4303 684 4352 and
706 4305 954 4369 explicitly
983 4306 1109 4369 deny
1133 4306 1237 4355 that
1259 4306 1340 4354 the
1363 4304 1496 4354 main
1514 4321 1665 4355 ocean
1688 4320 1780 4353 can
1798 4320 1909 4353 ever
1929 4305 1988 4352 be
2012 4299 2386 4367 appropriated.”
2456 4302 2631 4352 Kent’s

448 4386 644 4439 Comm.
665 4390 760 4438 vol.
783 4390 814 4439 i.
839 4405 886 4452 p.
911 4391 942 4439 i.
965 4391 1051 4440 lec.
1070 4391 1100 4439 i.
1121 4407 1169 4440 n.
1195 4394 1274 4439 26.
