<?xml version="1.0" encoding="UTF-8"?>
<!DOCTYPE html PUBLIC "-//W3C//DTD XHTML 1.0 Transitional//EN"
    "http://www.w3.org/TR/xhtml1/DTD/xhtml1-transitional.dtd">
<html xmlns="http://www.w3.org/1999/xhtml" xml:lang="en" lang="en">
 <head>
  <title>
</title>
<meta http-equiv="Content-Type" content="text/html;charset=utf-8" />
  <meta name='ocr-system' content='tesseract 3.04.00' />
  <meta name='ocr-capabilities' content='ocr_page ocr_carea ocr_par ocr_line ocrx_word'/>
</head>
<body>
  <div class='ocr_page' id='page_1' title='image "./theologiaemoral00unkngoog_0309.png"; bbox 0 0 3117 5217; ppageno 0'>
   <div class='ocr_carea' id='block_1_1' title="bbox 1189 584 2648 646">
    <p class='ocr_par' dir='ltr' id='par_1_1' title="bbox 1189 584 2648 646">
     <span class='ocr_line' id='line_1_1' title="bbox 1189 584 2648 646; baseline -0.001 -1"><span class='ocrx_word' id='word_1_1' title='bbox 1189 584 1475 645; x_wconf 84' lang='lat' dir='ltr'>CAPUT</span> <span class='ocrx_word' id='word_1_2' title='bbox 1514 585 1884 646; x_wconf 83' lang='lat' dir='ltr'><strong>UNIOUM.</strong></span> <span class='ocrx_word' id='word_1_3' title='bbox 2525 590 2648 645; x_wconf 79' lang='lat'><strong>295</strong></span> 
     </span>
    </p>
   </div>
   <div class='ocr_carea' id='block_1_2' title="bbox 436 750 2651 3985">
    <p class='ocr_par' dir='ltr' id='par_1_2' title="bbox 458 750 2645 1224">
     <span class='ocr_line' id='line_1_2' title="bbox 458 750 2643 830; baseline 0 -21"><span class='ocrx_word' id='word_1_4' title='bbox 458 750 699 810; x_wconf 88' lang='lat' dir='ltr'><strong>ricordia</strong></span> <span class='ocrx_word' id='word_1_5' title='bbox 718 759 777 809; x_wconf 88' lang='lat' dir='ltr'><strong>et</strong></span> <span class='ocrx_word' id='word_1_6' title='bbox 800 751 1035 827; x_wconf 85' lang='lat' dir='ltr'><strong>copiosa</strong></span> <span class='ocrx_word' id='word_1_7' title='bbox 1060 750 1280 811; x_wconf 75' lang='lat' dir='ltr'>Christi</span> <span class='ocrx_word' id='word_1_8' title='bbox 1306 752 1626 830; x_wconf 79' lang='lat' dir='ltr'><strong>redemptio</strong></span> <span class='ocrx_word' id='word_1_9' title='bbox 1652 752 2048 829; x_wconf 79' lang='lat' dir='ltr'><strong>praedicentur,</strong></span> <span class='ocrx_word' id='word_1_10' title='bbox 2071 761 2128 810; x_wconf 85' lang='lat' dir='ltr'><strong>et</strong></span> <span class='ocrx_word' id='word_1_11' title='bbox 2151 751 2416 827; x_wconf 87' lang='lat' dir='ltr'><strong>exempla</strong></span> <span class='ocrx_word' id='word_1_12' title='bbox 2438 768 2643 829; x_wconf 83' lang='lat' dir='ltr'><strong>propo·</strong></span> 
     </span>
     <span class='ocr_line' id='line_1_3' title="bbox 458 850 2642 931; baseline 0 -22"><span class='ocrx_word' id='word_1_13' title='bbox 458 859 663 909; x_wconf 87' lang='lat' dir='ltr'><strong>nantur</strong></span> <span class='ocrx_word' id='word_1_14' title='bbox 710 868 907 909; x_wconf 88' lang='lat' dir='ltr'><strong>eorum</strong></span> <span class='ocrx_word' id='word_1_15' title='bbox 958 853 1081 923; x_wconf 88' lang='lat' dir='ltr'><strong>qui,</strong></span> <span class='ocrx_word' id='word_1_16' title='bbox 1134 853 1598 931; x_wconf 83' lang='lat' dir='ltr'><strong>gravissimorum</strong></span> <span class='ocrx_word' id='word_1_17' title='bbox 1652 860 2010 928; x_wconf 89' lang='lat' dir='ltr'><strong>peccatorum</strong></span> <span class='ocrx_word' id='word_1_18' title='bbox 2075 853 2212 910; x_wconf 87' lang='lat' dir='ltr'><strong>licet</strong></span> <span class='ocrx_word' id='word_1_19' title='bbox 2259 851 2362 918; x_wconf 87' lang='lat' dir='ltr'><strong>rei,</strong></span> <span class='ocrx_word' id='word_1_20' title='bbox 2417 850 2642 911; x_wconf 78' lang='lat' dir='ltr'><strong>veniam</strong></span> 
     </span>
     <span class='ocr_line' id='line_1_4' title="bbox 460 948 2644 1026; baseline 0 -21"><span class='ocrx_word' id='word_1_21' title='bbox 460 948 785 1024; x_wconf 80' lang='lat' dir='ltr'><strong>poenitendo</strong></span> <span class='ocrx_word' id='word_1_22' title='bbox 810 952 1099 1009; x_wconf 83' lang='lat' dir='ltr'><strong>consecuti</strong></span> <span class='ocrx_word' id='word_1_23' title='bbox 1125 963 1278 1010; x_wconf 86' lang='lat' dir='ltr'><strong>sunt.</strong></span> <span class='ocrx_word' id='word_1_24' title='bbox 1363 952 1479 1019; x_wconf 86' lang='lat' dir='ltr'><strong>Qui</strong></span> <span class='ocrx_word' id='word_1_25' title='bbox 1500 952 1612 1009; x_wconf 86' lang='lat' dir='ltr'><strong>hac</strong></span> <span class='ocrx_word' id='word_1_26' title='bbox 1636 952 1894 1009; x_wconf 89' lang='lat' dir='ltr'><strong>laborant</strong></span> <span class='ocrx_word' id='word_1_27' title='bbox 1919 952 2220 1010; x_wconf 73' lang='lat' dir='ltr'><strong>tentatione</strong></span> <span class='ocrx_word' id='word_1_28' title='bbox 2246 951 2492 1026; x_wconf 80' lang='lat' dir='ltr'><strong>benig-ne</strong></span> <span class='ocrx_word' id='word_1_29' title='bbox 2519 968 2644 1007; x_wconf 86' lang='lat' dir='ltr'><strong>sus-</strong></span> 
     </span>
     <span class='ocr_line' id='line_1_5' title="bbox 458 1047 2645 1125; baseline 0.001 -21"><span class='ocrx_word' id='word_1_30' title='bbox 458 1047 711 1123; x_wconf 89' lang='lat' dir='ltr'><strong>cipiendi</strong></span> <span class='ocrx_word' id='word_1_31' title='bbox 738 1057 871 1106; x_wconf 88' lang='lat' dir='ltr'><strong>sunt</strong></span> <span class='ocrx_word' id='word_1_32' title='bbox 908 1068 943 1105; x_wconf 87' lang='lat' dir='ltr'><strong>a</strong></span> <span class='ocrx_word' id='word_1_33' title='bbox 974 1050 1344 1118; x_wconf 66' lang='lat' dir='ltr'><strong>confessa-ic,</strong></span> <span class='ocrx_word' id='word_1_34' title='bbox 1372 1060 1431 1108; x_wconf 86' lang='lat' dir='ltr'><strong>et</strong></span> <span class='ocrx_word' id='word_1_35' title='bbox 1465 1051 1626 1111; x_wconf 81' lang='lat' dir='ltr'><strong>omni</strong></span> <span class='ocrx_word' id='word_1_36' title='bbox 1663 1050 1852 1114; x_wconf 81' lang='lat' dir='ltr'><strong>studio</strong></span> <span class='ocrx_word' id='word_1_37' title='bbox 1890 1049 2214 1119; x_wconf 89' lang='lat' dir='ltr'><strong>inducendi,</strong></span> <span class='ocrx_word' id='word_1_38' title='bbox 2243 1060 2308 1107; x_wconf 84' lang='lat' dir='ltr'><strong>ut</strong></span> <span class='ocrx_word' id='word_1_39' title='bbox 2331 1059 2546 1125; x_wconf 89' lang='lat' dir='ltr'><strong>ponant</strong></span> <span class='ocrx_word' id='word_1_40' title='bbox 2583 1050 2645 1106; x_wconf 85' lang='lat' dir='ltr'><strong>in</strong></span> 
     </span>
     <span class='ocr_line' id='line_1_6' title="bbox 458 1144 2524 1224; baseline 0 -19"><span class='ocrx_word' id='word_1_41' title='bbox 458 1144 589 1205; x_wconf 89' lang='lat' dir='ltr'><strong>Deo</strong></span> <span class='ocrx_word' id='word_1_42' title='bbox 614 1166 780 1224; x_wconf 81' lang='lat' dir='ltr'><strong>spem</strong></span> <span class='ocrx_word' id='word_1_43' title='bbox 809 1165 993 1205; x_wconf 86' lang='lat' dir='ltr'><strong>suam.</strong></span> <span class='ocrx_word' id='word_1_44' title='bbox 2517 1162 2524 1169; x_wconf 83' lang='grc'><em>·</em></span> 
     </span>
    </p>

    <p class='ocr_par' dir='ltr' id='par_1_3' title="bbox 458 1244 2648 1718">
     <span class='ocr_line' id='line_1_7' title="bbox 535 1244 2643 1325; baseline -0.001 -20"><span class='ocrx_word' id='word_1_45' title='bbox 535 1249 637 1305; x_wconf 85' lang='grc'><strong>71.</strong></span> <span class='ocrx_word' id='word_1_46' title='bbox 680 1244 851 1304; x_wconf 68' lang='lat' dir='ltr'><strong>Falso</strong></span> <span class='ocrx_word' id='word_1_47' title='bbox 878 1248 1225 1305; x_wconf 80' lang='lat' dir='ltr'><strong>existi-mavit</strong></span> <span class='ocrx_word' id='word_1_48' title='bbox 1248 1248 1499 1323; x_wconf 86' lang='lat' dir='ltr'><strong>inclytus</strong></span> <span class='ocrx_word' id='word_1_49' title='bbox 1538 1248 2004 1325; x_wconf 76' lang='lat' dir='ltr'><strong>archiepiscopus</strong></span> <span class='ocrx_word' id='word_1_50' title='bbox 2045 1245 2504 1314; x_wconf 76' lang='lat' dir='ltr'><strong>Cameracensis,</strong></span> <span class='ocrx_word' id='word_1_51' title='bbox 2534 1245 2643 1303; x_wconf 87' lang='lat' dir='ltr'><strong>Fe-</strong></span> 
     </span>
     <span class='ocr_line' id='line_1_8' title="bbox 458 1343 2639 1423; baseline 0 -22"><span class='ocrx_word' id='word_1_52' title='bbox 458 1343 650 1411; x_wconf 91' lang='lat' dir='ltr'><strong>nelon,</strong></span> <span class='ocrx_word' id='word_1_53' title='bbox 674 1345 920 1403; x_wconf 87' lang='lat' dir='ltr'><strong>animam</strong></span> <span class='ocrx_word' id='word_1_54' title='bbox 944 1347 1002 1403; x_wconf 89' lang='lat' dir='ltr'><strong>in</strong></span> <span class='ocrx_word' id='word_1_55' title='bbox 1020 1348 1291 1404; x_wconf 76' lang='lat' dir='ltr'><strong>extremis</strong></span> <span class='ocrx_word' id='word_1_56' title='bbox 1312 1344 1648 1420; x_wconf 89' lang='lat' dir='ltr'><strong>quibusdam</strong></span> <span class='ocrx_word' id='word_1_57' title='bbox 1671 1348 2118 1423; x_wconf 87' lang='lat' dir='ltr'><strong>probationibus,</strong></span> <span class='ocrx_word' id='word_1_58' title='bbox 2139 1347 2296 1404; x_wconf 89' lang='lat' dir='ltr'><strong>omni</strong></span> <span class='ocrx_word' id='word_1_59' title='bbox 2323 1346 2518 1403; x_wconf 84' lang='lat' dir='ltr'><strong>salutis</strong></span> <span class='ocrx_word' id='word_1_60' title='bbox 2535 1362 2639 1419; x_wconf 88' lang='lat' dir='ltr'><strong>spe</strong></span> 
     </span>
     <span class='ocr_line' id='line_1_9' title="bbox 459 1442 2646 1523; baseline 0.001 -26"><span class='ocrx_word' id='word_1_61' title='bbox 459 1443 689 1508; x_wconf 86' lang='lat' dir='ltr'><strong>amissa,</strong></span> <span class='ocrx_word' id='word_1_62' title='bbox 717 1442 831 1501; x_wconf 87' lang='lat' dir='ltr'><strong>Dei</strong></span> <span class='ocrx_word' id='word_1_63' title='bbox 872 1444 1143 1502; x_wconf 87' lang='lat' dir='ltr'><strong>voluntati</strong></span> <span class='ocrx_word' id='word_1_64' title='bbox 1172 1446 1505 1523; x_wconf 81' lang='lat' dir='ltr'><strong>justissimae</strong></span> <span class='ocrx_word' id='word_1_65' title='bbox 1538 1445 1646 1502; x_wconf 89' lang='lat' dir='ltr'><strong>hac</strong></span> <span class='ocrx_word' id='word_1_66' title='bbox 1673 1444 1743 1502; x_wconf 93' lang='lat' dir='ltr'><strong>de</strong></span> <span class='ocrx_word' id='word_1_67' title='bbox 1765 1465 1826 1503; x_wconf 87' lang='lat' dir='ltr'><strong>re</strong></span> <span class='ocrx_word' id='word_1_68' title='bbox 1865 1447 2247 1518; x_wconf 83' lang='lat' dir='ltr'><strong>acquiescere,</strong></span> <span class='ocrx_word' id='word_1_69' title='bbox 2281 1443 2646 1520; x_wconf 83' lang='lat' dir='ltr'><strong>perfectionis</strong></span> 
     </span>
     <span class='ocr_line' id='line_1_10' title="bbox 461 1534 2648 1621; baseline 0.001 -26"><span class='ocrx_word' id='word_1_70' title='bbox 461 1534 797 1598; x_wconf 54' lang='lat' dir='ltr'><strong>exercitio?</strong></span> <span class='ocrx_word' id='word_1_71' title='bbox 836 1552 991 1600; x_wconf 91' lang='lat' dir='ltr'><strong>actus</strong></span> <span class='ocrx_word' id='word_1_72' title='bbox 1032 1545 1186 1601; x_wconf 89' lang='lat' dir='ltr'><strong>enim</strong></span> <span class='ocrx_word' id='word_1_73' title='bbox 1226 1542 1556 1621; x_wconf 87' lang='lat' dir='ltr'><strong>hujusmodi</strong></span> <span class='ocrx_word' id='word_1_74' title='bbox 1596 1563 1728 1602; x_wconf 89' lang='lat' dir='ltr'><strong>cum</strong></span> <span class='ocrx_word' id='word_1_75' title='bbox 1768 1546 1942 1603; x_wconf 87' lang='lat' dir='ltr'><strong>insito</strong></span> <span class='ocrx_word' id='word_1_76' title='bbox 1969 1542 2322 1601; x_wconf 83' lang='lat' dir='ltr'><strong>beatitudinis</strong></span> <span class='ocrx_word' id='word_1_77' title='bbox 2351 1560 2562 1609; x_wconf 88' lang='lat' dir='ltr'><strong>amore,</strong></span> <span class='ocrx_word' id='word_1_78' title='bbox 2591 1551 2648 1599; x_wconf 86' lang='lat' dir='ltr'><strong>et</strong></span> 
     </span>
     <span class='ocr_line' id='line_1_11' title="bbox 460 1638 2357 1718; baseline 0.002 -24"><span class='ocrx_word' id='word_1_79' title='bbox 460 1656 591 1695; x_wconf 91' lang='lat' dir='ltr'><strong>cum</strong></span> <span class='ocrx_word' id='word_1_80' title='bbox 620 1638 732 1696; x_wconf 91' lang='lat' dir='ltr'><strong>Dei</strong></span> <span class='ocrx_word' id='word_1_81' title='bbox 762 1640 1044 1698; x_wconf 88' lang='lat' dir='ltr'><strong>voluntate</strong></span> <span class='ocrx_word' id='word_1_82' title='bbox 1072 1641 1142 1699; x_wconf 90' lang='lat' dir='ltr'><strong>de</strong></span> <span class='ocrx_word' id='word_1_83' title='bbox 1168 1661 1273 1718; x_wconf 85' lang='lat' dir='ltr'><strong>spe</strong></span> <span class='ocrx_word' id='word_1_84' title='bbox 1300 1661 1527 1717; x_wconf 83' lang='lat' dir='ltr'><strong>semper</strong></span> <span class='ocrx_word' id='word_1_85' title='bbox 1552 1642 1816 1711; x_wconf 82' lang='lat' dir='ltr'><strong>fovenda,</strong></span> <span class='ocrx_word' id='word_1_86' title='bbox 1845 1642 2112 1718; x_wconf 88' lang='lat' dir='ltr'><strong>componi</strong></span> <span class='ocrx_word' id='word_1_87' title='bbox 2141 1642 2357 1713; x_wconf 87' lang='lat' dir='ltr'><strong>nequit.</strong></span> 
     </span>
    </p>

    <p class='ocr_par' dir='ltr' id='par_1_4' title="bbox 436 1738 2651 3673">
     <span class='ocr_line' id='line_1_12' title="bbox 542 1738 2646 1817; baseline 0 -23"><span class='ocrx_word' id='word_1_88' title='bbox 542 1742 640 1795; x_wconf 83' lang='lat'><strong>72.</strong></span> <span class='ocrx_word' id='word_1_89' title='bbox 685 1738 1064 1815; x_wconf 61' lang='lat' dir='ltr'><strong>Praesumptio</strong></span> <span class='ocrx_word' id='word_1_90' title='bbox 1091 1752 1180 1799; x_wconf 86' lang='lat' dir='ltr'><strong>est</strong></span> <span class='ocrx_word' id='word_1_91' title='bbox 1218 1741 1514 1799; x_wconf 89' lang='lat' dir='ltr'><strong>temeraria</strong></span> <span class='ocrx_word' id='word_1_92' title='bbox 1554 1744 1876 1817; x_wconf 83' lang='lat' dir='ltr'><strong>expectatio</strong></span> <span class='ocrx_word' id='word_1_93' title='bbox 1901 1741 2118 1806; x_wconf 84' lang='lat' dir='ltr'><strong>salutis,</strong></span> <span class='ocrx_word' id='word_1_94' title='bbox 2148 1740 2238 1797; x_wconf 83' lang='lat' dir='ltr'><strong>vel</strong></span> <span class='ocrx_word' id='word_1_95' title='bbox 2264 1738 2646 1795; x_wconf 77' lang='lat' dir='ltr'><strong>subsidiorum</strong></span> 
     </span>
     <span class='ocr_line' id='line_1_13' title="bbox 462 1836 2649 1917; baseline 0 -25"><span class='ocrx_word' id='word_1_96' title='bbox 462 1836 669 1905; x_wconf 86' lang='lat' dir='ltr'><strong>quibus</strong></span> <span class='ocrx_word' id='word_1_97' title='bbox 696 1848 1072 1913; x_wconf 87' lang='lat' dir='ltr'><strong>comparetur.</strong></span> <span class='ocrx_word' id='word_1_98' title='bbox 1157 1838 1505 1917; x_wconf 80' lang='lat' dir='ltr'><strong>Pelagiana</strong></span> <span class='ocrx_word' id='word_1_99' title='bbox 1531 1851 1781 1908; x_wconf 81' lang='lat' dir='ltr'><strong>vocatur,</strong></span> <span class='ocrx_word' id='word_1_100' title='bbox 1813 1859 1924 1912; x_wconf 89' lang='lat' dir='ltr'><strong>qua</strong></span> <span class='ocrx_word' id='word_1_101' title='bbox 1961 1840 2111 1911; x_wconf 89' lang='lat' dir='ltr'><strong>quis,</strong></span> <span class='ocrx_word' id='word_1_102' title='bbox 2141 1839 2260 1895; x_wconf 87' lang='lat' dir='ltr'><strong>suis</strong></span> <span class='ocrx_word' id='word_1_103' title='bbox 2301 1838 2513 1894; x_wconf 84' lang='lat' dir='ltr'><strong>viribus</strong></span> <span class='ocrx_word' id='word_1_104' title='bbox 2541 1836 2649 1893; x_wconf 83' lang='lat' dir='ltr'><strong>sre-</strong></span> 
     </span>
     <span class='ocr_line' id='line_1_14' title="bbox 464 1933 2648 2011; baseline 0 -22"><span class='ocrx_word' id='word_1_105' title='bbox 464 1941 573 2002; x_wconf 87' lang='lat' dir='ltr'><strong>tus,</strong></span> <span class='ocrx_word' id='word_1_106' title='bbox 602 1935 837 1993; x_wconf 87' lang='lat' dir='ltr'><strong>confidit</strong></span> <span class='ocrx_word' id='word_1_107' title='bbox 874 1954 935 1994; x_wconf 91' lang='lat' dir='ltr'><strong>se</strong></span> <span class='ocrx_word' id='word_1_108' title='bbox 976 1940 1215 1996; x_wconf 87' lang='lat' dir='ltr'><strong>salutem</strong></span> <span class='ocrx_word' id='word_1_109' title='bbox 1254 1947 1717 2005; x_wconf 87' lang='lat' dir='ltr'><strong>consecuturum,</strong></span> <span class='ocrx_word' id='word_1_110' title='bbox 1761 1940 1972 2011; x_wconf 82' lang='lat' dir='ltr'><strong>absque</strong></span> <span class='ocrx_word' id='word_1_111' title='bbox 2013 1937 2126 1995; x_wconf 89' lang='lat' dir='ltr'><strong>Dei</strong></span> <span class='ocrx_word' id='word_1_112' title='bbox 2161 1936 2393 1993; x_wconf 84' lang='lat' dir='ltr'><strong>auxilio.</strong></span> <span class='ocrx_word' id='word_1_113' title='bbox 2478 1933 2648 1991; x_wconf 90' lang='lat' dir='ltr'><strong>Hanc</strong></span> 
     </span>
     <span class='ocr_line' id='line_1_15' title="bbox 468 2030 2650 2114; baseline 0.001 -26"><span class='ocrx_word' id='word_1_114' title='bbox 468 2030 661 2091; x_wconf 81' lang='lat' dir='ltr'><strong>fovent</strong></span> <span class='ocrx_word' id='word_1_115' title='bbox 701 2037 983 2103; x_wconf 87' lang='lat' dir='ltr'><strong>nonnulli,</strong></span> <span class='ocrx_word' id='word_1_116' title='bbox 1032 2040 1149 2109; x_wconf 92' lang='lat' dir='ltr'><strong>qui,</strong></span> <span class='ocrx_word' id='word_1_117' title='bbox 1196 2038 1329 2095; x_wconf 89' lang='lat' dir='ltr'><strong>licet</strong></span> <span class='ocrx_word' id='word_1_118' title='bbox 1379 2037 1748 2114; x_wconf 87' lang='lat' dir='ltr'><strong>Pelagianam</strong></span> <span class='ocrx_word' id='word_1_119' title='bbox 1795 2038 2060 2095; x_wconf 83' lang='lat' dir='ltr'><strong>haeresim</strong></span> <span class='ocrx_word' id='word_1_120' title='bbox 2101 2054 2218 2095; x_wconf 89' lang='lat' dir='ltr'><strong>non</strong></span> <span class='ocrx_word' id='word_1_121' title='bbox 2262 2034 2650 2111; x_wconf 84' lang='lat' dir='ltr'><strong>profiteantur,</strong></span> 
     </span>
     <span class='ocr_line' id='line_1_16' title="bbox 460 2132 2651 2216; baseline -0 -28"><span class='ocrx_word' id='word_1_122' title='bbox 460 2132 573 2216; x_wconf 85' lang='lat' dir='ltr'><strong>sibi</strong></span> <span class='ocrx_word' id='word_1_123' title='bbox 600 2142 787 2191; x_wconf 90' lang='lat' dir='ltr'><strong>tamen</strong></span> <span class='ocrx_word' id='word_1_124' title='bbox 816 2132 887 2191; x_wconf 90' lang='lat' dir='ltr'><strong>de</strong></span> <span class='ocrx_word' id='word_1_125' title='bbox 912 2136 1125 2193; x_wconf 83' lang='lat' dir='ltr'><strong>viribus</strong></span> <span class='ocrx_word' id='word_1_126' title='bbox 1154 2137 1271 2193; x_wconf 86' lang='lat' dir='ltr'><strong>suis</strong></span> <span class='ocrx_word' id='word_1_127' title='bbox 1298 2147 1355 2194; x_wconf 88' lang='lat' dir='ltr'><strong>et</strong></span> <span class='ocrx_word' id='word_1_128' title='bbox 1380 2137 1595 2193; x_wconf 88' lang='lat' dir='ltr'><strong>meritis</strong></span> <span class='ocrx_word' id='word_1_129' title='bbox 1637 2135 2013 2194; x_wconf 88' lang='lat' dir='ltr'><strong>blandiuntur.</strong></span> <span class='ocrx_word' id='word_1_130' title='bbox 2104 2132 2470 2193; x_wconf 69' lang='lat' dir='ltr'><strong>calviniana</strong></span> <span class='ocrx_word' id='word_1_131' title='bbox 2502 2132 2651 2189; x_wconf 86' lang='lat' dir='ltr'><strong>dicta</strong></span> 
     </span>
     <span class='ocr_line' id='line_1_17' title="bbox 464 2231 2649 2310; baseline 0.001 -25"><span class='ocrx_word' id='word_1_132' title='bbox 464 2240 551 2285; x_wconf 82' lang='lat' dir='ltr'><strong>est</strong></span> <span class='ocrx_word' id='word_1_133' title='bbox 572 2231 669 2287; x_wconf 86' lang='lat' dir='ltr'><strong>illa</strong></span> <span class='ocrx_word' id='word_1_134' title='bbox 697 2233 872 2289; x_wconf 88' lang='lat' dir='ltr'><strong>nimia</strong></span> <span class='ocrx_word' id='word_1_135' title='bbox 898 2234 1095 2292; x_wconf 87' lang='lat' dir='ltr'><strong>salutis</strong></span> <span class='ocrx_word' id='word_1_136' title='bbox 1122 2234 1349 2303; x_wconf 87' lang='lat' dir='ltr'><strong>fiducia,</strong></span> <span class='ocrx_word' id='word_1_137' title='bbox 1381 2252 1492 2305; x_wconf 91' lang='lat' dir='ltr'><strong>qua</strong></span> <span class='ocrx_word' id='word_1_138' title='bbox 1529 2234 1659 2305; x_wconf 89' lang='lat' dir='ltr'><strong>quis</strong></span> <span class='ocrx_word' id='word_1_139' title='bbox 1699 2245 1852 2291; x_wconf 87' lang='lat' dir='ltr'><strong>certo</strong></span> <span class='ocrx_word' id='word_1_140' title='bbox 1891 2234 2001 2291; x_wconf 88' lang='lat' dir='ltr'><strong>sibi</strong></span> <span class='ocrx_word' id='word_1_141' title='bbox 2028 2232 2348 2310; x_wconf 79' lang='lat' dir='ltr'><strong>persuadet,</strong></span> <span class='ocrx_word' id='word_1_142' title='bbox 2377 2250 2440 2287; x_wconf 87' lang='lat' dir='ltr'><strong>se</strong></span> <span class='ocrx_word' id='word_1_143' title='bbox 2477 2249 2511 2287; x_wconf 89' lang='lat' dir='ltr'><strong>e</strong></span> <span class='ocrx_word' id='word_1_144' title='bbox 2546 2249 2649 2287; x_wconf 91' lang='lat' dir='ltr'><strong>nu·</strong></span> 
     </span>
     <span class='ocr_line' id='line_1_18' title="bbox 464 2330 2649 2410; baseline 0.001 -27"><span class='ocrx_word' id='word_1_145' title='bbox 464 2346 620 2385; x_wconf 90' lang='lat' dir='ltr'><strong>mero</strong></span> <span class='ocrx_word' id='word_1_146' title='bbox 648 2330 954 2389; x_wconf 88' lang='lat' dir='ltr'><strong>electorum</strong></span> <span class='ocrx_word' id='word_1_147' title='bbox 982 2350 1130 2401; x_wconf 85' lang='lat' dir='ltr'><strong>esse,</strong></span> <span class='ocrx_word' id='word_1_148' title='bbox 1159 2352 1267 2391; x_wconf 90' lang='lat' dir='ltr'><strong>nec</strong></span> <span class='ocrx_word' id='word_1_149' title='bbox 1293 2351 1465 2410; x_wconf 87' lang='lat' dir='ltr'><strong>posse</strong></span> <span class='ocrx_word' id='word_1_150' title='bbox 1487 2353 1519 2389; x_wconf 92' lang='lat' dir='ltr'><strong>a</strong></span> <span class='ocrx_word' id='word_1_151' title='bbox 1539 2333 1720 2391; x_wconf 89' lang='lat' dir='ltr'><strong>salute</strong></span> <span class='ocrx_word' id='word_1_152' title='bbox 1749 2333 2032 2391; x_wconf 87' lang='lat' dir='ltr'><strong>excidere.</strong></span> <span class='ocrx_word' id='word_1_153' title='bbox 2115 2331 2495 2405; x_wconf 77' lang='lat' dir='ltr'><strong>Praesumptio</strong></span> <span class='ocrx_word' id='word_1_154' title='bbox 2523 2347 2649 2400; x_wconf 81' lang='lat' dir='ltr'><strong>quae</strong></span> 
     </span>
     <span class='ocr_line' id='line_1_19' title="bbox 464 2425 2650 2507; baseline 0.001 -26"><span class='ocrx_word' id='word_1_155' title='bbox 464 2425 524 2482; x_wconf 89' lang='lat' dir='ltr'><strong>in</strong></span> <span class='ocrx_word' id='word_1_156' title='bbox 552 2426 841 2501; x_wconf 85' lang='lat' dir='ltr'><strong>plerisque</strong></span> <span class='ocrx_word' id='word_1_157' title='bbox 868 2432 1160 2505; x_wconf 86' lang='lat' dir='ltr'><strong>reperitur,</strong></span> <span class='ocrx_word' id='word_1_158' title='bbox 1190 2431 1301 2488; x_wconf 88' lang='lat' dir='ltr'><strong>fide</strong></span> <span class='ocrx_word' id='word_1_159' title='bbox 1330 2431 1503 2497; x_wconf 88' lang='lat' dir='ltr'><strong>salva,</strong></span> <span class='ocrx_word' id='word_1_160' title='bbox 1533 2442 1622 2488; x_wconf 87' lang='lat' dir='ltr'><strong>est</strong></span> <span class='ocrx_word' id='word_1_161' title='bbox 1648 2451 1851 2507; x_wconf 87' lang='lat' dir='ltr'><strong>magna</strong></span> <span class='ocrx_word' id='word_1_162' title='bbox 1877 2431 2072 2490; x_wconf 86' lang='lat' dir='ltr'><strong>salutis</strong></span> <span class='ocrx_word' id='word_1_163' title='bbox 2101 2428 2468 2501; x_wconf 78' lang='lat' dir='ltr'><strong>assequendae</strong></span> <span class='ocrx_word' id='word_1_164' title='bbox 2507 2426 2650 2484; x_wconf 87' lang='lat' dir='ltr'><strong>fidu-</strong></span> 
     </span>
     <span class='ocr_line' id='line_1_20' title="bbox 467 2508 2646 2605; baseline 0.001 -26"><span class='ocrx_word' id='word_1_165' title='bbox 467 2524 573 2591; x_wconf 87' lang='lat' dir='ltr'><strong>cia,</strong></span> <span class='ocrx_word' id='word_1_166' title='bbox 604 2527 872 2584; x_wconf 87' lang='lat' dir='ltr'><strong>virtutum</strong></span> <span class='ocrx_word' id='word_1_167' title='bbox 914 2530 1188 2588; x_wconf 86' lang='lat' dir='ltr'><strong>exercitio</strong></span> <span class='ocrx_word' id='word_1_168' title='bbox 1228 2530 1508 2605; x_wconf 76' lang='lat' dir='ltr'><strong>neglecto·</strong></span> <span class='ocrx_word' id='word_1_169' title='bbox 1593 2529 1693 2586; x_wconf 87' lang='lat' dir='ltr'><strong>Sic</strong></span> <span class='ocrx_word' id='word_1_170' title='bbox 1733 2530 1959 2604; x_wconf 90' lang='lat' dir='ltr'><strong>plurimi</strong></span> <span class='ocrx_word' id='word_1_171' title='bbox 1995 2530 2102 2585; x_wconf 86' lang='lat' dir='ltr'><strong>sibi</strong></span> <span class='ocrx_word' id='word_1_172' title='bbox 2143 2508 2481 2605; x_wconf 79' lang='lat' dir='ltr'><strong>pollicentur</strong></span> <span class='ocrx_word' id='word_1_173' title='bbox 2519 2527 2646 2582; x_wconf 86' lang='lat' dir='ltr'><strong>vitae</strong></span> 
     </span>
     <span class='ocr_line' id='line_1_21' title="bbox 466 2624 2648 2705; baseline 0 -26"><span class='ocrx_word' id='word_1_174' title='bbox 466 2624 919 2684; x_wconf 85' lang='lat' dir='ltr'><strong>emendationem</strong></span> <span class='ocrx_word' id='word_1_175' title='bbox 948 2638 1078 2703; x_wconf 84' lang='lat' dir='ltr'><strong>post</strong></span> <span class='ocrx_word' id='word_1_176' title='bbox 1102 2629 1377 2705; x_wconf 88' lang='lat' dir='ltr'><strong>plurimos</strong></span> <span class='ocrx_word' id='word_1_177' title='bbox 1405 2646 1603 2694; x_wconf 70' lang='lat' dir='ltr'><strong>annoe,</strong></span> <span class='ocrx_word' id='word_1_178' title='bbox 1633 2627 1723 2683; x_wconf 86' lang='lat' dir='ltr'><strong>vel</strong></span> <span class='ocrx_word' id='word_1_179' title='bbox 1763 2629 2154 2702; x_wconf 88' lang='lat' dir='ltr'><strong>poenitentiam</strong></span> <span class='ocrx_word' id='word_1_180' title='bbox 2196 2628 2254 2683; x_wconf 89' lang='lat' dir='ltr'><strong>in</strong></span> <span class='ocrx_word' id='word_1_181' title='bbox 2294 2626 2420 2682; x_wconf 87' lang='lat' dir='ltr'><strong>vitae</strong></span> <span class='ocrx_word' id='word_1_182' title='bbox 2457 2625 2648 2690; x_wconf 80' lang='lat' dir='ltr'><strong>exitu3</strong></span> 
     </span>
     <span class='ocr_line' id='line_1_22' title="bbox 466 2722 2650 2803; baseline 0 -26"><span class='ocrx_word' id='word_1_183' title='bbox 466 2730 523 2777; x_wconf 89' lang='lat' dir='ltr'><strong>et</strong></span> <span class='ocrx_word' id='word_1_184' title='bbox 558 2724 782 2781; x_wconf 89' lang='lat' dir='ltr'><strong>interim</strong></span> <span class='ocrx_word' id='word_1_185' title='bbox 822 2737 1067 2803; x_wconf 86' lang='lat' dir='ltr'><strong>pergunt</strong></span> <span class='ocrx_word' id='word_1_186' title='bbox 1104 2746 1166 2785; x_wconf 90' lang='lat' dir='ltr'><strong>se</strong></span> <span class='ocrx_word' id='word_1_187' title='bbox 1212 2726 1363 2784; x_wconf 84' lang='lat' dir='ltr'><strong>vitiis</strong></span> <span class='ocrx_word' id='word_1_188' title='bbox 1407 2727 1727 2797; x_wconf 87' lang='lat' dir='ltr'><strong>inquinare.</strong></span> <span class='ocrx_word' id='word_1_189' title='bbox 1815 2726 2266 2797; x_wconf 87' lang='lat' dir='ltr'><strong>Nonnumquam</strong></span> <span class='ocrx_word' id='word_1_190' title='bbox 2305 2723 2417 2780; x_wconf 90' lang='lat' dir='ltr'><strong>levi</strong></span> <span class='ocrx_word' id='word_1_191' title='bbox 2461 2722 2650 2793; x_wconf 88' lang='lat' dir='ltr'><strong>aliquo</strong></span> 
     </span>
     <span class='ocr_line' id='line_1_23' title="bbox 436 2819 2651 2902; baseline -0.002 -20"><span class='ocrx_word' id='word_1_192' title='bbox 436 2819 686 2895; x_wconf 76' lang='lat' dir='ltr'><strong>‚pietatis</strong></span> <span class='ocrx_word' id='word_1_193' title='bbox 730 2826 1001 2884; x_wconf 86' lang='lat' dir='ltr'><strong>exercitio</strong></span> <span class='ocrx_word' id='word_1_194' title='bbox 1042 2828 1313 2884; x_wconf 84' lang='lat' dir='ltr'><strong>nituntur.</strong></span> <span class='ocrx_word' id='word_1_195' title='bbox 1402 2826 1706 2883; x_wconf 87' lang='lat' dir='ltr'><strong>“Peccare</strong></span> <span class='ocrx_word' id='word_1_196' title='bbox 1747 2843 1878 2883; x_wconf 90' lang='lat' dir='ltr'><strong>cum</strong></span> <span class='ocrx_word' id='word_1_197' title='bbox 1918 2824 2212 2902; x_wconf 86' lang='lat' dir='ltr'><strong>proposito</strong></span> <span class='ocrx_word' id='word_1_198' title='bbox 2247 2820 2651 2900; x_wconf 89' lang='lat' dir='ltr'><strong>perseverandi</strong></span> 
     </span>
     <span class='ocr_line' id='line_1_24' title="bbox 464 2918 2650 3001; baseline 0.002 -28"><span class='ocrx_word' id='word_1_199' title='bbox 464 2918 524 2974; x_wconf 90' lang='lat' dir='ltr'><strong>in</strong></span> <span class='ocrx_word' id='word_1_200' title='bbox 551 2933 787 2993; x_wconf 87' lang='lat' dir='ltr'><strong>peccato</strong></span> <span class='ocrx_word' id='word_1_201' title='bbox 828 2924 931 2980; x_wconf 87' lang='lat' dir='ltr'><strong>sub</strong></span> <span class='ocrx_word' id='word_1_202' title='bbox 972 2944 1076 3000; x_wconf 89' lang='lat' dir='ltr'><strong>spe</strong></span> <span class='ocrx_word' id='word_1_203' title='bbox 1118 2927 1318 2992; x_wconf 73' lang='lat' dir='ltr'><strong>veniae,</strong></span> <span class='ocrx_word' id='word_1_204' title='bbox 1348 2923 1417 2985; x_wconf 88' lang='lat' dir='ltr'><strong>ad</strong></span> <span class='ocrx_word' id='word_1_205' title='bbox 1458 2924 1960 3001; x_wconf 66' lang='lat' dir='ltr'><strong>praesumptionem</strong></span> <span class='ocrx_word' id='word_1_206' title='bbox 2002 2924 2265 3000; x_wconf 85' lang='lat' dir='ltr'><strong>pertinet,</strong></span> <span class='ocrx_word' id='word_1_207' title='bbox 2303 2931 2359 2978; x_wconf 81' lang='lat' dir='ltr'><strong>et</strong></span> <span class='ocrx_word' id='word_1_208' title='bbox 2396 2920 2507 2978; x_wconf 91' lang='lat' dir='ltr'><strong>hoc</strong></span> <span class='ocrx_word' id='word_1_209' title='bbox 2535 2939 2650 2977; x_wconf 89' lang='lat' dir='ltr'><strong>non</strong></span> 
     </span>
     <span class='ocr_line' id='line_1_25' title="bbox 466 3014 2650 3100; baseline 0.003 -29"><span class='ocrx_word' id='word_1_210' title='bbox 466 3014 745 3088; x_wconf 86' lang='lat' dir='ltr'><strong>diminuit,</strong></span> <span class='ocrx_word' id='word_1_211' title='bbox 775 3021 875 3077; x_wconf 88' lang='lat' dir='ltr'><strong>sed</strong></span> <span class='ocrx_word' id='word_1_212' title='bbox 908 3034 1078 3100; x_wconf 88' lang='lat' dir='ltr'><strong>auget</strong></span> <span class='ocrx_word' id='word_1_213' title='bbox 1108 3033 1442 3100; x_wconf 81' lang='lat' dir='ltr'><strong>peccatum:</strong></span> <span class='ocrx_word' id='word_1_214' title='bbox 1488 3041 1724 3097; x_wconf 88' lang='lat' dir='ltr'><strong>peccare</strong></span> <span class='ocrx_word' id='word_1_215' title='bbox 1764 3033 1952 3080; x_wconf 78' lang='lat' dir='ltr'><strong>autem</strong></span> <span class='ocrx_word' id='word_1_216' title='bbox 1990 3022 2095 3079; x_wconf 86' lang='lat' dir='ltr'><strong>sub</strong></span> <span class='ocrx_word' id='word_1_217' title='bbox 2139 3040 2242 3097; x_wconf 88' lang='lat' dir='ltr'><strong>spe</strong></span> <span class='ocrx_word' id='word_1_218' title='bbox 2270 3020 2448 3077; x_wconf 87' lang='lat' dir='ltr'><strong>veniae</strong></span> <span class='ocrx_word' id='word_1_219' title='bbox 2477 3038 2650 3091; x_wconf 89' lang='lat' dir='ltr'><strong>quan-</strong></span> 
     </span>
     <span class='ocr_line' id='line_1_26' title="bbox 466 3112 2649 3197; baseline 0.001 -25"><span class='ocrx_word' id='word_1_220' title='bbox 466 3112 651 3188; x_wconf 89' lang='lat' dir='ltr'><strong>doque</strong></span> <span class='ocrx_word' id='word_1_221' title='bbox 678 3121 1077 3196; x_wconf 80' lang='lat' dir='ltr'><strong>percipiendae,</strong></span> <span class='ocrx_word' id='word_1_222' title='bbox 1106 3141 1235 3179; x_wconf 91' lang='lat' dir='ltr'><strong>cum</strong></span> <span class='ocrx_word' id='word_1_223' title='bbox 1266 3123 1557 3197; x_wconf 87' lang='lat' dir='ltr'><strong>proposito</strong></span> <span class='ocrx_word' id='word_1_224' title='bbox 1601 3121 1916 3181; x_wconf 85' lang='lat' dir='ltr'><strong>abstinendi</strong></span> <span class='ocrx_word' id='word_1_225' title='bbox 1944 3141 1976 3177; x_wconf 90' lang='lat' dir='ltr'><strong>a</strong></span> <span class='ocrx_word' id='word_1_226' title='bbox 2001 3130 2232 3197; x_wconf 83' lang='lat' dir='ltr'><strong>peccato</strong></span> <span class='ocrx_word' id='word_1_227' title='bbox 2259 3128 2314 3175; x_wconf 84' lang='lat' dir='ltr'><strong>et</strong></span> <span class='ocrx_word' id='word_1_228' title='bbox 2339 3117 2649 3195; x_wconf 88' lang='lat' dir='ltr'><strong>poenitendi</strong></span> 
     </span>
     <span class='ocr_line' id='line_1_27' title="bbox 464 3210 2647 3297; baseline 0.001 -26"><span class='ocrx_word' id='word_1_229' title='bbox 464 3210 535 3271; x_wconf 88' lang='lat' dir='ltr'><strong>de</strong></span> <span class='ocrx_word' id='word_1_230' title='bbox 564 3228 816 3290; x_wconf 87' lang='lat' dir='ltr'><strong>peccato,</strong></span> <span class='ocrx_word' id='word_1_231' title='bbox 847 3219 959 3278; x_wconf 89' lang='lat' dir='ltr'><strong>hoc</strong></span> <span class='ocrx_word' id='word_1_232' title='bbox 985 3240 1099 3279; x_wconf 91' lang='lat' dir='ltr'><strong>non</strong></span> <span class='ocrx_word' id='word_1_233' title='bbox 1128 3230 1215 3278; x_wconf 87' lang='lat' dir='ltr'><strong>est</strong></span> <span class='ocrx_word' id='word_1_234' title='bbox 1237 3222 1733 3297; x_wconf 76' lang='lat' dir='ltr'><strong>praesunxptionis;</strong></span> <span class='ocrx_word' id='word_1_235' title='bbox 1775 3220 1875 3279; x_wconf 86' lang='lat' dir='ltr'><strong>sed</strong></span> <span class='ocrx_word' id='word_1_236' title='bbox 1903 3220 2014 3278; x_wconf 91' lang='lat' dir='ltr'><strong>hoc</strong></span> <span class='ocrx_word' id='word_1_237' title='bbox 2042 3227 2335 3296; x_wconf 88' lang='lat' dir='ltr'><strong>peccatum</strong></span> <span class='ocrx_word' id='word_1_238' title='bbox 2362 3215 2647 3285; x_wconf 85' lang='lat' dir='ltr'><strong>diminuit,</strong></span> 
     </span>
     <span class='ocr_line' id='line_1_28' title="bbox 464 3315 2650 3393; baseline 0.001 -22"><span class='ocrx_word' id='word_1_239' title='bbox 464 3315 599 3385; x_wconf 86' lang='lat' dir='ltr'><strong>quia</strong></span> <span class='ocrx_word' id='word_1_240' title='bbox 623 3336 727 3392; x_wconf 89' lang='lat' dir='ltr'><strong>per</strong></span> <span class='ocrx_word' id='word_1_241' title='bbox 751 3318 861 3376; x_wconf 90' lang='lat' dir='ltr'><strong>hoc</strong></span> <span class='ocrx_word' id='word_1_242' title='bbox 889 3320 1108 3378; x_wconf 89' lang='lat' dir='ltr'><strong>videtur</strong></span> <span class='ocrx_word' id='word_1_243' title='bbox 1133 3320 1336 3377; x_wconf 88' lang='lat' dir='ltr'><strong>habere</strong></span> <span class='ocrx_word' id='word_1_244' title='bbox 1376 3321 1718 3377; x_wconf 87' lang='lat' dir='ltr'><strong>voluntatem</strong></span> <span class='ocrx_word' id='word_1_245' title='bbox 1759 3322 1949 3378; x_wconf 89' lang='lat' dir='ltr'><strong>minus</strong></span> <span class='ocrx_word' id='word_1_246' title='bbox 1988 3319 2262 3376; x_wconf 89' lang='lat' dir='ltr'><strong>firmatam</strong></span> <span class='ocrx_word' id='word_1_247' title='bbox 2305 3317 2374 3375; x_wconf 86' lang='lat' dir='ltr'><strong>ad</strong></span> <span class='ocrx_word' id='word_1_248' title='bbox 2416 3334 2650 3393; x_wconf 86' lang='lat' dir='ltr'><strong>peccan-</strong></span> 
     </span>
     <span class='ocr_line' id='line_1_29' title="bbox 464 3409 2650 3493; baseline -0.001 -21"><span class='ocrx_word' id='word_1_249' title='bbox 464 3409 696 3473; x_wconf 82' lang='lat' dir='ltr'><strong>dum.”2</strong></span> <span class='ocrx_word' id='word_1_250' title='bbox 775 3417 858 3475; x_wconf 87' lang='lat' dir='ltr'><strong>Ita</strong></span> <span class='ocrx_word' id='word_1_251' title='bbox 886 3416 949 3475; x_wconf 89' lang='lat' dir='ltr'><strong>S.</strong></span> <span class='ocrx_word' id='word_1_252' title='bbox 979 3420 1261 3477; x_wconf 78' lang='lat' dir='ltr'><strong>Thomas,</strong></span> <span class='ocrx_word' id='word_1_253' title='bbox 1348 3418 1593 3476; x_wconf 89' lang='lat' dir='ltr'><strong>Homini</strong></span> <span class='ocrx_word' id='word_1_254' title='bbox 1628 3418 2066 3493; x_wconf 80' lang='lat' dir='ltr'><strong>proesumptione</strong></span> <span class='ocrx_word' id='word_1_255' title='bbox 2103 3418 2252 3474; x_wconf 87' lang='lat' dir='ltr'><strong>elato</strong></span> <span class='ocrx_word' id='word_1_256' title='bbox 2279 3414 2650 3490; x_wconf 89' lang='lat' dir='ltr'><strong>proponenda</strong></span> 
     </span>
     <span class='ocr_line' id='line_1_30' title="bbox 462 3514 2647 3592; baseline 0 -23"><span class='ocrx_word' id='word_1_257' title='bbox 462 3524 595 3571; x_wconf 81' lang='lat' dir='ltr'><strong>sunt</strong></span> <span class='ocrx_word' id='word_1_258' title='bbox 618 3516 810 3574; x_wconf 89' lang='lat' dir='ltr'><strong>divina</strong></span> <span class='ocrx_word' id='word_1_259' title='bbox 828 3515 1064 3592; x_wconf 86' lang='lat' dir='ltr'><strong>judicia,</strong></span> <span class='ocrx_word' id='word_1_260' title='bbox 1086 3517 1506 3589; x_wconf 87' lang='lat' dir='ltr'><strong>dicendumque</strong></span> <span class='ocrx_word' id='word_1_261' title='bbox 1530 3536 1545 3572; x_wconf 76' lang='lat' dir='ltr'><strong><em>z</em></strong></span> <span class='ocrx_word' id='word_1_262' title='bbox 1605 3524 1644 3550; x_wconf 79' lang='lat'><strong>‘⁶</strong></span> <span class='ocrx_word' id='word_1_263' title='bbox 1664 3516 1759 3573; x_wconf 89' lang='lat' dir='ltr'><strong>Tu</strong></span> <span class='ocrx_word' id='word_1_264' title='bbox 1781 3516 1893 3573; x_wconf 89' lang='lat' dir='ltr'><strong>fide</strong></span> <span class='ocrx_word' id='word_1_265' title='bbox 1921 3524 2070 3571; x_wconf 85' lang='lat' dir='ltr'><strong>stas:</strong></span> <span class='ocrx_word' id='word_1_266' title='bbox 2101 3515 2220 3573; x_wconf 91' lang='lat' dir='ltr'><strong>noli</strong></span> <span class='ocrx_word' id='word_1_267' title='bbox 2239 3514 2410 3570; x_wconf 88' lang='lat' dir='ltr'><strong>altum</strong></span> <span class='ocrx_word' id='word_1_268' title='bbox 2427 3530 2647 3586; x_wconf 83' lang='lat' dir='ltr'><strong>sapere,</strong></span> 
     </span>
     <span class='ocr_line' id='line_1_31' title="bbox 469 3592 917 3673; baseline 0.009 -8"><span class='ocrx_word' id='word_1_269' title='bbox 469 3611 571 3667; x_wconf 84' lang='lat' dir='ltr'><strong>sed</strong></span> <span class='ocrx_word' id='word_1_270' title='bbox 598 3604 835 3673; x_wconf 83' lang='lat' dir='ltr'><strong>time.”·³</strong></span> <span class='ocrx_word' id='word_1_271' title='bbox 910 3592 917 3599; x_wconf 35' lang='lat'><strong><em>⁴</em></strong></span> 
     </span>
    </p>

    <p class='ocr_par' dir='ltr' id='par_1_5' title="bbox 466 3710 2648 3985">
     <span class='ocr_line' id='line_1_32' title="bbox 545 3710 2644 3786; baseline -0.003 -17"><span class='ocrx_word' id='word_1_272' title='bbox 545 3716 645 3769; x_wconf 87' lang='lat'><strong>73.</strong></span> <span class='ocrx_word' id='word_1_273' title='bbox 716 3710 969 3768; x_wconf 88' lang='lat' dir='ltr'><strong>Fenelon</strong></span> <span class='ocrx_word' id='word_1_274' title='bbox 1034 3712 1379 3768; x_wconf 83' lang='lat' dir='ltr'><strong>existimavit</strong></span> <span class='ocrx_word' id='word_1_275' title='bbox 1441 3711 1734 3769; x_wconf 89' lang='lat' dir='ltr'><strong>hominem</strong></span> <span class='ocrx_word' id='word_1_276' title='bbox 1788 3710 1857 3768; x_wconf 88' lang='lat' dir='ltr'><strong>ad</strong></span> <span class='ocrx_word' id='word_1_277' title='bbox 1912 3710 2312 3786; x_wconf 83' lang='lat' dir='ltr'><strong>perfectionem</strong></span> <span class='ocrx_word' id='word_1_278' title='bbox 2367 3717 2644 3776; x_wconf 85' lang='lat' dir='ltr'><strong>evectum,</strong></span> 
     </span>
     <span class='ocr_line' id='line_1_33' title="bbox 466 3807 2648 3885; baseline -0 -21"><span class='ocrx_word' id='word_1_279' title='bbox 466 3826 629 3885; x_wconf 85' lang='lat' dir='ltr'><strong>spem</strong></span> <span class='ocrx_word' id='word_1_280' title='bbox 659 3810 900 3883; x_wconf 89' lang='lat' dir='ltr'><strong>amplius</strong></span> <span class='ocrx_word' id='word_1_281' title='bbox 928 3830 1043 3868; x_wconf 89' lang='lat' dir='ltr'><strong>non</strong></span> <span class='ocrx_word' id='word_1_282' title='bbox 1072 3810 1262 3868; x_wconf 84' lang='lat' dir='ltr'><strong>fovere</strong></span> <span class='ocrx_word' id='word_1_283' title='bbox 1286 3829 1301 3876; x_wconf 91' lang='lat'>;</span> <span class='ocrx_word' id='word_1_284' title='bbox 1330 3808 1431 3867; x_wconf 87' lang='lat' dir='ltr'><strong>sed</strong></span> <span class='ocrx_word' id='word_1_285' title='bbox 1462 3810 1531 3865; x_wconf 90' lang='lat' dir='ltr'><strong>de</strong></span> <span class='ocrx_word' id='word_1_286' title='bbox 1557 3810 1902 3867; x_wconf 87' lang='lat' dir='ltr'><strong>beatitudine</strong></span> <span class='ocrx_word' id='word_1_287' title='bbox 1929 3819 1986 3866; x_wconf 87' lang='lat' dir='ltr'><strong>et</strong></span> <span class='ocrx_word' id='word_1_288' title='bbox 2022 3807 2382 3866; x_wconf 89' lang='lat' dir='ltr'><strong>damnatione</strong></span> <span class='ocrx_word' id='word_1_289' title='bbox 2413 3807 2648 3863; x_wconf 89' lang='lat' dir='ltr'><strong>minime</strong></span> 
     </span>
     <span class='ocr_line' id='line_1_34' title="bbox 468 3906 2647 3985; baseline -0.001 -19"><span class='ocrx_word' id='word_1_290' title='bbox 468 3910 776 3975; x_wconf 87' lang='lat' dir='ltr'><strong>solicitum,</strong></span> <span class='ocrx_word' id='word_1_291' title='bbox 824 3907 1013 3967; x_wconf 92' lang='lat' dir='ltr'><strong>Deum</strong></span> <span class='ocrx_word' id='word_1_292' title='bbox 1055 3910 1240 3967; x_wconf 86' lang='lat' dir='ltr'><strong>solum</strong></span> <span class='ocrx_word' id='word_1_293' title='bbox 1282 3910 1589 3985; x_wconf 88' lang='lat' dir='ltr'><strong>respicere,</strong></span> <span class='ocrx_word' id='word_1_294' title='bbox 1637 3919 1694 3965; x_wconf 88' lang='lat' dir='ltr'><strong>et</strong></span> <span class='ocrx_word' id='word_1_295' title='bbox 1732 3908 1965 3983; x_wconf 89' lang='lat' dir='ltr'><strong>diligere</strong></span> <span class='ocrx_word' id='word_1_296' title='bbox 2005 3917 2124 3966; x_wconf 89' lang='lat' dir='ltr'><strong>toto</strong></span> <span class='ocrx_word' id='word_1_297' title='bbox 2165 3907 2464 3964; x_wconf 85' lang='lat' dir='ltr'><strong>voluntatis</strong></span> <span class='ocrx_word' id='word_1_298' title='bbox 2497 3906 2647 3965; x_wconf 85' lang='lat' dir='ltr'><strong>nisu.</strong></span> 
     </span>
    </p>
   </div>
   <div class='ocr_carea' id='block_1_3' title="bbox 471 3998 2652 4085">
    <p class='ocr_par' dir='ltr' id='par_1_6' title="bbox 471 3998 2652 4085">
     <span class='ocr_line' id='line_1_35' title="bbox 471 3998 2652 4085; baseline -0.001 -20"><span class='ocrx_word' id='word_1_299' title='bbox 471 4008 755 4067; x_wconf 67' lang='lat' dir='ltr'><strong>Caeterum</strong></span> <span class='ocrx_word' id='word_1_300' title='bbox 784 4006 983 4065; x_wconf 65' lang='lat' dir='ltr'><strong>merito</strong></span> <span class='ocrx_word' id='word_1_301' title='bbox 1012 4009 1217 4085; x_wconf 85' lang='lat' dir='ltr'><strong>rejecta</strong></span> <span class='ocrx_word' id='word_1_302' title='bbox 1244 4018 1331 4064; x_wconf 85' lang='lat' dir='ltr'><strong>est</strong></span> <span class='ocrx_word' id='word_1_303' title='bbox 1357 4008 1477 4064; x_wconf 87' lang='lat' dir='ltr'><strong>hoec</strong></span> <span class='ocrx_word' id='word_1_304' title='bbox 1520 4008 1887 4082; x_wconf 81' lang='lat' dir='ltr'><strong>perfectionis</strong></span> <span class='ocrx_word' id='word_1_305' title='bbox 1928 4009 2083 4065; x_wconf 90' lang='lat' dir='ltr'><strong>notio</strong></span> <span class='ocrx_word' id='word_1_306' title='bbox 2101 3998 2150 4073; x_wconf 80' lang='lat'><strong>3⁴</strong></span> <span class='ocrx_word' id='word_1_307' title='bbox 2189 4026 2322 4064; x_wconf 91' lang='lat' dir='ltr'><strong>nam</strong></span> <span class='ocrx_word' id='word_1_308' title='bbox 2352 4008 2426 4064; x_wconf 91' lang='lat' dir='ltr'><strong>ita</strong></span> <span class='ocrx_word' id='word_1_309' title='bbox 2453 4025 2652 4063; x_wconf 89' lang='lat' dir='ltr'><strong>sumus</strong></span> 
     </span>
    </p>
   </div>
   <div class='ocr_carea' id='block_1_4' title="bbox 467 4228 2652 4553">
    <p class='ocr_par' dir='ltr' id='par_1_7' title="bbox 542 4228 2384 4300">
     <span class='ocr_line' id='line_1_36' title="bbox 542 4228 2384 4300; baseline -0.002 -19"><span class='ocrx_word' id='word_1_310' title='bbox 542 4236 628 4300; x_wconf 83' lang='lat'><strong>(1)</strong></span> <span class='ocrx_word' id='word_1_311' title='bbox 668 4233 811 4296; x_wconf 90' lang='lat' dir='ltr'><strong>Prop.</strong></span> <span class='ocrx_word' id='word_1_312' title='bbox 830 4232 898 4281; x_wconf 88' lang='lat' dir='ltr'><strong>ix.</strong></span> <span class='ocrx_word' id='word_1_313' title='bbox 920 4246 971 4280; x_wconf 85' lang='lat' dir='ltr'><strong>x.</strong></span> <span class='ocrx_word' id='word_1_314' title='bbox 993 4231 1061 4279; x_wconf 86' lang='lat' dir='ltr'><strong>xi.</strong></span> <span class='ocrx_word' id='word_1_315' title='bbox 1083 4231 1169 4280; x_wconf 83' lang='lat' dir='ltr'><strong>xii.</strong></span> <span class='ocrx_word' id='word_1_316' title='bbox 1580 4234 1664 4298; x_wconf 78' lang='lat'><strong>(2)</strong></span> <span class='ocrx_word' id='word_1_317' title='bbox 1705 4234 1754 4280; x_wconf 81' lang='lat'><strong>2.</strong></span> <span class='ocrx_word' id='word_1_318' title='bbox 1777 4235 1826 4280; x_wconf 81' lang='lat'><strong>2.</strong></span> <span class='ocrx_word' id='word_1_319' title='bbox 1849 4248 1931 4295; x_wconf 89' lang='lat' dir='ltr'><strong>qu.</strong></span> <span class='ocrx_word' id='word_1_320' title='bbox 1951 4230 2056 4283; x_wconf 83' lang='lat' dir='ltr'><strong>xxi.</strong></span> <span class='ocrx_word' id='word_1_321' title='bbox 2079 4246 2122 4280; x_wconf 77' lang='grc' dir='ltr'><strong>α.</strong></span> <span class='ocrx_word' id='word_1_322' title='bbox 2143 4230 2194 4279; x_wconf 85' lang='lat' dir='ltr'><strong>ii.</strong></span> <span class='ocrx_word' id='word_1_323' title='bbox 2218 4230 2294 4279; x_wconf 79' lang='lat' dir='ltr'><strong>ad.</strong></span> <span class='ocrx_word' id='word_1_324' title='bbox 2315 4228 2384 4279; x_wconf 79' lang='lat' dir='ltr'><strong>iii.</strong></span> 
     </span>
    </p>

    <p class='ocr_par' dir='ltr' id='par_1_8' title="bbox 545 4316 1006 4383">
     <span class='ocr_line' id='line_1_37' title="bbox 545 4316 1006 4383; baseline -0.004 -18"><span class='ocrx_word' id='word_1_325' title='bbox 545 4320 630 4383; x_wconf 83' lang='lat'><strong>(3)</strong></span> <span class='ocrx_word' id='word_1_326' title='bbox 670 4317 811 4365; x_wconf 87' lang='lat' dir='ltr'><strong>Rom.</strong></span> <span class='ocrx_word' id='word_1_327' title='bbox 834 4316 901 4363; x_wconf 86' lang='lat' dir='ltr'><strong>xi.</strong></span> <span class='ocrx_word' id='word_1_328' title='bbox 924 4318 1006 4364; x_wconf 81' lang='lat'><strong>20.</strong></span> 
     </span>
    </p>

    <p class='ocr_par' dir='ltr' id='par_1_9' title="bbox 467 4396 2652 4553">
     <span class='ocr_line' id='line_1_38' title="bbox 543 4396 2652 4469; baseline -0.003 -18"><span class='ocrx_word' id='word_1_329' title='bbox 543 4406 627 4469; x_wconf 87' lang='grc'><strong>(4)</strong></span> <span class='ocrx_word' id='word_1_330' title='bbox 677 4400 793 4451; x_wconf 84' lang='lat' dir='ltr'><strong>Vide</strong></span> <span class='ocrx_word' id='word_1_331' title='bbox 816 4402 879 4449; x_wconf 78' lang='lat'><strong>23</strong></span> <span class='ocrx_word' id='word_1_332' title='bbox 894 4400 1259 4468; x_wconf 74' lang='lat' dir='ltr'><strong>propositiones</strong></span> <span class='ocrx_word' id='word_1_333' title='bbox 1281 4398 1549 4451; x_wconf 78' lang='lat' dir='ltr'><strong>damnatas</strong></span> <span class='ocrx_word' id='word_1_334' title='bbox 1573 4417 1652 4449; x_wconf 87' lang='lat' dir='ltr'><strong>an.</strong></span> <span class='ocrx_word' id='word_1_335' title='bbox 1681 4403 1826 4449; x_wconf 85' lang='lat'>1699.</span> <span class='ocrx_word' id='word_1_336' title='bbox 1847 4399 1912 4452; x_wconf 82' lang='lat' dir='ltr'><strong>ab</strong></span> <span class='ocrx_word' id='word_1_337' title='bbox 1931 4400 2098 4451; x_wconf 86' lang='lat' dir='ltr'><strong>Innoc.</strong></span> <span class='ocrx_word' id='word_1_338' title='bbox 2121 4399 2246 4450; x_wconf 88' lang='lat' dir='ltr'><strong><em>XII.</em></strong></span> <span class='ocrx_word' id='word_1_339' title='bbox 2269 4396 2427 4449; x_wconf 79' lang='lat' dir='ltr'><strong>Bulla</strong></span> <span class='ocrx_word' id='word_1_340' title='bbox 2448 4413 2561 4463; x_wconf 79' lang='lat' dir='ltr'><strong>quae</strong></span> <span class='ocrx_word' id='word_1_341' title='bbox 2575 4396 2652 4445; x_wconf 81' lang='lat' dir='ltr'><strong>in-</strong></span> 
     </span>
     <span class='ocr_line' id='line_1_39' title="bbox 467 4482 1673 4553; baseline -0.003 -16"><span class='ocrx_word' id='word_1_342' title='bbox 467 4486 589 4553; x_wconf 81' lang='lat' dir='ltr'><strong>cipit</strong></span> <span class='ocrx_word' id='word_1_343' title='bbox 608 4509 626 4535; x_wconf 91' lang='grc'><strong>.·</strong></span> <span class='ocrx_word' id='word_1_344' title='bbox 672 4486 808 4535; x_wconf 84' lang='lat' dir='ltr'><strong>Cum</strong></span> <span class='ocrx_word' id='word_1_345' title='bbox 830 4484 902 4535; x_wconf 83' lang='lat' dir='ltr'><strong>ad</strong></span> <span class='ocrx_word' id='word_1_346' title='bbox 920 4482 1227 4553; x_wconf 70' lang='lat' dir='ltr'><strong>apostolatus</strong></span> <span class='ocrx_word' id='word_1_347' title='bbox 1248 4482 1408 4535; x_wconf 69' lang='lat' dir='ltr'><strong>nostri</strong></span> <span class='ocrx_word' id='word_1_348' title='bbox 1421 4484 1673 4537; x_wconf 80' lang='lat' dir='ltr'><strong>notitiam.</strong></span> 
     </span>
    </p>
   </div>
  </div>
 </body>
</html>
