3117 5217
1280 582 1391 641 DE
1436 581 1796 641 INJURIA.
2555 583 2633 640 89

446 747 564 804 bita
596 748 654 804 in
694 746 913 806 domini
948 746 1383 807 detrimentum:
1426 749 1518 806 vel
1558 750 1728 807 etiam
1767 749 1824 806 in
1853 747 2252 806 detrimentum
2293 765 2492 804 eorum
2531 751 2632 821 qui

445 844 651 902 litteras
696 847 1065 922 scripserunt,
1111 847 1347 906 domino
1392 847 1634 906 fidentes
1683 866 1754 905 ne
1807 847 1932 904 aliis
1985 846 2426 905 innotescerent.
2513 847 2629 913 Qui

444 942 595 1019 apud
634 946 1044 1004 nummularios
1084 956 1395 1015 versantur,
1439 966 1551 1004 non
1595 957 1840 1024 possunt
1873 965 1989 1002 suae
2027 946 2252 1003 studere
2285 946 2510 1004 utilitati
2554 965 2630 1004 ex

442 1043 637 1100 notitia
662 1044 771 1102 sibi
798 1048 1239 1113 communicata,
1268 1047 1319 1102 si
1358 1046 1631 1104 damnum
1660 1046 1908 1106 dominis
1949 1045 2081 1103 inde
2121 1046 2418 1104 obveniat:
2461 1062 2628 1102 secus

440 1142 491 1198 si
518 1141 737 1200 nullum
766 1143 901 1201 inde
928 1145 1303 1203 obventurum
1332 1147 1404 1202 sit
1429 1144 1683 1203 dominis
1709 1145 2001 1202 damnum.

524 1243 657 1298 113.
702 1242 819 1308 Qui
852 1243 1099 1316 aliquem
1140 1245 1341 1301 avertit
1364 1264 1397 1300 a
1422 1245 1698 1320 religione
1742 1245 1816 1309 vi,
1850 1245 2044 1310 minis,
2075 1241 2288 1308 fraude,
2311 1263 2383 1300 ne
2411 1243 2628 1302 divitioe

438 1340 567 1414 ejus
594 1338 799 1398 dentur
826 1343 1191 1409 monasterio,
1222 1343 1485 1418 injuriam
1528 1343 1680 1411 facit,
1711 1361 1886 1415 quum
1921 1343 2020 1419 jus
2059 1343 2134 1397 sit
2171 1344 2516 1400 monasterio
2557 1361 2628 1399 ne

438 1439 571 1508 quis
598 1437 671 1495 iis
698 1440 1009 1498 rationibus
1038 1440 1311 1516 impediat
1336 1442 1461 1518 ejus
1489 1441 1792 1499 utilitates:
1835 1435 2002 1498 secus
2043 1441 2094 1496 si
2119 1441 2386 1499 suasione
2413 1450 2472 1498 et
2493 1460 2628 1498 con·

442 1535 591 1594 siliis
618 1537 803 1594 obstet
828 1537 1108 1614 ingressui
1133 1540 1374 1616 alicujus
1402 1540 1461 1598 in
1502 1541 1912 1598 monasterium
1935 1559 1950 1606 ;
1981 1556 2112 1596 nam
2141 1557 2318 1610 quum
2349 1551 2629 1597 monaste-

440 1634 589 1690 rium
628 1637 731 1711 jus
770 1655 887 1695 non
924 1637 1125 1695 habeat
1170 1638 1239 1696 ad
1278 1638 1505 1697 divitias
1534 1639 1626 1697 vel
1663 1639 1910 1696 laborem
1951 1637 2214 1714 alicujus,
2237 1647 2366 1696 ante
2391 1641 2518 1716 ejus
2546 1641 2628 1697 in·

440 1751 726 1808 gressum,
758 1734 859 1810 jus
885 1737 1105 1794 nullum
1136 1737 1393 1794 violatur.
1476 1736 1640 1795 Idem
1669 1736 1974 1796 dicendum
2013 1735 2272 1812 pluribus
2299 1735 2520 1794 videtur
2556 1738 2628 1795 de

440 1830 714 1890 suadente
740 1833 909 1892 alicui
938 1845 1001 1893 ut
1023 1835 1248 1893 deserat
1272 1837 1680 1894 monasterium
1706 1857 1721 1893 :
1751 1855 1883 1894 nam
1901 1837 2000 1912 jus
2027 1853 2142 1893 non
2177 1835 2348 1894 habet
2371 1838 2630 1894 strictum

440 1929 511 1986 ad
536 1930 694 1988 lucra
708 1951 794 1990 ex
822 1935 1203 1993 membrorum
1244 1953 1438 2010 opera,
1468 1934 1559 1992 vel
1601 1935 1736 1992 alias
1783 1933 2111 2002 derivanda,
2141 1953 2320 2008 quum
2359 1936 2628 1994 monachi

438 2048 556 2088 non
582 2031 697 2090 sint
720 2033 911 2090 servi:
941 2035 1261 2111 praecipuus
1289 2035 1505 2110 quippe
1534 2035 1920 2093 institutomm
1947 2034 2080 2092 finis
2107 2043 2196 2090 est
2219 2035 2420 2092 animae
2447 2037 2622 2103 salus,

436 2138 495 2184 et
520 2123 849 2204 perfectio.²

522 2231 653 2286 114.
697 2230 809 2295 Qui
852 2229 1025 2288 alium
1070 2231 1187 2288 ulla
1226 2233 1441 2288 ratione
1487 2230 1730 2307 impedit
1767 2249 1842 2289 ne
1876 2232 2091 2290 bonum
2131 2243 2510 2303 consequatur
2553 2232 2626 2290 ad

444 2327 603 2397 quod
623 2329 719 2404 jus
747 2329 1001 2387 strictum
1028 2329 1215 2397 habet,
1234 2348 1365 2387 reus
1392 2339 1480 2386 est
1502 2330 1744 2406 injuriae,
1767 2349 1939 2414 quam
1965 2348 2226 2404 reparare
2251 2328 2438 2388 debet.
2525 2331 2626 2390 Sic

442 2425 763 2500 impediens
790 2446 865 2486 ne
892 2427 1069 2487 homo
1108 2428 1180 2486 ad
1216 2447 1423 2487 munus
1463 2428 1754 2501 quoddam
1783 2449 1814 2486 a
1839 2427 2081 2505 praeside
2119 2428 2448 2505 designatus
2490 2429 2628 2487 illud

438 2535 723 2593 exerceat,
752 2526 875 2602 ejus
903 2528 1003 2604 jus
1032 2528 1224 2593 violat,
1252 2515 1421 2599 eique
1462 2527 1630 2584 debet
1653 2527 1999 2594 satisfacere,
2029 2528 2290 2602 pecunia,
2318 2547 2424 2603 pro
2463 2547 2626 2600 aequa

340 2621 349 2632 ‘
438 2624 693 2682 muneris
738 2625 1129 2692 aestimatione,
1182 2626 1403 2684 tributa.
1487 2623 1659 2690 Quod
1715 2625 1764 2680 si
1815 2623 2121 2700 impeditus
2174 2624 2328 2682 aliud
2379 2627 2626 2684 obtineat

434 2731 665 2790 munuS,
694 2741 767 2780 ex
796 2742 909 2795 quo
936 2724 1154 2782 lucrum
1182 2726 1235 2781 ei
1263 2724 1565 2800 contingit,
1595 2724 1724 2800 ejus
1753 2723 1898 2780 ratio
1923 2721 2183 2780 habenda
2203 2723 2311 2780 erit
2337 2725 2396 2780 in
2415 2723 2624 2782 damno

434 2821 788 2880 aestimando.
846 2823 997 2898 Spes
1024 2837 1213 2882 autem
1246 2823 1495 2880 muneris
1522 2823 1693 2883 etiam
1721 2820 1874 2879 certo
1904 2821 2264 2898 impetrandi,
2282 2823 2382 2899 jus
2409 2823 2628 2881 scilieet

436 2919 507 2976 ad
532 2939 677 2987 rem,
704 2940 823 2978 non
852 2923 988 2979 tanti
1012 2923 1095 2989 fit,
1127 2923 1321 2993 quanti
1348 2922 1539 2997 ipsum
1567 2940 1800 2988 munus,
1831 2939 1932 2978 seu
1964 2921 2062 2996 jus
2090 2921 2150 2978 in
2189 2939 2269 2979 re.
2356 2930 2397 2958 ‘⁶
2419 2922 2486 2980 Si
2519 2923 2623 2980 im·

435 3019 651 3094 pedit‚’'
694 3020 883 3092 inquit
922 3021 985 3078 S.
1032 3021 1311 3086 Thomas,
1356 3027 1487 3078 “ne
1527 3020 1832 3096 praebenda
1881 3020 2048 3078 detur
2083 3019 2276 3096 digno,
2317 3022 2620 3084 consulens

432 3117 584 3188 quod
602 3138 718 3177 non
738 3119 905 3176 detur
930 3129 1230 3191 antequam
1258 3119 1333 3176 sit
1349 3119 1636 3177 firmatum
1659 3118 1812 3192 quod
1838 3119 1893 3176 ei
1919 3118 2116 3186 detur:
2141 3130 2360 3177 tenetur
2385 3121 2620 3192 quidem

440 3215 511 3273 ad
534 3217 781 3291 aliquam
810 3218 1419 3294 recompensationem,
1449 3219 1701 3294 pensatis
1728 3218 2152 3277 conditionibus
2172 3237 2544 3294 personarum
2566 3235 2623 3281 et

434 3319 647 3390 negotii
676 3316 997 3375 secundum
1024 3318 1312 3375 arbitrium
1340 3319 1647 3392 sapientis3
1676 3335 1792 3375 non
1818 3327 2006 3376 tamen
2035 3328 2254 3376 tenetur
2281 3317 2351 3376 ad
2377 3321 2616 3393 aequale,

430 3414 568 3485 quia
590 3416 747 3474 illam
774 3416 1029 3474 nondum
1059 3416 1241 3474 suerat
1264 3416 1525 3492 adeptus,
1544 3426 1604 3498 et
1618 3425 1836 3493 poterat
1851 3418 2242 3494 multipliciter
2259 3417 2618 3493 impediri.”²

431 3511 719 3571 Caeterum
746 3516 794 3572 si
825 3517 955 3587 quis
984 3514 1218 3572 suadeat
1256 3515 1416 3572 alteri
1454 3525 1517 3573 ut
1557 3517 1782 3573 muneri
1822 3517 2124 3582 renuntiet,
2154 3523 2356 3591 'sponte
2385 3516 2616 3588 quidem

428 3630 553 3678 sua,
582 3631 697 3670 non
716 3614 781 3671 fit
805 3615 1031 3690 injuria,
1060 3622 1253 3690 utpote
1292 3615 1495 3674 scienti
1536 3625 1596 3672 et
1633 3616 2032 3680 consentienti,
2052 3615 2195 3671 'licet
2233 3624 2428 3669 contra
2453 3631 2616 3670 suam

434 3704 788 3768 utilitatem.²

514 3812 646 3867 115.
690 3811 807 3877 Qui
834 3810 1073 3886 impedit
1096 3829 1169 3868 ne
1195 3811 1339 3870 alius
1364 3819 1746 3883 consequatur
1771 3825 1982 3866 munus
2009 3827 2122 3881 quo
2149 3808 2318 3883 plane
2344 3809 2613 3886 indignus

432 3917 537 3972 est,
568 3909 779 3966 nullam
808 3911 861 3967 ei
889 3908 1025 3967 facit
1048 3910 1337 3987 injuriam,
1369 3910 1502 3981 quia
1528 3909 1628 3984 jus
1657 3926 1830 3966 nemo
1858 3906 2026 3964 habet
2049 3907 2120 3965 ad
2145 3909 2616 3982 consequendum

438 4023 641 4063 munus
694 4009 786 4065 cui
829 4026 945 4066 non
986 4017 1074 4066 est
1111 4008 1383 4066 idoneus:
1429 4005 1531 4063 sed
1578 4007 1628 4062 si
1658 4007 1779 4082 jam
1820 4007 2222 4084 impetraverit,
2271 4008 2489 4066 videtur
2516 4011 2614 4086 jus

430 4105 555 4179 ejus
583 4107 801 4173 violari,
829 4107 878 4164 si
905 4107 1249 4183 impediatur
1273 4123 1344 4163 ne
1372 4124 1584 4163 munus
1611 4117 1893 4164 exerceat.
1962 4106 2250 4165 Caeterum
2279 4126 2395 4165 non
2421 4118 2618 4184 peccat

500 4245 583 4309 (1)
620 4245 747 4294 Vide
770 4246 901 4310 apud
924 4245 1154 4304 Can-iere,
1175 4247 1269 4295 vol.
1292 4244 1340 4294 ii.
1364 4261 1413 4294 n.
1438 4246 1553 4294 740.
1577 4253 1626 4294 et
1647 4244 1874 4298 Lessium
1895 4246 1954 4298 de
1975 4246 2188 4299 Justitia
2205 4251 2254 4296 et
2260 4247 2400 4313 jure,
2429 4263 2468 4294 s.
2491 4247 2540 4294 ii.
2564 4263 2605 4294 c.

439 4330 538 4380 viii.
562 4331 673 4382 dub.
695 4332 762 4382 iii.
786 4349 837 4382 n.
867 4336 942 4382 12.

503 4415 586 4481 (2)
626 4419 673 4463 2.
698 4420 746 4464 2.
771 4433 852 4479 qu.
876 4418 977 4466 lxii.
1001 4425 1084 4466 art.
1107 4418 1155 4465 ii.
1226 4418 1312 4468 Ad
1329 4422 1588 4484 quartum.

1510 4501 1582 4554 9¹⁸·
