3117 5217
1275 586 1732 646 APPENDIX.
2468 593 2589 648 403

405 749 604 824 gratis,
633 751 766 821 quia
791 749 1026 808 collator
1051 751 1353 810 conferens
1379 752 1476 812 illa
1499 752 2209 812 beneficiaEcclcsiastica
2236 755 2483 830 pecunia
2508 755 2591 813 in·

407 850 780 916 tex-veniente,
809 868 926 907 non
954 851 1138 927 exigit
1162 852 1316 910 illam
1343 870 1446 928 pro
1472 853 1777 911 collatione
1804 852 2090 919 beneficii,
2118 851 2219 910 sed
2266 855 2442 912 veluti
2485 872 2591 930 pro

406 947 798 1008 emolumento
825 951 1146 1026 temporali,
1177 950 1332 1023 quod
1359 950 1468 1009 sibi
1495 952 1753 1010 conferre
1780 969 1896 1008 non
1922 951 2233 1009 tenebatur.

489 1051 588 1104 23.
633 1047 930 1124 Frangens
969 1049 1255 1127 jejunium
1297 1049 1600 1118 Ecclesiae,
1642 1050 1715 1109 ad
1754 1049 1910 1123 quod
1950 1057 2189 1117 tenetur,
2232 1068 2346 1108 non
2394 1060 2595 1128 peccat

407 1145 734 1215 mortaliter,
763 1148 874 1204 nisi
901 1165 974 1204 ex
1013 1159 1363 1226 contemptu,
1403 1149 1494 1208 vel
1533 1149 1913 1209 inobedientia
1940 1148 2050 1207 hoc
2076 1149 2264 1218 faciat,
2292 1160 2429 1226 puta
2455 1152 2591 1224 quia

409 1262 527 1302 non
553 1245 673 1304 vult
700 1263 762 1304 se
791 1248 1070 1324 subjicere
1099 1258 1403 1325 praecepto.

489 1347 589 1401 24.
635 1345 936 1414 Mollities,
965 1345 1224 1406 sodomia
1249 1347 1308 1406 «iz
1334 1347 1643 1408 bestialitas
1682 1348 1799 1406 sint
1836 1355 2066 1424 peccata
2092 1345 2353 1424 ejusdem
2378 1349 2597 1424 speciei

409 1442 658 1512 infimae3
701 1443 944 1518 ideoque
971 1446 1186 1506 sufficit
1209 1445 1398 1506 dicere
1425 1448 1484 1507 in
1515 1445 1922 1513 consessione,
1958 1465 2021 1504 se
2050 1464 2383 1522 procurasse
2410 1447 2595 1523 pollu-

408 1541 642 1600 tionem.

489 1645 590 1698 25.
633 1643 750 1708 Qui
775 1643 972 1702 habuit
996 1645 1259 1720 copulam
1299 1666 1432 1706 cum
1465 1646 1671 1713 soluta,
1712 1643 1986 1703 satisfacit
2024 1642 2427 1701 Confessionis
2454 1663 2594 1720 prac-

411 1749 596 1815 cepto,
625 1741 844 1810 dicens,
875 1745 1136 1802 commisi
1163 1763 1293 1802 cum
1319 1747 1503 1805 soluta
1519 1763 1691 1823 grave
1720 1753 2015 1821 peccatum
2036 1750 2230 1800 contra
2256 1743 2593 1812 castitatem,

409 1856 527 1896 non
553 1841 898 1918 explicando
925 1843 1207 1919 copulam.

489 1943 589 1998 26.
636 1941 879 2021 Quando
895 1941 1190 2020 ,litigantes
1217 1943 1430 2003 habent
1451 1961 1558 2019 pro
1600 1961 1665 2000 se
1708 1943 2013 2020 opiniones
2060 1959 2223 2014 teque
2252 1941 2591 2017 probabiles,

411 2048 604 2112 potest
647 2039 838 2098 Judex
885 2044 1186 2118 pecuniam
1226 2043 1484 2120 accipere
1535 2060 1641 2120 pro
1680 2041 1910 2100 serenda
1950 2041 2232 2098 sententia
2258 2040 2317 2098 in
2342 2040 2596 2100 favorem

409 2137 581 2196 unius
610 2159 726 2216 proe
753 2139 886 2198 alio.

491 2243 592 2298 27.
639 2239 704 2296 Si
730 2239 876 2298 liber
901 2239 978 2298 sit
1001 2239 1246 2318 alicujus
1263 2223 1545 2316 junioris.
1561 2239 1621 2298 ἀ
1646 2237 1924 2306 moderni,
1954 2237 2123 2296 debet
2146 2238 2343 2313 opinio
2370 2241 2597 2298 censeri

413 2338 740 2409 probabilis,
765 2338 900 2396 dum
929 2358 1046 2398 non
1073 2349 1294 2398 constet
1317 2340 1585 2417 rejectam
1604 2355 1731 2397 esse
1748 2356 1781 2394 a
1796 2337 1949 2396 Sede
1976 2337 2309 2413 Apostolica
2324 2347 2591 2410 tanquam

413 2433 868 2513 improbabilem.

491 2541 590 2594 28.
638 2536 896 2613 Populus
944 2555 1059 2594 non
1101 2546 1317 2613 peccat,
1361 2537 1587 2596 etiamsi
1626 2536 1842 2611 absque
1868 2536 1985 2594 ulla
2010 2553 2182 2593 causa
2214 2553 2327 2593 non
2355 2537 2597 2613 recipiat

414 2633 638 2712 Legem
665 2655 700 2693 a
724 2636 996 2713 Principe
1024 2637 1462 2714 promulgatam.

413 2842 582 2904 Nota
604 2865 624 2902 .-
666 2844 1124 2923 Propoaitionea
1151 2865 1282 2924 quae
1307 2853 1663 2924 sequuntur,
1692 2843 1802 2904 sub
1831 2841 2279 2924 eademforma‚
2312 2845 2363 2913 ἃ
2393 2860 2596 2901 cenau-

495 2963 584 3012 ra,
614 2944 686 3003 ab
717 2946 917 3005 eodem
953 2943 1202 3005 Summo
1229 2945 1530 3025 Pontifice
1557 2945 1859 3004 damnatae
1885 2949 2030 3001 sunt
2055 2959 2200 3001 ann.
2236 2945 2410 3000 1666.

496 3119 597 3173 29.
638 3116 706 3174 In
735 3114 828 3173 die
846 3115 1075 3193 jejunii,
1104 3117 1203 3189 qui
1229 3116 1444 3191 saepius
1471 3113 1758 3172 modicum
1788 3111 1927 3186 quid
1953 3110 2221 3179 comedit,
2250 3111 2357 3168 etsi
2383 3110 2598 3168 notabi-

415 3213 530 3272 lem
559 3203 930 3289 quantitatem
959 3216 1016 3272 in
1043 3215 1158 3274 fine
1183 3215 1530 3282 concederit,
1559 3231 1677 3272 non
1702 3211 1913 3288 frangit
1926 3211 2236 3288 jejunium.

499 3317 597 3372 30.
643 3315 864 3374 Omnes
892 3313 1203 3382 officiales,
1225 3314 1324 3386 qui
1351 3315 1410 3373 in
1437 3312 1727 3390 republica
1758 3311 2124 3387 corporaliter
2162 3309 2435 3377 laborant,
2466 3320 2601 3366 sunt

421 3416 680 3472 excusati
707 3417 778 3472 ab
803 3413 1148 3491 obligatione
1168 3413 1398 3490 jejunii,
1426 3431 1536 3470 nec
1561 3411 1772 3468 debent
1796 3428 1859 3467 se
1886 3408 2218 3476 certificare,
2248 3427 2321 3465 an
2346 3407 2505 3464 labor
2530 3409 2604 3464 sit

421 3513 806 3589 compatibilis
831 3532 960 3571 cum
981 3513 1228 3590 jejunio.
1535 3503 1548 3512 ⁶

505 3616 603 3668 31.
646 3613 1014 3670 Excusantur
1059 3611 1314 3670 absolute
1357 3629 1389 3666 a
1429 3617 1715 3686 praecepto
1748 3605 1957 3683 jejunii
1997 3623 2199 3663 omnes
2240 3603 2343 3671 illi,
2375 3604 2470 3675 qui
2501 3603 2607 3661 iter

423 3721 596 3788 agunt
621 3713 950 3786 equitandO,
981 3721 1288 3784 utcumque
1328 3711 1435 3767 iter
1475 3717 1662 3784 agant,
1691 3705 1911 3764 etiamsi
1940 3705 2045 3762 iter
2072 3705 2457 3762 necessarium
2488 3721 2605 3760 non

426 3812 516 3878 sit,
545 3812 604 3868 ἂι
631 3813 854 3870 etiamsi
881 3815 988 3870 iter
1007 3812 1175 3869 unius
1203 3810 1316 3868 diei
1345 3808 1667 3866 conficiant.

503 3915 600 3969 32.
647 3913 784 3970 Non
827 3921 916 3968 est
953 3907 1209 3979 evidens,
1259 3908 1411 3982 quod
1453 3905 1806 3964 consuetudo
1847 3923 1963 3962 non
2004 3900 2341 3960 comedendi
2380 3919 2507 3968 ova,
2549 3900 2608 3959 «iz

424 4010 711 4068 lacticinia
736 4012 795 4068 in
824 4010 1255 4085 quadragesima
1280 4008 1514 4084 obliget.

505 4114 603 4169 33.
647 4111 952 4170 Restitutio
979 4110 1262 4168 fructuum
1289 4108 1362 4168 ob
1389 4105 1766 4166 omissionem
1806 4101 2095 4160 Horarum
2132 4100 2389 4176 suppleri
2424 4109 2613 4176 potest

426 4227 532 4285 per
557 4228 950 4282 quascumque
977 4209 1399 4284 eleemosynas,
1429 4223 1581 4279 quas·
1614 4212 1777 4264 antea
1805 4200 2203 4260 beneficiarius
2229 4200 2301 4259 de
2334 4198 2612 4257 fructibus

429 4310 521 4368 sui
551 4309 816 4368 beneficii
845 4309 1060 4367 fecerit.

510 4411 608 4466 34.
652 4408 722 4468 In
749 4409 842 4468 die
889 4409 1218 4467 Palmarum
1241 4407 1486 4466 recitans
1515 4402 1771 4464 officium
1813 4399 2116 4467 Paschale,
2162 4395 2437 4456 satisfacit
2468 4412 2609 4471 prae-

431 4519 617 4584 cepto.
1507 4587 1529 4594 ν
1611 4585 1637 4592 ..
1665 4559 1737 4592 A]
