3117 5217
438 584 445 591 ”
522 588 641 643 304
974 572 1089 633 DE
1132 566 1662 631 DILECTIONE
1705 562 2263 627 INIMICORUM.

1396 1074 1684 1135 CAPUT
1725 1074 1835 1133 111.

1140 1296 1217 1335 DE
1247 1293 1618 1335 nuncnoms
1649 1290 2038 1333 immunimu-

588 1480 686 1534 88.
730 1476 923 1543 Quum
953 1474 1199 1553 proximi
1224 1476 1458 1532 nomine
1486 1475 1674 1532 omnis
1703 1471 2052 1549 intelligatur
2085 1470 2283 1537 homo,
2315 1468 2498 1543 liquet
2523 1468 2710 1527 inimi·

508 1594 607 1633 cos
662 1577 833 1635 etiam
889 1594 1017 1633 esse
1064 1574 1420 1651 diligendos:
1478 1573 1634 1647 quod
1679 1581 1735 1629 et
1783 1570 2050 1628 Christus
2096 1569 2348 1626 districte
2402 1569 2708 1645 praecepit:

510 1683 550 1710 ‘⁴
573 1675 811 1753 Diligite
840 1676 1100 1732 inimicos
1129 1683 1371 1741 vestros,
1412 1672 1726 1732 benefacite
1765 1670 1856 1727 his
1887 1672 1985 1743 qui
2025 1669 2266 1729 oderunt
2305 1688 2430 1735 vos,
2459 1678 2516 1725 et
2552 1675 2706 1724 orate

508 1793 613 1851 pro
659 1774 1135 1850 persequentibus
1178 1781 1237 1830 et
1280 1772 1756 1830 calumniantibus
1798 1761 1999 1829 vos.”¹
2081 1768 2242 1826 Hinc
2277 1776 2497 1825 tenetur
2533 1782 2706 1825 unus-

512 1876 758 1945 quisque
800 1874 1131 1930 communia
1174 1870 1497 1929 dilectionis
1542 1868 1752 1927 indicia
1789 1880 1848 1929 et
1887 1870 2209 1927 testimonia
2245 1866 2494 1933 cuilibet,
2535 1866 2706 1923 etiam

509 1973 763 2049 inimico,
818 1970 1120 2029 exhibere:
1177 1970 1451 2047 specialia
1498 1980 1692 2027 autem
1741 1970 2022 2028 beneficia
2078 1986 2192 2025 non
2246 1965 2538 2032 debentur,
2590 1963 2706 2021 nisi

509 2069 733 2128 aliunde
762 2068 988 2127 accedat
1013 2072 1174 2128 ratio.
1257 2068 1548 2152 Equidem
1577 2054 1905 2129 communia
1930 2068 2139 2135 officia,
2171 2066 2362 2141 qualia
2395 2064 2703 2135 unicuique

506 2170 689 2227 solent
727 2169 1000 2247 praestari,
1042 2188 1160 2228 non
1201 2178 1440 2246 possent
1477 2168 1768 2247 denegari,
1808 2170 1946 2241 quin
1985 2167 2181 2227 odium
2222 2164 2534 2224 indicetur:
2577 2179 2706 2239 spe-

506 2270 672 2327 cialia
712 2278 897 2327 autem
938 2268 1153 2327 nemini
1195 2268 1490 2337 debentur,
1534 2258 1780 2341 id'eoque
1828 2268 2040 2341 absque
2087 2266 2294 2345 injuria
2335 2264 2701 2339 denegantur.

507 2366 859 2427 Communia
886 2379 1189 2425 censentur
1216 2376 1256 2403 ‘⁴
1281 2387 1407 2441 quae
1436 2368 1745 2427 christiano
1773 2367 2048 2426 debentur
2067 2386 2099 2424 a
2124 2366 2376 2439 quolibet
2395 2362 2704 2421 christiano

504 2468 562 2524 in
607 2467 917 2534 communi,
965 2468 1188 2525 concivi
1234 2487 1267 2525 a
1307 2468 1566 2535 concive,
1621 2478 1867 2546 cognato
1919 2488 1950 2526 a
1995 2456 2338 2545 cognato.”²
2417 2461 2704 2539 Specialia

484 2576 635 2625 ‘sunt
660 2586 865 2645 magna
907 2566 1277 2636 familiaritas,
1324 2586 1623 2626 munerum
1663 2568 1911 2647 largitio,
1942 2567 2034 2625 vel
2073 2566 2182 2625 alia
2207 2562 2502 2622 beneficia.
2587 2558 2704 2626 Qui

504 2676 773 2743 praestant
800 2668 1148 2734 auctoritate,
1180 2666 1487 2741 aliquando
1515 2668 1728 2741 absque
1756 2668 1922 2745 culpa
1961 2666 2156 2725 omnia
2193 2662 2513 2722 dilectionis
2540 2662 2704 2739 signa

503 2767 788 2831 omittunt,
818 2766 1129 2840 duriusque
1158 2776 1392 2825 tractant
1417 2766 1695 2835 subditoS,
1722 2777 1786 2825 ut
1823 2785 1923 2825 eos
1965 2765 2036 2823 ad
2075 2766 2285 2823 bonam
2312 2763 2531 2841 frugem
2557 2760 2703 2819 redi-

504 2875 668 2940 gant:
701 2864 757 2921 id
785 2866 917 2922 licet
942 2867 1111 2923 etiam
1140 2866 1360 2933 amicis,
1390 2868 1866 2943 propinquisque,
1890 2866 2120 2939 quando
2148 2862 2422 2942 expedire
2448 2859 2703 2919 videatur

505 2962 574 3019 ad
602 2964 684 3019 rei
711 2963 1184 3033 emendationem,
1214 2964 1307 3023 vel
1333 2964 1403 3023 ad
1432 2965 1682 3035 familiae,
1713 2974 1964 3025 coetusve
1997 2966 2200 3025 decus.
2285 2959 2494 3020 Merito
2529 2960 2700 3036 igitur

502 3060 733 3129 ebriosi,
763 3062 852 3119 vel
880 3064 977 3135 qui
1004 3064 1141 3121 alias
1170 3065 1360 3141 pravis
1388 3066 1642 3123 moribus
1681 3065 1922 3123 infames
1951 3076 2103 3132 sunt,
2133 3062 2533 3123 communibus
2573 3056 2698 3117 offi-

504 3161 610 3217 eiis
638 3161 947 3235 privantur.
1032 3162 1131 3247 ff:
1158 3164 1328 3220 etiam
1357 3164 1456 3233 qui
1482 3165 1844 3221 occasionem
1867 3164 2060 3224 delicti
2086 3174 2144 3221 et
2177 3163 2431 3221 fomitem
2461 3180 2536 3219 ex
2563 3158 2699 3216 ami·

502 3256 634 3313 citia
658 3258 1011 3332 desumpturi
1039 3259 1315 3326 videntur,
1344 3261 1467 3335 pari
1488 3263 1703 3319 ratione
1739 3272 2056 3322 tractantur.
2122 3262 2175 3321 E
2205 3271 2403 3319 contra
2427 3258 2696 3337 specialia

502 3352 820 3413 dilectionis
848 3355 1059 3414 indicia
1084 3358 1387 3433 praebenda
1414 3369 1546 3417 sunt
1573 3360 1896 3433 aliquando,
1926 3365 1974 3421 si
2017 3363 2088 3419 iis
2127 3360 2418 3437 denegatis
2458 3356 2690 3416 scanda-

502 3454 621 3512 lum
648 3456 922 3513 oriturum
964 3456 1070 3524 sit3
1110 3458 1201 3515 vel
1230 3458 1280 3515 si
1309 3458 1574 3515 inimicus
1601 3462 1827 3519 veniam
1856 3461 2224 3539 deprecetur;
2256 3460 2347 3517 vel
2389 3456 2692 3517 admodum

504 3553 754 3633 indigeat
779 3554 1015 3631 speciali
1054 3557 1368 3625 beneficio;
1410 3557 1499 3614 vel
1528 3558 1603 3615 sit
1634 3558 1742 3617 hac
1776 3560 1991 3619 ratione
2019 3560 2078 3618 in
2104 3561 2256 3617 viam
2295 3558 2491 3615 salutis
2532 3565 2694 3613 attra-

501 3654 747 3712 henduS.
833 3653 1097 3714 Clericos
1126 3658 1439 3732 praesertim
1468 3656 1539 3714 ad
1567 3676 1635 3715 ea
1663 3659 1998 3734 praestanda,
2015 3658 2273 3735 pluribus
2302 3659 2362 3716 in
2379 3675 2565 3714 rerum
2594 3652 2687 3711 ad-

493 3753 730 3828 junctis,
760 3754 997 3831 obligari
1024 3754 1186 3813 facile
1227 3756 1521 3832 contingit.
1609 3757 1784 3815 “Per
1822 3776 1884 3815 se
1922 3755 2232 3831 loquendo,
2263 3775 2434 3815 nemo
2473 3764 2692 3813 tenetur

504 3850 573 3905 ad
600 3852 896 3943 inimicum
924 3850 1271 3930 diligendum
1300 3854 1547 3930 positivo
1575 3864 1632 3911 et
1656 3855 1929 3931 peculiari
1955 3867 2104 3924 actu,
2132 3876 2320 3929 neque
2348 3855 2417 3913 ad
2445 3872 2578 3911 eum
2603 3870 2690 3908 sa-

501 3946 817 4019 lutandum,
835 3950 1259 4023 alloquendum,
1282 3962 1555 4028 aegrotum
1575 3954 1959 4023 invisendum,
1975 3966 2242 4014 moestum
2261 3951 2687 4016 consolandum,

506 4044 757 4123 hospitio
775 4050 1200 4123 excipiendum,
1222 4050 1312 4107 vel
1334 4050 1682 4111 familiariter
1697 4071 1828 4111 cum
1849 4072 1918 4113 eo
1939 4054 2240 4131 agendum,
2270 4064 2380 4110 etc.
2411 4053 2545 4124 quia
2569 4049 2693 4106 hoec

500 4154 634 4203 sunt
658 4146 824 4223 signa
848 4148 1119 4223 specialia
1147 4144 1455 4206 amori5.'’³
1535 4150 1603 4209 Si
1628 4153 1789 4229 prius
1827 4170 2205 4211 consueveras
2243 4152 2476 4210 inimico
2516 4166 2690 4227 pecu-

712 4333 797 4399 (1)
836 4331 977 4381 Mati.
1001 4348 1049 4380 v.
1072 4324 1175 4379 441

703 4419 788 4485 (2)
828 4417 1174 4475 Busembaum,
1196 4425 1306 4481 post
1328 4418 1485 4485 Cajet.
1507 4423 1639 4487 apud
1661 4423 1714 4472 S.
1737 4425 1975 4489 Alphons.
1999 4427 2031 4477 1.
2053 4426 2103 4477 ii.
2130 4443 2180 4477 n.
2204 4430 2285 4477 28.

703 4504 787 4569 (3)
828 4502 1182 4562 Bmembsum,
1203 4500 1415 4555 ibidem.
