3117 5217
541 509 660 566 390
1269 508 1384 568 DE
1425 507 1988 569 INTERDICTO.

548 674 698 734 dicto
723 674 1106 744 includuntur,
1135 695 1252 736 non
1281 685 1468 734 autem
1496 676 1567 733 ab
1600 675 1912 734 interdictis
1952 676 2301 751 specialiter.
2386 674 2749 732 Excommu-

545 775 714 832 nicati
741 793 810 834 au
821 785 952 842 tem,
979 783 1040 832 et
1066 776 1164 846 qui
1191 774 1466 833 dederunt
1489 793 1719 832 causam
1746 773 2069 842 interdicto,
2098 772 2487 832 excluduntur
2514 775 2585 830 ab
2616 791 2740 830 om·

549 873 720 932 nibus
745 873 1142 940 sacramentis,
1169 874 1280 932 nisi
1311 863 1633 931 cautionem
1660 874 2021 949 praestiterint
2040 891 2101 930 se
2125 866 2566 930 satisfacturos.l
2630 871 2742 929 ΙΙΙ.

551 971 957 1030 Ecclesiastica
983 972 1276 1048 sepultura
1302 973 1651 1048 prohibetur.
1720 973 1835 1039 Qui
1862 982 2051 1031 autem
2074 990 2191 1029 non
2212 971 2493 1028 dederunt
2512 988 2745 1028 causam

553 1069 868 1138 interdicto,
919 1071 1152 1148 sepeliri
1203 1082 1448 1148 possunt
1497 1073 1556 1130 in
1618 1071 1749 1130 loeo
1802 1090 1964 1129 sacro
2026 1089 2145 1128 non
2204 1069 2529 1139 interdicto.
2616 1068 2749 1125 Cle-

551 1169 674 1236 rici,
703 1168 860 1228 haud
885 1170 1208 1246 specialiter
1231 1171 1533 1239 interdicti,
1564 1179 1807 1246 possunt
1840 1170 2069 1246 sepeliri
2112 1170 2169 1226 in
2210 1169 2341 1226 loco
2367 1170 2473 1241 qui
2512 1187 2633 1226 non
2672 1168 2749 1224 sit

551 1269 872 1344 specialiter
893 1268 1243 1337 interdictae,
1273 1271 1483 1342 absque
1511 1279 1680 1327 cantu
1708 1279 1764 1326 et
1789 1286 2188 1345 campanarum
2212 1268 2403 1344 pulsu.
2412 1263 2439 1297 ²
2521 1267 2749 1324 Concio

555 1367 940 1426 ecclesiastica
965 1377 1218 1444 tempore
1247 1369 1530 1427 interdicti
1557 1369 1915 1444 permittitur.

635 1470 734 1525 96.
785 1466 1086 1526 violantes
1113 1466 1470 1526 interdictum
1499 1477 1741 1544 peceant
1764 1466 2090 1532 mortaliter,
2120 1466 2335 1524 violant
2371 1465 2529 1522 enim
2572 1482 2747 1542 grave

561 1565 842 1626 Ecclesiae
871 1577 1240 1642 praeceptum.
1324 1568 1438 1633 Qui
1467 1577 1653 1624 actum
1678 1565 1894 1624 ordinis
1922 1567 2013 1624 sui
2054 1566 2347 1641 proprium
2381 1574 2627 1622 exercet
2666 1565 2751 1622 in·

563 1665 853 1734 terdictus‚
883 1666 948 1724 fit
971 1659 1347 1744 irregularis.³
1430 1665 2047 1724 Excommunicatione
2089 1665 2263 1740 Papae
2302 1673 2595 1721 reservata
2622 1682 2748 1739 per·

560 1764 844 1824 celluntur
868 1765 1107 1824 Domini
1147 1765 1486 1841 temporales
1513 1773 1783 1841 cogentes
1812 1764 2047 1825 clericos
2076 1763 2145 1820 ad
2185 1761 2524 1820 celebranda
2552 1761 2750 1820 divina

559 1863 748 1920 officia
778 1865 835 1922 in
863 1863 990 1922 loco
1019 1863 1346 1930 interdicto;
1385 1864 1478 1919 vel
1505 1863 1883 1938 impedientes
1923 1881 1997 1920 ne
2022 1853 2751 1920 exeant‘excornmunicati

557 1971 616 2017 et
639 1961 944 2027 interdicti,
973 1961 1107 2020 dum
1135 1962 1518 2019 celebrantur:
1547 1981 1665 2034 qua
1690 1962 1859 2018 etiam
1890 1981 2059 2038 poena
2083 1959 2404 2037 plectuntur
2432 1961 2550 2035 ipsi
2578 1961 2748 2018 inter-

559 2058 696 2117 dicti
721 2077 836 2118 non
865 2069 1138 2118 exeuntes
1166 2069 1297 2136 post
1321 2056 1751 2118 monitionem.⁴
1832 2059 1899 2117 Si
1938 2060 2185 2118 celebret
2210 2061 2339 2132 quis
2378 2059 2439 2116 in
2470 2059 2601 2117 loco
2628 2079 2748 2117 non

567 2158 884 2227 interdicto,
905 2168 962 2217 et
985 2168 1230 2232 nequeat
1255 2159 1470 2237 expelli
1497 2159 1849 2226 interdictus,
1880 2160 2089 2234 poterit
2114 2159 2300 2217 Missa
2326 2157 2393 2214 ad
2424 2157 2601 2214 finem
2620 2177 2749 2234 per·

561 2255 747 2316 duci.⁵
828 2260 946 2325 Qui
972 2260 1216 2317 scienter
1242 2260 1528 2334 sepeliunt
1553 2258 1881 2317 interdictos
1908 2259 1966 2315 in
2006 2259 2135 2316 loco
2174 2277 2356 2322 sacro,
2384 2267 2553 2314 extra
2578 2276 2751 2314 casus

559 2356 616 2414 in
638 2358 768 2433 jure
795 2375 1122 2425 conoessos,
1151 2357 1488 2416 contrahunt
1525 2358 2179 2416 excommunicationem
2218 2365 2565 2413 reservatam
2594 2357 2747 2432 epis-

561 2449 760 2532 eopo-⁶
840 2455 1432 2517 Excommunicantur
1458 2456 1711 2534 religiosi
1738 2455 1905 2514 etiam
1936 2455 2213 2531 exempti,
2240 2456 2341 2528 qui
2374 2473 2495 2512 non
2522 2465 2757 2513 servant

561 2553 920 2614 interdictum
949 2555 1210 2632 generale
1235 2556 1416 2614 locale
1441 2576 1474 2613 a
1499 2557 1681 2632 Papa,
1710 2555 1803 2611 vel
1842 2555 1911 2611 ab
1952 2553 2237 2616 ordinario
2276 2554 2478 2620 latum,
2514 2555 2753 2626 quando
2772 2541 2785 2550 ”

559 2663 812 2712 servatur
851 2675 884 2711 a
922 2655 1154 2714 matrice
1193 2655 1452 2722 ecclesia,
1497 2656 1588 2712 vel
1616 2675 1649 2711 a
1674 2653 1987 2730 parochiali
2026 2653 2139 2710 loci
2180 2653 2239 2710 in
2280 2671 2395 2724 quo
2438 2647 2753 2712 habitant.⁷

561 2753 678 2820 Qui
707 2753 1008 2812 admittunt
1032 2753 1210 2813 laicos
1243 2754 1577 2818 interdictos
1618 2753 1685 2809 ad
1727 2751 1914 2810 officia
1940 2751 2152 2819 divina,
2181 2752 2597 2810 interdicuntur
2622 2753 2755 2827 ipso

557 2851 708 2908 saoto
733 2853 994 2929 ingressu
1025 2852 1327 2919 Ecclesiae,
1359 2853 1546 2924 quoad
1572 2851 1834 2910 ordinum
1864 2869 2149 2908 sacrorum
2178 2851 2237 2908 in
2266 2867 2333 2906 ea
2358 2852 2705 2910 exercitium
2732 2870 2747 2906 ε

557 2949 692 3008 licet
717 2960 906 3009 autem
933 2953 1018 3008 eis
1046 2951 1268 3028 ingredi
1295 2953 1569 3011 orationis
1597 2951 1827 3027 privatae
1855 2970 2045 3007 causa.

637 3053 737 3108 97.
788 3049 1058 3108 Gestatio
1087 3070 1125 3108 a
1151 3049 1382 3108 divinis
1411 3049 1713 3124 aliquando
1742 3050 2065 3126 praecipitur
2103 3051 2162 3106 in
2202 3047 2479 3106 indicium
2524 3049 2747 3108 doloris

557 3149 630 3202 ob
659 3147 922 3222 injuriam
950 3149 1082 3206 Deo
1110 3148 1202 3204 vel
1227 3149 1508 3206 Ecclesioe
1535 3149 1769 3216 illatam,
1800 3148 1891 3206 vel
1917 3149 1975 3206 in
1996 3150 2095 3206 sui
2112 3146 2551 3206 defensionem.
2636 3149 2751 3206 Est

557 3245 734 3301 instar
757 3243 1058 3311 interdicti,
1077 3244 1340 3316 quamvis
1367 3263 1493 3302 eam
1521 3247 1745 3304 violans
1772 3267 1888 3304 non
1914 3247 2011 3304 fiat
2030 3238 2401 3322 irregularis.⁸
2457 3247 2749 3323 Religiosi

559 3361 683 3401 eam
724 3343 1008 3402 violantes
1039 3344 1335 3402 incurrunt
1372 3339 2080 3404 excommunicationem.9
2160 3345 2357 3402 Refert
2383 3344 2449 3401 S.
2486 3347 2751 3422 Alphon·

559 3462 657 3501 sus
685 3445 973 3502 decretum
999 3445 1062 3502 S.
1093 3443 1573 3521 congregationis
1602 3443 2089 3503 Caeremoniarum
2110 3463 2145 3502 a
2172 3444 2479 3502 Clemente
2504 3445 2585 3502 X.
2614 3465 2751 3503 con-

559 3545 876 3602 firmatum:
923 3551 961 3580 ‘⁶
985 3563 1100 3602 non
1137 3544 1310 3602 licere
1351 3545 1689 3616 cuicumque
1728 3553 1836 3602 etc.
1878 3543 2163 3624 (personis
2200 3543 2487 3620 regalibus
2528 3553 2749 3602 tantum

557 3641 842 3727 exceptis)
889 3643 960 3700 ad
1005 3644 1276 3702 ecclesias
1321 3653 1491 3700 strata
1533 3644 1645 3702 sibi
1686 3643 1892 3700 deferri
1935 3643 2155 3701 facere:
2202 3661 2365 3698 secus
2414 3642 2749 3701 immediate

450 3743 458 3751 '
555 3744 893 3801 cessandum
923 3761 956 3799 a
979 3741 1208 3802 divinis.
1291 3741 1462 3809 Quod
1489 3743 1599 3800 nisi
1628 3751 1902 3809 servetur,
1934 3741 2232 3809 Rectores,
2262 3749 2617 3814 caeterosque
2652 3761 2749 3800 ec-

557 3842 859 3901 clesiarum
882 3842 1174 3902 ministros
1193 3844 1324 3919 ipso
1339 3842 1486 3900 fecto
1499 3842 2151 3900 excommunicationem
2170 3842 2477 3908 incurrere,
2498 3859 2747 3914 eamque

621 4031 701 4094 (1)
743 4028 866 4093 Cap.
889 4029 1057 4080 Alma.
1072 4031 1130 4084 de
1151 4035 1272 4082 sent.
1297 4046 1478 4087 mom.
1687 4030 1770 4094 (2)
1812 4028 1871 4077 C.
1894 4028 1960 4076 xi.
1982 4027 2041 4078 de
2054 4027 2262 4094 potnit.-

631 4115 717 4181 (3)
743 4113 880 4177 .Cap.
906 4115 1026 4166 xviii
1047 4123 1096 4164 et
1116 4132 1202 4165 xx.
1223 4115 1281 4166 de
1302 4121 1425 4167 sent.
1445 4130 1625 4166 excom.
1648 4114 1701 4162 in
1724 4116 1772 4161 6.
2270 4137 2292 4149 «

625 4203 708 4268 (4)
749 4198 908 4248 clem.
930 4199 980 4246 ii.
1001 4199 1062 4250 de
1075 4207 1202 4252 sent.
1225 4213 1405 4252 emm.
1669 4199 1746 4262 (5)
1784 4197 1836 4246 S.
1859 4185 2007 4262 Aiph.
2030 4198 2062 4246 1.
2084 4197 2165 4246 vii.
2188 4213 2239 4246 n.
2263 4199 2375 4244 333.

622 4288 707 4351 (6)
748 4283 903 4355 Clem.
925 4283 956 4331 i.
980 4283 1038 4334 de
1054 4283 1234 4349 sepult,
1662 4285 1740 4349 (7)
1782 4281 1938 4331 Clem.
1956 4260 1993 4330 i.
2016 4279 2074 4332 de
2088 4286 2211 4332 sent.
2234 4295 2415 4331 excom.

623 4374 708 4438 (8)
751 4371 872 4434 Cap.
891 4368 1022 4418 xviii.
1046 4356 1104 4418 dh
1125 4371 1249 4417 sent.
1269 4383 1456 4420 excom.
1479 4369 1533 4417 in
1557 4370 1605 4417 6.

620 4459 705 4522 (9)
746 4456 904 4506 Clem.
925 4455 958 4504 i.
979 4453 1038 4506 de
1053 4458 1177 4504 sent.
1197 4467 1380 4504 excom.
