3117 5217
552 575 663 631 108
1230 571 1347 631 DE
1388 567 2058 632 RESTITUTIONE.

632 742 767 798 170.
810 736 877 795 Si
923 737 1155 813 perierit
1191 755 1285 795 res
1325 737 1505 808 aliena
1553 736 1706 814 apud
1749 753 2145 812 possessorem
2191 736 2356 794 maloe
2407 734 2545 794 fidei
2597 753 2733 793 casu

546 837 738 911 aliquo
781 854 897 909 quo
940 845 1091 893 certe
1138 835 1289 912 apud
1322 836 1620 894 dominum
1667 837 1918 912 peritura
1955 835 2177 902 fuisset,
2221 835 2448 910 plurimi
2489 853 2620 891 cum
2661 835 2727 890 S.

546 935 851 1012 Alphonso
878 933 949 992 de
976 935 1213 1011 Ligorio
1243 932 1453 992 docent
1493 934 1708 993 nullam
1749 953 1880 993 esse
1919 932 2252 992 restituendi
2291 933 2731 1009 obligationem3

550 1035 809 1107 quamvis
842 1035 997 1092 enim
1044 1033 1135 1090 sur
1168 1033 1435 1110 injuriam
1475 1034 1746 1100 intulerit,
1784 1051 1900 1091 non
1940 1032 2050 1090 fuit
2085 1041 2274 1091 tamen
2315 1050 2489 1090 causa
2525 1030 2734 1088 efficax

550 1132 765 1200 damni,
796 1151 971 1204 quum
998 1150 1091 1190 res
1118 1149 1282 1205 aeque
1322 1132 1526 1189 suisset
1565 1133 1832 1208 peritura.
1917 1128 2036 1188 Sed
2075 1131 2126 1188 si
2164 1129 2255 1188 fur
2278 1149 2399 1190 rem
2425 1148 2733 1206 consump-

550 1232 704 1299 serit,
734 1231 822 1288 vel
862 1229 1190 1308 perdiderit,
1232 1239 1531 1302 antequam
1573 1249 1882 1290 commune
1921 1228 2061 1288 illud
2101 1230 2354 1290 evenerit
2391 1229 2732 1305 periculum,

548 1330 827 1388 tenebitur
859 1329 931 1387 ad
956 1329 1390 1397 restitutionem,
1420 1349 1549 1388 nam
1579 1340 1714 1388 tunc
1740 1329 1848 1388 suit
1873 1347 2006 1387 vere
2033 1346 2205 1386 causa
2231 1327 2445 1394 damni,
2473 1327 2732 1399 quamvis

548 1429 803 1502 alioquin
830 1426 1100 1487 damnum
1127 1429 1449 1512 evenisset..
1516 1429 1662 1486 Item
1691 1430 1740 1486 si
1771 1429 1976 1506 injuria
2017 1435 2075 1484 et
2111 1425 2278 1502 culpa
2315 1427 2546 1484 alterius
2587 1427 2734 1500 peri-

548 1529 673 1594 erit,
702 1529 951 1604 peritura
974 1547 1050 1586 ex
1088 1525 1291 1585 eadem
1317 1546 1487 1584 causa
1512 1528 1665 1603 apud
1693 1526 2009 1594 dominum,
2037 1531 2229 1584 manet
2265 1525 2535 1601 obligatio
2574 1525 2733 1581 resti-

548 1626 765 1685 tuendi.
848 1628 915 1684 Si
941 1646 1031 1685 res
1060 1627 1251 1684 aliena
1294 1627 1443 1702 apud
1484 1627 1759 1702 injustum
1801 1642 2197 1702 possessorem
2237 1624 2495 1690 creverit,
2523 1623 2736 1680 utilitas

552 1724 685 1784 inde
712 1727 1053 1801 proveniens
1081 1725 1299 1783 domini
1326 1736 1435 1793 est,
1464 1726 1574 1783 etsi
1601 1726 1868 1784 dominus
1895 1743 2021 1782 eam
2059 1723 2260 1781 fuisset
2297 1731 2736 1797 consumpturus

552 1833 683 1882 ante
711 1807 1046 1883 incrementi
1074 1833 1335 1899 tempus:
1379 1843 1471 1882 res
1514 1825 1670 1882 enim
1711 1823 1898 1881 adhuc
1924 1823 2158 1880 domino
2197 1823 2417 1879 crescit.
2502 1820 2660 1878 Hinc
2685 1820 2739 1876 si

552 1941 763 2000 agnum
791 1922 941 1980 furto
966 1921 1213 1979 ablatum
1239 1925 1662 1997 consumpserit
1687 1923 1840 1994 quis,
1868 1931 2174 1998 postquam
2204 1919 2357 1997 apud
2395 1938 2458 1976 se
2497 1920 2742 1978 creverit

550 2021 677 2096 ejus
711 2021 887 2088 valor,
929 2021 1210 2078 tenebitur
1248 2021 1530 2098 integrum
1571 2021 1811 2097 pretium
1843 1994 2108 2086 -solvere',
2139 2019 2398 2078 deductis
2439 2016 2740 2095 saginandi

552 2119 847 2194 expensis.
902 2119 1017 2176 Sed
1046 2120 1097 2176 si
1124 2137 1253 2176 eum
1282 2121 1703 2195 consumpserit
1723 2118 1951 2192 quando
1969 2118 2187 2177 vilioris
2215 2129 2334 2176 erat
2360 2119 2546 2195 pretii,
2565 2117 2737 2174 vilius

552 2226 767 2276 tantum
796 2218 865 2274 ab
890 2236 959 2275 eo
986 2218 1245 2293 exigetur
1280 2221 1559 2294 pretium3
1604 2219 1716 2276 nisi
1756 2217 2021 2275 dominus
2061 2237 2272 2294 agnum
2313 2226 2636 2275 servaturus
2663 2215 2737 2271 ad

552 2317 889 2374 incrementi
916 2330 1165 2392 tempus,
1194 2317 1465 2375 damnum
1489 2318 1675 2394 majus
1704 2336 1779 2374 ex
1805 2317 1954 2375 furto
1980 2317 2058 2375 sit
2080 2335 2306 2392 passus.

636 2418 770 2472 171.
840 2415 1015 2480 “Qui
1066 2415 1291 2491 fingens
1320 2435 1381 2472 se
1435 2434 1768 2492 pauperem,
1800 2416 1892 2473 vel
1919 2416 2092 2474 alium
2145 2435 2316 2488 quam
2366 2424 2472 2482 est,
2501 2413 2740 2471 extorsit

554 2514 1004 2589 eleemosynam,
1051 2532 1165 2571 non
1206 2524 1427 2572 tenetur
1452 2515 1768 2582 restituere,
1811 2516 1860 2572 si
1901 2533 2076 2590 parva
2114 2514 2239 2581 suit,
2269 2514 2452 2586 qualis
2491 2511 2737 2570 ostiatim

553 2611 1009 2671 mendicantibus
1036 2613 1231 2681 datum
1274 2632 1463 2682 secus,
1493 2615 1543 2672 si
1572 2615 1682 2673 fuit
1720 2632 1960 2690 magna3
1989 2622 2122 2672 tunc
2161 2615 2335 2679 enim,
2371 2612 2504 2685 quia
2543 2611 2737 2668 subin-

556 2711 827 2787 telligitur
852 2711 1103 2770 conditio
1131 2713 1275 2780 haec,
1293 2711 1389 2792 (si
1420 2732 1638 2788 pauper
1676 2709 1786 2789 est)
1829 2722 2051 2770 tenetur
2085 2713 2392 2774 restituere,
2419 2709 2737 2768 secundum

525 2809 837 2876 ,Molinam
865 2810 1052 2876 danti3
1094 2810 1409 2868 secundum
1436 2810 1698 2878 Palaum,
1728 2811 1820 2868 vel
1845 2809 2136 2877 danti,‘vel
2163 2811 2288 2869 aliis
2318 2806 2728 2886 pauperibus.”

555 2907 641 2964 Ita
669 2907 1058 2964 Busembaum
1088 2909 1241 2984 apud
1270 2908 1634 2984 Alphonsum
1664 2909 1734 2968 de
1763 2901 2053 2986 Ligori0.¹

1225 3098 1277 3171 §.
1320 3098 1401 3156 ΙΙ.
1446 3099 1542 3156 ΒΕ
1585 3117 1794 3157 nanno
1835 3117 2074 3158 11.1.A¹1·o.

642 3265 774 3320 172.
816 3261 927 3320 E'oe
966 3263 1187 3321 damno
1227 3264 1399 3324 illato
1442 3268 1619 3324 oritur
1657 3269 1992 3328 restituendi
2043 3268 2338 3344 obligatio,
2379 3269 2602 3339 quoties
2656 3267 2736 3323 in·

546 3362 699 3438 juria
725 3360 783 3418 id
809 3362 1063 3438 contigit,
1083 3364 1255 3439 juxta
1280 3363 1418 3422 illud
1437 3366 1586 3442 juris
1615 3369 1910 3425 canonici:
1970 3376 2008 3402 ‘⁶
2033 3367 2099 3423 Si
2124 3367 2292 3442 culpa
2318 3377 2412 3423 tua
2432 3365 2623 3423 datum
2649 3375 2738 3422 est

560 3459 850 3537 damnum,
880 3460 970 3517 vel
995 3462 1202 3538 injuria
1231 3464 1492 3540 irrogata,
1516 3467 1642 3542 jure
1671 3485 1842 3543 super
1868 3467 1958 3524 his
1981 3465 2303 3523 satisfacere
2333 3475 2384 3521 te
2421 3458 2739 3540 oportet.”²

562 3560 731 3626 Quod
760 3561 971 3632 absque
1000 3561 1168 3636 culpa
1194 3561 1275 3630 fit,
1304 3583 1421 3622 non
1450 3565 1561 3622 hoc
1588 3585 1782 3622 secum
1812 3565 1918 3622 fert
1936 3583 2102 3632 onus,
2132 3565 2178 3621 si
2209 3564 2364 3622 enim
2391 3562 2462 3620 ad
2487 3582 2578 3620 res
2605 3580 2737 3619 suas

558 3659 885 3727 servandaS,
906 3659 1179 3742 flagrante
1208 3662 1496 3731 incendic,
1528 3664 1656 3734 quis
1685 3663 1920 3722 domum
1944 3662 2126 3720 diruat
2143 3681 2215 3720 ne
2242 3663 2474 3720 flamma
2501 3662 2734 3719 ulterius

555 3768 809 3833 vagetur,
832 3777 947 3817 non
969 3767 1189 3818 tenetur
1208 3760 1278 3818 ad
1309 3762 1579 3820 damnum
1596 3762 1992 3838 reparandum.
2049 3762 2115 3818 Si
2136 3775 2337 3837 praeter
2361 3763 2734 3820 intentionem

559 3853 829 3918 damnum
884 3859 1191 3936 contingat,
1244 3861 1543 3930 occasione
1597 3873 1754 3918 actus
1806 3861 2004 3927 illiciti,
2053 3861 2190 3932 quin
2237 3861 2517 3918 ullatenus
2569 3861 2736 3916 suerit

558 3954 857 4025 praevisuS,
886 3973 992 4011 nec
1018 3957 1357 4030 plerumque
1386 3979 1517 4017 cum
1546 3979 1618 4017 eo
1645 3978 1962 4028 connexuS,
1994 3968 2032 3994 ‘⁶
2054 3960 2131 4016 uti
2169 3960 2222 4016 si
2247 3959 2336 4016 sur
2375 3960 2599 4035 penitus
2627 3958 2738 4015 for-

562 4047 699 4105 tuito
727 4049 959 4108 domum
990 4052 1232 4110 alienam
1260 4053 1681 4124 incenderet,”³
1706 4061 2119 4118 restitutionem
2145 4057 2297 4114 haud
2323 4057 2518 4116 deberi
2542 4066 2741 4114 censet

563 4145 628 4201 S.
671 4146 1029 4224 AlphonsuS,
1056 4151 1213 4208 casui
1254 4154 1473 4212 scilicet
1498 4157 1858 4216 tribuendum
1901 4169 2006 4216 est.
2093 4157 2208 4222 Qui
2248 4176 2514 4233 magnum
2555 4156 2742 4213 intulit

633 4365 717 4432 (1)
756 4363 816 4413 L.
836 4365 903 4414 iii.
925 4383 975 4414 n.
1000 4369 1112 4415 622.
1318 4373 1397 4436 (2)
1436 4371 1557 4437 cap.
1580 4374 1665 4423 sm.
1687 4375 1748 4426 de
1769 4375 1992 4444 injuriis.
2195 4347 2270 4442 (a)
2305 4376 2454 4426 Lffi.
2475 4392 2525 4425 n.
2549 4377 2664 4424 549.
2717 4375 2726 4389 ··
