3117 5217
593 560 712 613 214
961 510 976 519 ’
1247 554 1620 613 PRAEVIAE
1666 554 2124 613 NOTIONES.

595 734 864 781 externos
903 722 1048 778 ritus
1089 722 1408 799 conjungit,
1437 719 1630 777 Deum
1672 731 1860 778 mente
1900 730 1957 777 et
1994 738 2233 797 corpore
2274 720 2503 777 colens:
2592 718 2767 775 “Deo

593 821 965 879 reverentiam
1005 828 1062 876 et
1101 820 1376 877 honorem
1421 819 1761 876 exhibemus
1801 838 1919 876 non
1947 830 2181 894 propter
2218 820 2507 895 seipsum:
2552 819 2682 889 quia
2704 834 2766 871 ex

595 920 790 995 seipso
825 927 913 975 est
938 918 1116 993 gloria
1143 919 1367 995 plenuS,
1397 919 1490 975 cui
1517 916 1663 975 nihil
1688 936 1721 973 a
1748 928 1998 975 creatura
2024 916 2192 993 adjici
2206 926 2414 993 potest,
2436 916 2539 974 sed
2555 926 2768 991 propter

599 1037 740 1076 nos:
774 1018 906 1089 quia
935 1016 1201 1075 videlicet
1225 1035 1330 1094 per
1367 1017 1479 1074 hoc
1517 1015 1669 1089 quod
1712 1015 1903 1074 Deum
1942 1034 2290 1084 reveremur,
2320 1026 2377 1073 et
2413 1015 2765 1078 honoramus,

598 1135 761 1175 mens
803 1124 996 1173 nostra
1033 1116 1088 1173 ei
1127 1116 1464 1193 subjicitur:
1509 1124 1567 1171 et
1604 1116 1664 1171 in
1704 1114 1815 1171 hoe
1854 1117 1979 1191 ejus
2008 1115 2283 1190 perfectio
2310 1115 2573 1172 consistit
2574 1152 2765 1171 .....

592 1215 674 1273 Et
698 1214 828 1273 ideo
856 1215 914 1271 in
941 1214 1136 1271 divino
1165 1214 1316 1272 cultu
1343 1232 1583 1272 necesse
1612 1223 1700 1270 est
1726 1214 2009 1287 aliquibus
2037 1214 2424 1291 corporalibus
2454 1214 2558 1282 uti,
2586 1221 2649 1270 ut
2670 1212 2764 1276 eir,

593 1314 757 1386 quasi
785 1314 966 1389 signis
996 1314 1360 1384 quibusdam,
1391 1330 1555 1371 mens
1583 1311 1835 1371 hominis
1863 1314 2140 1373 excitetur
2165 1312 2237 1370 ad
2261 1313 2582 1389 spirituales
2602 1320 2763 1375 actuS,

594 1414 798 1485 quibus
841 1411 972 1470 Deo
1011 1412 1392 1488 conjungitur.
1477 1411 1558 1469 Et
1585 1411 1717 1469 ideo
1762 1412 1961 1488 religio
2001 1412 2173 1469 habet
2210 1412 2442 1484 quidem
2489 1411 2766 1468 interiores

594 1521 751 1569 aetus
781 1512 943 1584 quasi
970 1511 1334 1587 principales,
1364 1519 1420 1566 et
1444 1528 1546 1586 per
1574 1528 1637 1566 se
1665 1509 1733 1569 ad
1774 1511 2109 1587 religionem
2149 1513 2496 1587 pertinentes
2520 1530 2535 1566 z
2580 1508 2765 1565 exteri-

594 1628 724 1668 ores
749 1610 884 1669 vero
913 1620 1070 1667 aetus
1099 1612 1262 1682 quasi
1287 1608 1676 1676 secundarios,
1706 1618 1763 1665 et
1788 1609 1857 1666 ad
1884 1611 2183 1669 interiores
2210 1622 2368 1667 actus
2396 1598 2765 1666 ordinatos.’'¹

675 1714 732 1767 3.
776 1710 1025 1768 Devotio
1051 1728 1084 1765 a
1123 1709 1187 1766 S.
1232 1708 1466 1767 Thoma
1505 1707 1809 1765 definitur:
1855 1710 2173 1767 “voluntas
2214 1707 2471 1779 quaedarn
2515 1714 2760 1783 prompte

597 1808 852 1867 tradendi
872 1827 934 1867 se
957 1807 1027 1865 ad
1054 1826 1123 1864 ea
1147 1826 1274 1881 quae
1302 1808 1585 1883 pertinent
1610 1806 1679 1866 ad
1702 1806 1815 1865 Dei
1836 1802 2261 1866 famulatum.”²
2344 1816 2382 1841 ‘⁶
2407 1806 2764 1865 Manifestum

595 1918 682 1965 est
722 1917 906 1965 autem
948 1904 1100 1979 quod
1140 1907 1364 1982 operari
1403 1924 1472 1961 ea
1509 1924 1637 1976 quae
1678 1908 1961 1981 pertinent
2012 1906 2083 1963 ad
2124 1905 2379 1962 divinum
2422 1906 2635 1961 cultum
2676 1918 2766 1957 seu

593 2004 947 2070 famulatum,
987 2005 1236 2079 pertinet
1269 2003 1497 2079 proprie
1541 2003 1613 2060 ad
1652 1999 2086 2081 religionem-”³
2169 2013 2206 2039 ‘⁶
2228 2002 2421 2061 Causa
2464 2000 2767 2059 devotionis

597 2105 919 2163 extrinseca
946 2111 1003 2158 et
1027 2102 1381 2178 principalis,
1410 2101 1573 2159 Deus
1615 2112 1737 2159 est:
1782 2122 1954 2160 causa
1981 2112 2165 2161 autem
2196 2102 2502 2160 intrinseca
2527 2120 2600 2158 ex
2626 2106 2767 2175 parte

597 2214 790 2263 nostra
829 2210 1051 2279 oportet
1090 2202 1244 2274 quod
1285 2202 1359 2257 sit
1395 2200 1707 2267 meditatio,
1745 2220 1845 2259 seu
1889 2196 2393 2277 contemplatio.”⁴
2474 2198 2767 2258 “Devotio

597 2321 698 2379 per
736 2320 797 2357 se
841 2300 1072 2373 quidem
1115 2312 1172 2357 et
1210 2300 1596 2377 principaliter
1633 2301 1985 2375 spiritualem
2025 2301 2275 2359 laetitiam
2315 2301 2523 2358 mentis
2552 2308 2764 2357 causat:

597 2419 672 2458 ex
699 2399 1072 2470 consequenti
1099 2409 1305 2464 autem,
1327 2406 1382 2453 et
1397 2417 1501 2474 per
1521 2398 1787 2457 accidens
1812 2410 2007 2457 causat
2032 2394 2409 2457 tristitiam.”⁵
2488 2396 2766 2471 Equidem

599 2498 806 2559 divinae
833 2497 1099 2555 bonitatis
1127 2497 1510 2555 consideratio
1537 2498 1783 2555 animam
1808 2498 1997 2555 laetitia
2024 2498 2269 2570 quadam
2310 2497 2617 2573 perfundit,
2655 2510 2770 2568 quae

602 2610 790 2682 tamen
832 2596 1078 2673 perfecta
1121 2613 1237 2654 non
1291 2604 1398 2662 est,
1445 2615 1621 2668 quum
1668 2595 1919 2654 nondum
1967 2597 2097 2655 Deo
2137 2597 2421 2655 fruamur:
2466 2606 2766 2655 nostrarum

599 2706 783 2755 autem
826 2696 1120 2773 culparum
1167 2695 1453 2772 cognatim
1497 2704 1554 2751 et
1592 2695 1843 2769 pericula
1888 2697 2094 2768 quibus
2133 2696 2454 2771 objicimur,
2501 2694 2765 2753 tristitiam

597 2796 880 2873 ingerunt,
910 2813 1034 2867 quae
1061 2794 1240 2853 veniae
1268 2804 1326 2850 et
1351 2794 1548 2851 auxilii
1576 2794 1811 2869 superni
1840 2794 2049 2854 fiducia
2075 2803 2435 2870 temperatur.

1131 2978 1216 3043 (l)
1256 2976 1308 3024 S.
1331 2976 1510 3027 Thom.
1532 2981 1581 3026 2.
1604 2980 1651 3024 2.
1675 2992 1755 3041 qu.
1779 2980 1934 3031 lxxxi.
1956 2986 2041 3028 art.
2063 2978 2145 3029 vii.
2213 2979 2364 3047 Reap.

1135 3064 1220 3127 (2)
1260 3062 1462 3123 Ibidem,
1483 3080 1565 3125 qu.
1586 3064 1760 3113 lxxxii.
1784 3072 1869 3113 art.
1893 3065 1926 3116 i,
1995 3064 2145 3129 Κεφ.

1139 3150 1224 3212 (3)
1264 3147 1461 3207 Ibidem,
1485 3156 1571 3197 art.
1593 3149 1645 3197 ii.
1700 3149 1850 3215 Resp.

1137 3232 1220 3294 (4)
1261 3230 1458 3290 Ibidem,
1481 3239 1568 3279 art.
1590 3228 1673 3281 iit*
1728 3234 1879 3301 Resp-

1140 3314 1226 3380 (5)
1266 3313 1462 3374 Ibidem,
1485 3323 1571 3367 art.
1594 3316 1658 3367 iv,
1727 3318 1879 3389 Rusp-
