3117 5217
1065 568 1181 627 DE
1222 526 1916 629 coopnnATIONE.
2471 568 2588 623 325

412 732 633 793 stando·
718 733 863 792 Post
904 736 1131 811 nuptias
1171 744 1359 793 autem
1397 733 1547 790 bona
1586 732 1702 791 fide
1729 752 1858 790 cum
1885 727 2026 800 viro,
2055 732 2152 803 qui
2181 741 2312 790 voto
2339 732 2588 808 simplici

414 834 683 892 castitatis
710 834 1013 892 obstrictus
1058 844 1163 902 est,
1204 831 1393 899 initas,
1422 850 1537 890 non
1573 840 1772 908 peccat
1811 850 1960 889 uxor
2003 832 2057 888 ei
2096 830 2346 888 debitum
2374 831 2590 908 petenti

416 932 877 1008 obtemperando,
906 942 1127 991 tenetur
1153 932 1303 990 enim
1334 933 1391 989 vi
1428 932 1796 997 matrimonii,
1823 948 2027 1001 resque
2055 948 2158 1005 per
2183 948 2246 985 se
2285 930 2448 988 licet:
2491 947 2598 986 nec

416 1040 603 1107 potest
628 1041 925 1107 peccatum
954 1033 1079 1109 ejus
1106 1029 1385 1107 impedire
1412 1030 1624 1101 absque
1664 1030 1820 1106 gravi
1863 1028 2250 1087 incommodo.
2334 1029 2462 1087 Imo
2489 1046 2595 1085 nec

416 1138 615 1206 peccat
639 1129 889 1207 petendo
914 1129 1103 1189 debito
1125 1148 1141 1197 ;
1169 1130 1339 1187 habet
1362 1129 1516 1187 enim
1535 1130 1654 1204 juS,
1674 1129 1766 1186 cui
1789 1127 2114 1211 satisfacere
2141 1137 2327 1203 potest
2353 1129 2588 1187 maritus

420 1229 635 1300 absque
662 1238 919 1305 peccato.

507 1330 643 1385 137.
684 1327 914 1386 Famuli
940 1334 1214 1385 consueta
1238 1334 1567 1401 praestantes
1596 1327 1872 1398 obsequia
1911 1323 2158 1384 dominis
2193 1346 2309 1384 non
2344 1338 2596 1403 peccant,

423 1426 561 1484 licet
584 1442 653 1483 ea
678 1426 738 1483 in
767 1434 1062 1502 peccatum
1090 1444 1163 1483 ex
1184 1423 1543 1483 dominorum
1567 1426 1780 1483 malitia
1804 1433 2105 1481 vertantur.
2191 1425 2290 1482 Sic
2312 1427 2504 1483 vinum
2533 1426 2604 1483 ad

426 1542 687 1583 mensam
732 1524 1007 1591 deferunt,
1050 1543 1163 1597 quo
1206 1524 1461 1581 convivae
1506 1526 1892 1583 inebrientur:
1934 1541 2042 1580 nec
2082 1524 2236 1580 enim
2263 1524 2460 1581 famuli
2485 1525 2604 1601 ple-

426 1641 668 1695 rumque
695 1624 907 1696 absque
934 1622 1272 1699 gravissimo
1313 1623 1679 1681 incommodo
1719 1638 1980 1680 recusare
2005 1620 2256 1679 officium
2283 1642 2448 1681 suum
2479 1642 2610 1699 pos-

430 1730 581 1779 sunt.
666 1722 725 1779 N
731 1742 807 1780 on
830 1724 909 1781 ita
949 1721 1265 1781 excusandi
1291 1720 1555 1779 videntur
1591 1723 1643 1779 si
1691 1722 1886 1779 vinum
1927 1721 2086 1778 ebrio
2114 1722 2456 1797 propinent;
2498 1740 2606 1779 nec

428 1822 601 1881 etiam
652 1822 703 1877 si
756 1820 992 1879 afferant
1040 1818 1199 1887 illud,
1242 1819 1471 1892 quando
1522 1821 1687 1880 facile
1737 1820 1963 1897 vpossint
2001 1820 2222 1877 domini
2261 1821 2608 1879 voluntatem

428 1918 678 1977 eludere.
762 1920 1038 1978 Famulus
1065 1919 1341 1976 comitans
1367 1917 1602 1977 domino
1629 1920 1784 1977 eunti
1813 1918 1880 1974 ad
1896 1918 2267 1993 lupanarnon
2287 1930 2610 1989 excusatur,

432 2026 470 2053 “
493 2020 543 2076 si
572 2017 744 2075 herus
770 2037 844 2075 ex
874 2020 1144 2077 comitatu
1191 2018 1500 2075 animosior
1538 2017 1802 2076 reddatur
1819 2012 1910 2084 ;”¹
1949 2017 2213 2075 excusari
2239 2028 2428 2076 autem
2455 2019 2612 2076 vide-

431 2127 539 2184 tur,
568 2118 619 2193 si
647 2117 832 2192 gravis
860 2115 1054 2175 damni
1094 2125 1268 2182 metu,
1298 2113 1594 2174 dominum
1641 2124 1929 2188 sequatur,
1958 2093 2128 2192 prout
2164 2116 2328 2185 solet,
2359 2136 2610 2191 eumque

431 2214 761 2273 redeuntem
788 2225 1071 2292 expectet.
1156 2212 1443 2272 Oaeterum
1474 2234 1652 2287 quum
1678 2233 1804 2273 mos
1831 2233 1946 2272 non
1975 2215 2052 2271 sit
2075 2216 2135 2271 in
2161 2214 2256 2271 his
2281 2217 2608 2291 provinciiS‚

432 2323 496 2371 ut
523 2313 719 2371 famuli
746 2332 847 2390 per
870 2316 1030 2373 vicos
1057 2322 1363 2383 sequantur
1382 2312 1668 2381 dominos,
1689 2312 1812 2371 haec
1834 2314 2071 2386 quaestio
2098 2312 2194 2370 vix
2213 2311 2382 2371 habet
2400 2315 2611 2373 locum.

436 2411 628 2478 Quaeri
654 2420 843 2469 autem
873 2421 1060 2488 potest
1081 2420 1271 2469 utrum
1310 2414 1503 2488 auriga
1543 2412 1726 2489 possit
1751 2414 1996 2485 aliquem
2024 2412 2232 2469 vehere
2259 2413 2330 2470 ad
2356 2413 2616 2490 lupanar,

436 2512 559 2568 sive
606 2510 821 2567 ratione
876 2510 1197 2578 famulatuS‚
1250 2511 1374 2567 sive
1426 2510 1692 2568 mercede
1743 2520 1990 2587 accepta.
2073 2509 2318 2568 Videtur
2382 2514 2614 2583 quidem

436 2626 609 2686 posse
632 2628 663 2676 3·
690 2627 797 2667 nec
824 2611 977 2667 enim
1026 2610 1153 2687 ejus
1194 2618 1281 2665 est
1306 2610 1615 2682 inquirere,
1644 2626 1816 2680 quem
1844 2611 1917 2667 ob
1945 2610 2120 2666 finem
2153 2627 2224 2665 eo
2251 2627 2313 2665 se
2340 2611 2609 2679 conferat,

439 2706 541 2765 sed
569 2726 683 2780 quo
705 2708 942 2785 jusserit
966 2728 1097 2766 eum
1127 2707 1366 2767 deferre.
1450 2708 1539 2775 Id,
1568 2708 1835 2784 spectatis
1862 2708 2116 2766 moribus
2141 2706 2312 2785 hujus
2341 2700 2612 2785 regioniS,

444 2805 665 2864 videtur
690 2808 928 2866 omnino
955 2806 1281 2866 dicendum.

524 2909 657 2963 138.
702 2906 883 2964 Plane
908 2906 1183 2982 nonlicet
1209 2905 1420 2964 famulo
1448 2906 1841 2981 obtemperare
1867 2904 2102 2964 domino
2130 2906 2354 2984 jubenti
2380 2918 2443 2965 ut
2469 2927 2620 2980 quae-

442 3013 529 3064 rat
554 3005 608 3061 ei
634 3005 1045 3073 concubinam;
1086 3023 1179 3064 res
1207 3013 1297 3061 est
1320 3006 1473 3062 enim
1515 3024 1621 3081 per
1661 3024 1723 3062 se
1751 3004 1935 3072 mala3
1979 3004 2131 3077 quod
2173 3006 2222 3063 si
2253 3008 2489 3083 jusserit
2527 3028 2622 3065 an-

444 3103 633 3161 cillam
673 3103 731 3163 in
759 3104 1081 3162 cubiculum
1123 3107 1371 3170 mittere,
1399 3104 1622 3162 videtur
1663 3122 1835 3179 posse
1870 3105 2194 3182 jussionem
2237 3104 2362 3162 heri
2390 3106 2618 3176 referre,

444 3202 551 3260 etsi
578 3204 917 3279 suspicetur,
946 3203 1037 3260 vel
1062 3202 1181 3261 fere
1206 3204 1447 3270 noverit,
1476 3222 1604 3261 eam
1643 3205 1704 3261 in
1742 3204 1957 3261 malum
1997 3204 2172 3261 finem
2203 3205 2432 3273 arcessi,
2462 3206 2622 3264 dum-

444 3300 615 3359 modo
642 3311 833 3361 tamen
860 3303 1043 3378 ipsam
1071 3304 1309 3379 periculi
1326 3302 1642 3371 monuerim
1664 3303 1832 3379 jussa
1851 3304 2006 3361 enim
2025 3303 2345 3370 referende,
2370 3306 2622 3381 simplici

446 3400 745 3461 famulatus
774 3401 965 3459 officio
993 3401 1264 3477 fungitur.
1321 3402 1460 3459 Non
1484 3402 1684 3459 liceret
1708 3410 1892 3458 autem
1929 3420 2054 3457 eam
2082 3403 2155 3460 ob
2183 3416 2418 3478 pravum
2449 3404 2624 3463 finem

448 3519 481 3555 a
506 3498 737 3558 domino
765 3500 1106 3557 declaratum
1134 3498 1431 3565 advocare,
1462 3500 1599 3571 quia
1621 3498 1922 3557 manifesto
1951 3498 2094 3556 foret
2130 3518 2223 3556 res
2250 3500 2416 3556 mala.
2501 3504 2623 3559 Ex-

448 3606 672 3654 cusatur
696 3599 865 3657 etiam
892 3595 1156 3664 ramulus,
1180 3598 1299 3668 qui,
1322 3596 1556 3655 domino
1577 3596 1833 3672 jubente,
1860 3597 2156 3655 mulierem
2183 3616 2348 3655 curru
2381 3599 2535 3657 vehit
2559 3601 2630 3659 ad

446 3693 702 3764 domum,
740 3694 885 3752 nihil
928 3695 1285 3771 interrogans
1330 3693 1401 3753 de
1448 3695 1690 3753 consilio
1715 3714 1832 3767 quo
1874 3696 2064 3751 venit:
2107 3695 2264 3767 quod
2309 3696 2358 3752 si
2386 3700 2623 3758 omnino

451 3793 669 3867 liqueat
704 3812 831 3851 eam
870 3811 1109 3869 pravum
1148 3795 1223 3852 ob
1267 3795 1443 3853 finem
1484 3794 1699 3863 venire,
1745 3812 1863 3851 non
1915 3792 2137 3852 videtur
2177 3812 2408 3870 operam
2463 3816 2628 3859 suam

455 3902 722 3970 praestare
763 3910 957 3968 posse,
984 3894 1097 3951 nisi
1125 3912 1295 3970 grave
1336 3894 1588 3965 alioquin
1633 3892 2031 3952 detrimentum
2072 3894 2196 3970 ipse
2239 3912 2510 3971 passurus
2535 3901 2628 3957 sit.

456 3992 761 4051 Famulum
789 4010 903 4049 non
949 4010 1121 4067 posse
1150 3992 1221 4050 ad
1266 3994 1617 4051 meretricem
1657 4010 1892 4050 munera
1928 3992 2167 4062 deferre,
2205 3994 2340 4051 licet
2365 3994 2634 4057 dominus

448 4091 704 4168 jusserit,
732 4100 927 4147 censet
952 4090 1016 4147 S.
1049 4091 1381 4168 Alphonsus
1410 4100 1539 4168 post
1571 4092 1642 4149 P.
1673 4088 2013 4161 Concinam,
2042 4104 2246 4169 putans
2287 4101 2326 4128 ‘⁴
2349 4094 2460 4154 hoc
2503 4116 2630 4157 esse

456 4189 759 4247 intrinsece
803 4189 1039 4258 malum,
1069 4192 1203 4263 quia
1241 4209 1437 4249 revera
1478 4208 1711 4249 munera
1749 4210 1853 4267 per
1891 4210 1956 4249 se
1999 4201 2218 4269 turpem
2259 4212 2510 4273 amorem
2550 4197 2633 4254 fo·

461 4280 691 4346 vent.”²

730 4490 813 4556 (1)
852 4488 905 4541 s,
934 4478 1233 4555 Alphonus,
1256 4494 1288 4543 1.
1311 4492 1360 4542 ii.
1384 4508 1433 4541 n.
1459 4493 1538 4541 64.
2045 4496 2128 4559 (2)
2167 4494 2364 4543 lbidem.

619 4585 773 4643 Von.
816 4585 1062 4645 11.—29
