<?xml version="1.0" encoding="UTF-8"?>
<!DOCTYPE html PUBLIC "-//W3C//DTD XHTML 1.0 Transitional//EN"
    "http://www.w3.org/TR/xhtml1/DTD/xhtml1-transitional.dtd">
<html xmlns="http://www.w3.org/1999/xhtml" xml:lang="en" lang="en">
 <head>
  <title>
</title>
<meta http-equiv="Content-Type" content="text/html;charset=utf-8" />
  <meta name='ocr-system' content='tesseract 3.04.00' />
  <meta name='ocr-capabilities' content='ocr_page ocr_carea ocr_par ocr_line ocrx_word'/>
</head>
<body>
  <div class='ocr_page' id='page_1' title='image "./theologiaemoral00unkngoog_0278.png"; bbox 0 0 3117 5217; ppageno 0'>
   <div class='ocr_carea' id='block_1_1' title="bbox 523 554 2015 627">
    <p class='ocr_par' dir='ltr' id='par_1_1' title="bbox 523 554 2015 627">
     <span class='ocr_line' id='line_1_1' title="bbox 523 554 2015 627; baseline -0.002 -11"><span class='ocrx_word' id='word_1_1' title='bbox 523 562 645 617; x_wconf 80' lang='grc'>264</span> <span class='ocrx_word' id='word_1_2' title='bbox 1213 555 1327 627; x_wconf 84' lang='lat' dir='ltr'>DE</span> <span class='ocrx_word' id='word_1_3' title='bbox 1370 554 1600 614; x_wconf 89' lang='lat' dir='ltr'><strong>FIDEI</strong></span> <span class='ocrx_word' id='word_1_4' title='bbox 1645 556 2015 619; x_wconf 84' lang='lat' dir='ltr'>NATURA.</span> 
     </span>
    </p>
   </div>
   <div class='ocr_carea' id='block_1_2' title="bbox 526 721 2770 3962">
    <p class='ocr_par' dir='ltr' id='par_1_2' title="bbox 526 721 2721 1092">
     <span class='ocr_line' id='line_1_2' title="bbox 528 721 2721 797; baseline 0 -16"><span class='ocrx_word' id='word_1_5' title='bbox 528 725 819 781; x_wconf 80' lang='lat' dir='ltr'>Assensus</span> <span class='ocrx_word' id='word_1_6' title='bbox 856 722 992 780; x_wconf 89' lang='lat' dir='ltr'>fidei</span> <span class='ocrx_word' id='word_1_7' title='bbox 1030 721 1473 797; x_wconf 85' lang='lat' dir='ltr'>supernaturalis</span> <span class='ocrx_word' id='word_1_8' title='bbox 1510 730 1570 778; x_wconf 89' lang='lat' dir='ltr'>et</span> <span class='ocrx_word' id='word_1_9' title='bbox 1607 722 1765 779; x_wconf 85' lang='lat' dir='ltr'>utilis</span> <span class='ocrx_word' id='word_1_10' title='bbox 1805 722 1876 783; x_wconf 78' lang='lat' dir='ltr'>ad</span> <span class='ocrx_word' id='word_1_11' title='bbox 1912 721 2177 790; x_wconf 73' lang='lat' dir='ltr'>salutem,</span> <span class='ocrx_word' id='word_1_12' title='bbox 2221 730 2331 779; x_wconf 86' lang='lat' dir='ltr'>stat</span> <span class='ocrx_word' id='word_1_13' title='bbox 2357 743 2489 781; x_wconf 90' lang='lat' dir='ltr'>cum</span> <span class='ocrx_word' id='word_1_14' title='bbox 2517 726 2721 783; x_wconf 84' lang='lat' dir='ltr'>notitia</span> 
     </span>
     <span class='ocr_line' id='line_1_3' title="bbox 526 820 2712 897; baseline 0.001 -18"><span class='ocrx_word' id='word_1_15' title='bbox 526 824 713 881; x_wconf 85' lang='lat' dir='ltr'>solum</span> <span class='ocrx_word' id='word_1_16' title='bbox 740 820 1017 897; x_wconf 88' lang='lat' dir='ltr'>probabili</span> <span class='ocrx_word' id='word_1_17' title='bbox 1044 820 1439 877; x_wconf 87' lang='lat' dir='ltr'>revelationis:</span> <span class='ocrx_word' id='word_1_18' title='bbox 1484 820 1602 878; x_wconf 90' lang='lat' dir='ltr'>imo</span> <span class='ocrx_word' id='word_1_19' title='bbox 1629 840 1758 878; x_wconf 86' lang='lat' dir='ltr'>cum</span> <span class='ocrx_word' id='word_1_20' title='bbox 1787 820 2112 890; x_wconf 87' lang='lat' dir='ltr'>formidine,</span> <span class='ocrx_word' id='word_1_21' title='bbox 2137 840 2250 895; x_wconf 87' lang='lat' dir='ltr'>qua</span> <span class='ocrx_word' id='word_1_22' title='bbox 2277 823 2404 893; x_wconf 90' lang='lat' dir='ltr'>quis</span> <span class='ocrx_word' id='word_1_23' title='bbox 2427 823 2712 892; x_wconf 83' lang='lat' dir='ltr'><strong>formidat,</strong></span> 
     </span>
     <span class='ocr_line' id='line_1_4' title="bbox 528 918 2714 981; baseline 0 -2"><span class='ocrx_word' id='word_1_24' title='bbox 528 940 602 979; x_wconf 89' lang='lat' dir='ltr'>ne</span> <span class='ocrx_word' id='word_1_25' title='bbox 629 939 743 978; x_wconf 90' lang='lat' dir='ltr'>non</span> <span class='ocrx_word' id='word_1_26' title='bbox 770 921 846 977; x_wconf 88' lang='lat' dir='ltr'>sit</span> <span class='ocrx_word' id='word_1_27' title='bbox 868 919 1091 977; x_wconf 83' lang='lat' dir='ltr'>locutus</span> <span class='ocrx_word' id='word_1_28' title='bbox 1119 918 1301 976; x_wconf 91' lang='lat' dir='ltr'>Deus.</span> <span class='ocrx_word' id='word_1_29' title='bbox 1384 924 1485 976; x_wconf 83' lang='lat'>22.</span> <span class='ocrx_word' id='word_1_30' title='bbox 1528 918 1702 979; x_wconf 89' lang='lat' dir='ltr'>Fides</span> <span class='ocrx_word' id='word_1_31' title='bbox 1727 920 1839 977; x_wconf 86' lang='lat' dir='ltr'>late</span> <span class='ocrx_word' id='word_1_32' title='bbox 1868 920 2016 977; x_wconf 88' lang='lat' dir='ltr'>dicta</span> <span class='ocrx_word' id='word_1_33' title='bbox 2049 940 2125 979; x_wconf 85' lang='lat' dir='ltr'>ex</span> <span class='ocrx_word' id='word_1_34' title='bbox 2154 920 2476 979; x_wconf 87' lang='lat' dir='ltr'>testimonio</span> <span class='ocrx_word' id='word_1_35' title='bbox 2503 934 2714 981; x_wconf 88' lang='lat' dir='ltr'>creatu·</span> 
     </span>
     <span class='ocr_line' id='line_1_5' title="bbox 528 1014 2196 1092; baseline 0 -15"><span class='ocrx_word' id='word_1_36' title='bbox 528 1038 737 1085; x_wconf 87' lang='lat' dir='ltr'>rarum,</span> <span class='ocrx_word' id='word_1_37' title='bbox 766 1017 1011 1076; x_wconf 80' lang='lat' dir='ltr'>similive</span> <span class='ocrx_word' id='word_1_38' title='bbox 1040 1019 1277 1085; x_wconf 86' lang='lat' dir='ltr'>motivo,</span> <span class='ocrx_word' id='word_1_39' title='bbox 1306 1014 1374 1073; x_wconf 92' lang='lat' dir='ltr'>ad</span> <span class='ocrx_word' id='word_1_40' title='bbox 1394 1017 1863 1092; x_wconf 86' lang='lat' dir='ltr'>justificationem</span> <span class='ocrx_word' id='word_1_41' title='bbox 1891 1014 2196 1077; x_wconf 88' lang='lat' dir='ltr'>sufficit.’&#39;¹</span> 
     </span>
    </p>

    <p class='ocr_par' dir='ltr' id='par_1_3' title="bbox 528 1116 2770 2083">
     <span class='ocr_line' id='line_1_6' title="bbox 610 1116 2714 1193; baseline 0 -18"><span class='ocrx_word' id='word_1_42' title='bbox 610 1124 668 1175; x_wconf 83' lang='lat'>2.</span> <span class='ocrx_word' id='word_1_43' title='bbox 712 1116 877 1175; x_wconf 89' lang='lat' dir='ltr'>Fidei</span> <span class='ocrx_word' id='word_1_44' title='bbox 905 1117 1185 1175; x_wconf 86' lang='lat' dir='ltr'>certitudo</span> <span class='ocrx_word' id='word_1_45' title='bbox 1212 1116 1463 1173; x_wconf 80' lang='lat' dir='ltr'>maxima</span> <span class='ocrx_word' id='word_1_46' title='bbox 1488 1126 1595 1184; x_wconf 84' lang='lat' dir='ltr'>est,</span> <span class='ocrx_word' id='word_1_47' title='bbox 1633 1125 1827 1193; x_wconf 78' lang='lat' dir='ltr'>utpote</span> <span class='ocrx_word' id='word_1_48' title='bbox 1856 1116 2048 1175; x_wconf 90' lang='lat' dir='ltr'>divina</span> <span class='ocrx_word' id='word_1_49' title='bbox 2074 1118 2306 1176; x_wconf 83' lang='lat' dir='ltr'>veritate</span> <span class='ocrx_word' id='word_1_50' title='bbox 2331 1118 2550 1185; x_wconf 80' lang='lat' dir='ltr'>innixa,</span> <span class='ocrx_word' id='word_1_51' title='bbox 2580 1139 2714 1191; x_wconf 86' lang='lat' dir='ltr'>qua-</span> 
     </span>
     <span class='ocr_line' id='line_1_7' title="bbox 531 1214 2716 1294; baseline 0.001 -21"><span class='ocrx_word' id='word_1_52' title='bbox 531 1228 759 1294; x_wconf 86' lang='lat' dir='ltr'>propter</span> <span class='ocrx_word' id='word_1_53' title='bbox 786 1234 912 1273; x_wconf 87' lang='lat' dir='ltr'>eam</span> <span class='ocrx_word' id='word_1_54' title='bbox 940 1216 1079 1274; x_wconf 90' lang='lat' dir='ltr'>dicit</span> <span class='ocrx_word' id='word_1_55' title='bbox 1120 1216 1185 1271; x_wconf 89' lang='lat' dir='ltr'>S.</span> <span class='ocrx_word' id='word_1_56' title='bbox 1216 1214 1477 1273; x_wconf 82' lang='lat' dir='ltr'>Thomas</span> <span class='ocrx_word' id='word_1_57' title='bbox 1520 1224 1786 1291; x_wconf 81' lang='lat' dir='ltr'>praestare</span> <span class='ocrx_word' id='word_1_58' title='bbox 1828 1216 2077 1275; x_wconf 84' lang='lat' dir='ltr'>scientiae</span> <span class='ocrx_word' id='word_1_59' title='bbox 2105 1218 2368 1276; x_wconf 79' lang='lat' dir='ltr'>humanae</span> <span class='ocrx_word' id='word_1_60' title='bbox 2411 1226 2450 1251; x_wconf 82' lang='lat'>‘⁸</span> <span class='ocrx_word' id='word_1_61' title='bbox 2474 1218 2716 1293; x_wconf 80' lang='lat' dir='ltr'>Aposto-</span> 
     </span>
     <span class='ocr_line' id='line_1_8' title="bbox 528 1312 2770 1390; baseline 0 -17"><span class='ocrx_word' id='word_1_62' title='bbox 528 1317 619 1374; x_wconf 89' lang='lat' dir='ltr'>lus</span> <span class='ocrx_word' id='word_1_63' title='bbox 659 1315 794 1372; x_wconf 84' lang='lat' dir='ltr'>dicit</span> <span class='ocrx_word' id='word_1_64' title='bbox 838 1319 890 1372; x_wconf 94' lang='lat'>1.</span> <span class='ocrx_word' id='word_1_65' title='bbox 922 1317 995 1374; x_wconf 90' lang='lat' dir='ltr'>ad</span> <span class='ocrx_word' id='word_1_66' title='bbox 1033 1314 1246 1373; x_wconf 78' lang='lat' dir='ltr'>Thess·</span> <span class='ocrx_word' id='word_1_67' title='bbox 1277 1314 1357 1371; x_wconf 88' lang='grc' dir='ltr'>ΙΙ.</span> <span class='ocrx_word' id='word_1_68' title='bbox 1400 1333 1523 1390; x_wconf 88' lang='lat' dir='ltr'>cap.</span> <span class='ocrx_word' id='word_1_69' title='bbox 1571 1312 1760 1372; x_wconf 84' lang='lat' dir='ltr'>‘Cum</span> <span class='ocrx_word' id='word_1_70' title='bbox 1803 1316 2171 1390; x_wconf 83' lang='lat' dir='ltr'>accepissetis</span> <span class='ocrx_word' id='word_1_71' title='bbox 2213 1336 2244 1373; x_wconf 89' lang='lat' dir='ltr'>a</span> <span class='ocrx_word' id='word_1_72' title='bbox 2283 1316 2448 1373; x_wconf 84' lang='lat' dir='ltr'>nobis</span> <span class='ocrx_word' id='word_1_73' title='bbox 2477 1317 2710 1373; x_wconf 88' lang='lat' dir='ltr'>verbum</span> <span class='ocrx_word' id='word_1_74' title='bbox 2767 1312 2770 1315; x_wconf 62' lang='grc'>’</span> 
     </span>
     <span class='ocr_line' id='line_1_9' title="bbox 531 1412 2710 1489; baseline 0 -18"><span class='ocrx_word' id='word_1_75' title='bbox 531 1413 794 1480; x_wconf 84' lang='lat' dir='ltr'>auditus‚’</span> <span class='ocrx_word' id='word_1_76' title='bbox 826 1414 1043 1472; x_wconf 89' lang='lat' dir='ltr'>scilicet</span> <span class='ocrx_word' id='word_1_77' title='bbox 1068 1432 1169 1489; x_wconf 89' lang='lat' dir='ltr'>per</span> <span class='ocrx_word' id='word_1_78' title='bbox 1194 1413 1390 1479; x_wconf 90' lang='lat' dir='ltr'>fidem,</span> <span class='ocrx_word' id='word_1_79' title='bbox 1434 1421 1451 1447; x_wconf 79' lang='lat'><strong><em>⁴</em></strong></span> <span class='ocrx_word' id='word_1_80' title='bbox 1476 1414 1774 1488; x_wconf 76' lang='lat' dir='ltr'>accepistis</span> <span class='ocrx_word' id='word_1_81' title='bbox 1812 1412 1871 1470; x_wconf 92' lang='lat' dir='ltr'>id</span> <span class='ocrx_word' id='word_1_82' title='bbox 1900 1432 2018 1471; x_wconf 86' lang='lat' dir='ltr'>non</span> <span class='ocrx_word' id='word_1_83' title='bbox 2043 1425 2105 1471; x_wconf 91' lang='lat' dir='ltr'>ut</span> <span class='ocrx_word' id='word_1_84' title='bbox 2131 1414 2366 1472; x_wconf 51' lang='lat' dir='ltr'>verbum</span> <span class='ocrx_word' id='word_1_85' title='bbox 2393 1413 2710 1481; x_wconf 90' lang='lat' dir='ltr'>hominum,</span> 
     </span>
     <span class='ocr_line' id='line_1_10' title="bbox 532 1511 2712 1591; baseline -0 -20"><span class='ocrx_word' id='word_1_86' title='bbox 532 1514 635 1571; x_wconf 91' lang='lat' dir='ltr'>sed</span> <span class='ocrx_word' id='word_1_87' title='bbox 662 1513 807 1571; x_wconf 87' lang='lat' dir='ltr'>sicut</span> <span class='ocrx_word' id='word_1_88' title='bbox 833 1532 963 1571; x_wconf 86' lang='lat' dir='ltr'>vere</span> <span class='ocrx_word' id='word_1_89' title='bbox 992 1523 1097 1579; x_wconf 90' lang='lat' dir='ltr'>est,</span> <span class='ocrx_word' id='word_1_90' title='bbox 1126 1513 1358 1569; x_wconf 83' lang='lat' dir='ltr'>verbum</span> <span class='ocrx_word' id='word_1_91' title='bbox 1386 1511 1519 1569; x_wconf 90' lang='lat' dir='ltr'>Dei.</span> <span class='ocrx_word' id='word_1_92' title='bbox 1606 1511 1722 1569; x_wconf 82' lang='lat' dir='ltr'>Sed</span> <span class='ocrx_word' id='word_1_93' title='bbox 1750 1511 1895 1569; x_wconf 92' lang='lat' dir='ltr'>nihil</span> <span class='ocrx_word' id='word_1_94' title='bbox 1921 1514 2128 1570; x_wconf 87' lang='lat' dir='ltr'>certius</span> <span class='ocrx_word' id='word_1_95' title='bbox 2158 1515 2330 1572; x_wconf 87' lang='lat' dir='ltr'>verbo</span> <span class='ocrx_word' id='word_1_96' title='bbox 2357 1511 2491 1571; x_wconf 91' lang='lat' dir='ltr'>Dei.</span> <span class='ocrx_word' id='word_1_97' title='bbox 2551 1514 2712 1591; x_wconf 83' lang='lat' dir='ltr'>Ergo</span> 
     </span>
     <span class='ocr_line' id='line_1_11' title="bbox 532 1605 2712 1688; baseline 0 -19"><span class='ocrx_word' id='word_1_98' title='bbox 532 1613 768 1670; x_wconf 87' lang='lat' dir='ltr'>scientia</span> <span class='ocrx_word' id='word_1_99' title='bbox 808 1632 922 1671; x_wconf 90' lang='lat' dir='ltr'>non</span> <span class='ocrx_word' id='word_1_100' title='bbox 962 1622 1050 1669; x_wconf 89' lang='lat' dir='ltr'>est</span> <span class='ocrx_word' id='word_1_101' title='bbox 1092 1612 1299 1670; x_wconf 86' lang='lat' dir='ltr'>certior</span> <span class='ocrx_word' id='word_1_102' title='bbox 1338 1610 1471 1678; x_wconf 92' lang='lat' dir='ltr'>fide,</span> <span class='ocrx_word' id='word_1_103' title='bbox 1514 1628 1621 1667; x_wconf 90' lang='lat' dir='ltr'>nec</span> <span class='ocrx_word' id='word_1_104' title='bbox 1661 1609 1876 1682; x_wconf 86' lang='lat' dir='ltr'>aliquid</span> <span class='ocrx_word' id='word_1_105' title='bbox 1917 1605 2166 1669; x_wconf 77' lang='lat' dir='ltr'>aliud.’&#39;²</span> <span class='ocrx_word' id='word_1_106' title='bbox 2248 1610 2472 1669; x_wconf 88' lang='lat' dir='ltr'>“Sicut</span> <span class='ocrx_word' id='word_1_107' title='bbox 2509 1612 2712 1688; x_wconf 87' lang='lat' dir='ltr'>aliquis</span> 
     </span>
     <span class='ocr_line' id='line_1_12' title="bbox 536 1708 2713 1788; baseline -0 -20"><span class='ocrx_word' id='word_1_108' title='bbox 536 1730 720 1788; x_wconf 82' lang='lat' dir='ltr'>parvae</span> <span class='ocrx_word' id='word_1_109' title='bbox 749 1713 1001 1770; x_wconf 87' lang='lat' dir='ltr'>scientiae</span> <span class='ocrx_word' id='word_1_110' title='bbox 1028 1711 1213 1787; x_wconf 87' lang='lat' dir='ltr'>magis</span> <span class='ocrx_word' id='word_1_111' title='bbox 1254 1710 1594 1767; x_wconf 85' lang='lat' dir='ltr'>certificatur</span> <span class='ocrx_word' id='word_1_112' title='bbox 1621 1708 1690 1765; x_wconf 90' lang='lat' dir='ltr'>de</span> <span class='ocrx_word' id='word_1_113' title='bbox 1733 1728 1826 1777; x_wconf 89' lang='lat' dir='ltr'>eo,</span> <span class='ocrx_word' id='word_1_114' title='bbox 1857 1710 2008 1781; x_wconf 91' lang='lat' dir='ltr'>quod</span> <span class='ocrx_word' id='word_1_115' title='bbox 2049 1712 2156 1768; x_wconf 89' lang='lat' dir='ltr'>sibi</span> <span class='ocrx_word' id='word_1_116' title='bbox 2200 1710 2514 1768; x_wconf 88' lang='lat' dir='ltr'>secundum</span> <span class='ocrx_word' id='word_1_117' title='bbox 2555 1730 2713 1767; x_wconf 83' lang='lat' dir='ltr'>suam</span> 
     </span>
     <span class='ocr_line' id='line_1_13' title="bbox 533 1808 2717 1893; baseline -0.001 -25"><span class='ocrx_word' id='word_1_118' title='bbox 533 1812 811 1872; x_wconf 83' lang='lat' dir='ltr'>rationem</span> <span class='ocrx_word' id='word_1_119' title='bbox 838 1810 1075 1893; x_wconf 80' lang='lat' dir='ltr'>videtur.</span> <span class='ocrx_word' id='word_1_120' title='bbox 1125 1810 1207 1868; x_wconf 91' lang='lat' dir='ltr'>Et</span> <span class='ocrx_word' id='word_1_121' title='bbox 1231 1808 1618 1884; x_wconf 80' lang='lat' dir='ltr'>multo&#39;magis</span> <span class='ocrx_word' id='word_1_122' title='bbox 1641 1808 1814 1866; x_wconf 90' lang='lat' dir='ltr'>homo</span> <span class='ocrx_word' id='word_1_123' title='bbox 1836 1809 2038 1866; x_wconf 82' lang='lat' dir='ltr'>certior</span> <span class='ocrx_word' id='word_1_124' title='bbox 2063 1818 2150 1865; x_wconf 89' lang='lat' dir='ltr'>est</span> <span class='ocrx_word' id='word_1_125' title='bbox 2174 1809 2244 1866; x_wconf 92' lang='lat' dir='ltr'>de</span> <span class='ocrx_word' id='word_1_126' title='bbox 2271 1828 2361 1875; x_wconf 89' lang='lat' dir='ltr'>eo,</span> <span class='ocrx_word' id='word_1_127' title='bbox 2385 1809 2538 1881; x_wconf 90' lang='lat' dir='ltr'>quod</span> <span class='ocrx_word' id='word_1_128' title='bbox 2563 1810 2717 1867; x_wconf 90' lang='lat' dir='ltr'>audit</span> 
     </span>
     <span class='ocr_line' id='line_1_14' title="bbox 536 1905 2712 1985; baseline 0 -20"><span class='ocrx_word' id='word_1_129' title='bbox 536 1928 569 1965; x_wconf 86' lang='lat' dir='ltr'>a</span> <span class='ocrx_word' id='word_1_130' title='bbox 598 1910 727 1966; x_wconf 91' lang='lat' dir='ltr'>Deo</span> <span class='ocrx_word' id='word_1_131' title='bbox 754 1912 853 1981; x_wconf 88' lang='lat' dir='ltr'>qui</span> <span class='ocrx_word' id='word_1_132' title='bbox 880 1910 998 1966; x_wconf 87' lang='lat' dir='ltr'>salli</span> <span class='ocrx_word' id='word_1_133' title='bbox 1024 1926 1139 1965; x_wconf 91' lang='lat' dir='ltr'>non</span> <span class='ocrx_word' id='word_1_134' title='bbox 1182 1915 1390 1983; x_wconf 90' lang='lat' dir='ltr'>potest,</span> <span class='ocrx_word' id='word_1_135' title='bbox 1421 1925 1591 1978; x_wconf 89' lang='lat' dir='ltr'>quam</span> <span class='ocrx_word' id='word_1_136' title='bbox 1633 1905 1704 1963; x_wconf 88' lang='lat' dir='ltr'>de</span> <span class='ocrx_word' id='word_1_137' title='bbox 1744 1925 1816 1964; x_wconf 90' lang='lat' dir='ltr'>eo</span> <span class='ocrx_word' id='word_1_138' title='bbox 1843 1906 1996 1979; x_wconf 89' lang='lat' dir='ltr'>quod</span> <span class='ocrx_word' id='word_1_139' title='bbox 2023 1908 2179 1966; x_wconf 83' lang='lat' dir='ltr'>videt</span> <span class='ocrx_word' id='word_1_140' title='bbox 2216 1909 2450 1985; x_wconf 84' lang='lat' dir='ltr'>propria</span> <span class='ocrx_word' id='word_1_141' title='bbox 2477 1910 2712 1976; x_wconf 72' lang='lat' dir='ltr'>ratione,</span> 
     </span>
     <span class='ocr_line' id='line_1_15' title="bbox 534 1998 1115 2083; baseline -0.003 -20"><span class='ocrx_word' id='word_1_142' title='bbox 534 2026 661 2077; x_wconf 81' lang='lat' dir='ltr'>quae</span> <span class='ocrx_word' id='word_1_143' title='bbox 690 2006 806 2063; x_wconf 85' lang='lat' dir='ltr'>falli</span> <span class='ocrx_word' id='word_1_144' title='bbox 832 1998 1115 2083; x_wconf 81' lang='lat' dir='ltr'>potest.’&#39;³</span> 
     </span>
    </p>

    <p class='ocr_par' dir='ltr' id='par_1_4' title="bbox 534 2103 2718 2857">
     <span class='ocr_line' id='line_1_16' title="bbox 613 2103 2716 2171; baseline 0 -8"><span class='ocrx_word' id='word_1_145' title='bbox 613 2110 670 2163; x_wconf 84' lang='lat'>3.</span> <span class='ocrx_word' id='word_1_146' title='bbox 715 2105 934 2163; x_wconf 90' lang='lat' dir='ltr'>Eadem</span> <span class='ocrx_word' id='word_1_147' title='bbox 976 2106 1239 2163; x_wconf 89' lang='lat' dir='ltr'>omnibus</span> <span class='ocrx_word' id='word_1_148' title='bbox 1278 2103 1542 2162; x_wconf 87' lang='lat' dir='ltr'>fidelibus</span> <span class='ocrx_word' id='word_1_149' title='bbox 1585 2114 1673 2161; x_wconf 89' lang='lat' dir='ltr'>est</span> <span class='ocrx_word' id='word_1_150' title='bbox 1715 2103 1881 2171; x_wconf 86' lang='lat' dir='ltr'>fides,</span> <span class='ocrx_word' id='word_1_151' title='bbox 1923 2124 2055 2163; x_wconf 89' lang='lat' dir='ltr'>nam</span> <span class='ocrx_word' id='word_1_152' title='bbox 2099 2114 2273 2163; x_wconf 89' lang='lat' dir='ltr'>“una</span> <span class='ocrx_word' id='word_1_153' title='bbox 2309 2104 2454 2163; x_wconf 85' lang='lat' dir='ltr'>fides</span> <span class='ocrx_word' id='word_1_154' title='bbox 2571 2108 2716 2163; x_wconf 87' lang='lat' dir='ltr'>sicut</span> 
     </span>
     <span class='ocr_line' id='line_1_17' title="bbox 535 2205 2718 2279; baseline -0 -17"><span class='ocrx_word' id='word_1_155' title='bbox 535 2224 683 2262; x_wconf 90' lang='lat' dir='ltr'>unus</span> <span class='ocrx_word' id='word_1_156' title='bbox 711 2219 800 2261; x_wconf 91' lang='lat' dir='ltr'>est</span> <span class='ocrx_word' id='word_1_157' title='bbox 838 2205 1157 2262; x_wconf 87' lang='lat' dir='ltr'>Dominus:</span> <span class='ocrx_word' id='word_1_158' title='bbox 1203 2214 1465 2261; x_wconf 85' lang='lat' dir='ltr'>caeterum</span> <span class='ocrx_word' id='word_1_159' title='bbox 1511 2205 1790 2261; x_wconf 88' lang='lat' dir='ltr'>intensior</span> <span class='ocrx_word' id='word_1_160' title='bbox 1834 2213 1922 2261; x_wconf 90' lang='lat' dir='ltr'>est</span> <span class='ocrx_word' id='word_1_161' title='bbox 1963 2205 2058 2260; x_wconf 90' lang='lat' dir='ltr'>uni</span> <span class='ocrx_word' id='word_1_162' title='bbox 2101 2223 2214 2279; x_wconf 71' lang='lat' dir='ltr'>prae</span> <span class='ocrx_word' id='word_1_163' title='bbox 2259 2206 2476 2271; x_wconf 88' lang='lat' dir='ltr'>altero;</span> <span class='ocrx_word' id='word_1_164' title='bbox 2521 2205 2718 2262; x_wconf 87' lang='lat' dir='ltr'>“dicit</span> 
     </span>
     <span class='ocr_line' id='line_1_18' title="bbox 536 2301 2711 2374; baseline -0.001 -14"><span class='ocrx_word' id='word_1_165' title='bbox 536 2305 689 2360; x_wconf 89' lang='lat' dir='ltr'>enim</span> <span class='ocrx_word' id='word_1_166' title='bbox 723 2303 1011 2361; x_wconf 89' lang='lat' dir='ltr'>Dominus</span> <span class='ocrx_word' id='word_1_167' title='bbox 1052 2304 1246 2369; x_wconf 85' lang='lat' dir='ltr'>Petr0‚</span> <span class='ocrx_word' id='word_1_168' title='bbox 1288 2303 1458 2359; x_wconf 88' lang='lat' dir='ltr'>Matt.</span> <span class='ocrx_word' id='word_1_169' title='bbox 1502 2303 1622 2359; x_wconf 87' lang='lat' dir='ltr'>xiv.</span> <span class='ocrx_word' id='word_1_170' title='bbox 1667 2310 1682 2337; x_wconf 90' lang='lat'><strong>‘</strong></span> <span class='ocrx_word' id='word_1_171' title='bbox 1706 2301 1956 2365; x_wconf 87' lang='lat' dir='ltr'>Modicae</span> <span class='ocrx_word' id='word_1_172' title='bbox 1997 2301 2129 2359; x_wconf 90' lang='lat' dir='ltr'>fidei</span> <span class='ocrx_word' id='word_1_173' title='bbox 2171 2321 2346 2374; x_wconf 85' lang='lat' dir='ltr'>quare</span> <span class='ocrx_word' id='word_1_174' title='bbox 2387 2304 2649 2361; x_wconf 86' lang='lat' dir='ltr'>dubitasti</span> <span class='ocrx_word' id='word_1_175' title='bbox 2669 2304 2711 2358; x_wconf 63' lang='grc' dir='ltr'>’.θ’</span> 
     </span>
     <span class='ocr_line' id='line_1_19' title="bbox 538 2400 2717 2477; baseline -0 -18"><span class='ocrx_word' id='word_1_176' title='bbox 538 2401 619 2459; x_wconf 91' lang='lat' dir='ltr'>Et</span> <span class='ocrx_word' id='word_1_177' title='bbox 644 2401 869 2458; x_wconf 90' lang='lat' dir='ltr'>mulieri</span> <span class='ocrx_word' id='word_1_178' title='bbox 896 2403 1043 2459; x_wconf 86' lang='lat' dir='ltr'>dixit</span> <span class='ocrx_word' id='word_1_179' title='bbox 1068 2402 1233 2461; x_wconf 90' lang='lat' dir='ltr'>Matt.</span> <span class='ocrx_word' id='word_1_180' title='bbox 1264 2420 1361 2457; x_wconf 85' lang='lat' dir='ltr'>xv.</span> <span class='ocrx_word' id='word_1_181' title='bbox 1410 2409 1425 2435; x_wconf 90' lang='lat'>‘</span> <span class='ocrx_word' id='word_1_182' title='bbox 1446 2400 1681 2467; x_wconf 83' lang='lat' dir='ltr'>Mulier,</span> <span class='ocrx_word' id='word_1_183' title='bbox 1711 2420 1920 2477; x_wconf 87' lang='lat' dir='ltr'>magna</span> <span class='ocrx_word' id='word_1_184' title='bbox 1943 2410 2030 2457; x_wconf 90' lang='lat' dir='ltr'>est</span> <span class='ocrx_word' id='word_1_185' title='bbox 2053 2400 2194 2457; x_wconf 88' lang='lat' dir='ltr'>fides</span> <span class='ocrx_word' id='word_1_186' title='bbox 2223 2402 2358 2458; x_wconf 90' lang='lat' dir='ltr'>tua.’</span> <span class='ocrx_word' id='word_1_187' title='bbox 2392 2444 2406 2460; x_wconf 93' lang='lat'><strong>.</strong></span> <span class='ocrx_word' id='word_1_188' title='bbox 2434 2444 2448 2459; x_wconf 95' lang='lat'><strong>.</strong></span> <span class='ocrx_word' id='word_1_189' title='bbox 2475 2444 2489 2458; x_wconf 94' lang='lat'><strong>.</strong></span> <span class='ocrx_word' id='word_1_190' title='bbox 2520 2403 2717 2460; x_wconf 91' lang='lat' dir='ltr'>Potest</span> 
     </span>
     <span class='ocr_line' id='line_1_20' title="bbox 536 2498 2714 2576; baseline 0 -19"><span class='ocrx_word' id='word_1_191' title='bbox 536 2518 671 2575; x_wconf 90' lang='lat' dir='ltr'>ergo</span> <span class='ocrx_word' id='word_1_192' title='bbox 710 2500 854 2558; x_wconf 87' lang='lat' dir='ltr'>fides</span> <span class='ocrx_word' id='word_1_193' title='bbox 900 2503 957 2559; x_wconf 91' lang='lat' dir='ltr'>in</span> <span class='ocrx_word' id='word_1_194' title='bbox 1004 2502 1194 2573; x_wconf 86' lang='lat' dir='ltr'>aliquo</span> <span class='ocrx_word' id='word_1_195' title='bbox 1240 2498 1351 2557; x_wconf 90' lang='lat' dir='ltr'>dici</span> <span class='ocrx_word' id='word_1_196' title='bbox 1395 2502 1610 2576; x_wconf 89' lang='lat' dir='ltr'>major:</span> <span class='ocrx_word' id='word_1_197' title='bbox 1653 2518 1769 2557; x_wconf 92' lang='lat' dir='ltr'>uno</span> <span class='ocrx_word' id='word_1_198' title='bbox 1816 2498 2008 2567; x_wconf 90' lang='lat' dir='ltr'>modo,</span> <span class='ocrx_word' id='word_1_199' title='bbox 2056 2517 2129 2555; x_wconf 86' lang='lat' dir='ltr'>ex</span> <span class='ocrx_word' id='word_1_200' title='bbox 2169 2511 2325 2574; x_wconf 91' lang='lat' dir='ltr'>parte</span> <span class='ocrx_word' id='word_1_201' title='bbox 2373 2502 2714 2567; x_wconf 85' lang='lat' dir='ltr'>intellectus,</span> 
     </span>
     <span class='ocr_line' id='line_1_21' title="bbox 534 2598 2712 2677; baseline -0 -20"><span class='ocrx_word' id='word_1_202' title='bbox 534 2608 767 2677; x_wconf 84' lang='lat' dir='ltr'>propter</span> <span class='ocrx_word' id='word_1_203' title='bbox 792 2602 1065 2676; x_wconf 88' lang='lat' dir='ltr'>majorem</span> <span class='ocrx_word' id='word_1_204' title='bbox 1106 2598 1521 2665; x_wconf 84' lang='lat' dir='ltr'>certitudinem,</span> <span class='ocrx_word' id='word_1_205' title='bbox 1563 2608 1620 2655; x_wconf 88' lang='lat' dir='ltr'>et</span> <span class='ocrx_word' id='word_1_206' title='bbox 1657 2598 2016 2665; x_wconf 86' lang='lat' dir='ltr'>firmitatem;</span> <span class='ocrx_word' id='word_1_207' title='bbox 2060 2598 2172 2654; x_wconf 90' lang='lat' dir='ltr'>alio</span> <span class='ocrx_word' id='word_1_208' title='bbox 2211 2599 2401 2666; x_wconf 90' lang='lat' dir='ltr'>modo,</span> <span class='ocrx_word' id='word_1_209' title='bbox 2445 2618 2519 2656; x_wconf 85' lang='lat' dir='ltr'>ex</span> <span class='ocrx_word' id='word_1_210' title='bbox 2557 2610 2712 2675; x_wconf 88' lang='lat' dir='ltr'>parte</span> 
     </span>
     <span class='ocr_line' id='line_1_22' title="bbox 534 2696 2716 2776; baseline -0.001 -19"><span class='ocrx_word' id='word_1_211' title='bbox 534 2699 859 2765; x_wconf 88' lang='lat' dir='ltr'>voluntatis,</span> <span class='ocrx_word' id='word_1_212' title='bbox 901 2709 1131 2776; x_wconf 90' lang='lat' dir='ltr'>propter</span> <span class='ocrx_word' id='word_1_213' title='bbox 1169 2700 1443 2775; x_wconf 88' lang='lat' dir='ltr'>majorem</span> <span class='ocrx_word' id='word_1_214' title='bbox 1486 2696 2013 2773; x_wconf 86' lang='lat' dir='ltr'>promptitudinem,</span> <span class='ocrx_word' id='word_1_215' title='bbox 2055 2714 2154 2753; x_wconf 88' lang='lat' dir='ltr'>seu</span> <span class='ocrx_word' id='word_1_216' title='bbox 2197 2696 2581 2765; x_wconf 89' lang='lat' dir='ltr'>devotionem,</span> <span class='ocrx_word' id='word_1_217' title='bbox 2626 2699 2716 2755; x_wconf 90' lang='lat' dir='ltr'>vel</span> 
     </span>
     <span class='ocr_line' id='line_1_23' title="bbox 538 2793 1037 2857; baseline 0 -1"><span class='ocrx_word' id='word_1_218' title='bbox 538 2793 1037 2857; x_wconf 85' lang='lat' dir='ltr'>confidentiam.&#39;’⁵</span> 
     </span>
    </p>

    <p class='ocr_par' dir='ltr' id='par_1_5' title="bbox 536 2879 2721 3962">
     <span class='ocr_line' id='line_1_24' title="bbox 616 2879 2714 2973; baseline -0 -19"><span class='ocrx_word' id='word_1_219' title='bbox 616 2902 675 2954; x_wconf 85' lang='lat'>4.</span> <span class='ocrx_word' id='word_1_220' title='bbox 722 2906 761 2931; x_wconf 80' lang='lat'>‘⁶</span> <span class='ocrx_word' id='word_1_221' title='bbox 784 2879 983 2973; x_wconf 84' lang='lat' dir='ltr'>Ipsum</span> <span class='ocrx_word' id='word_1_222' title='bbox 1024 2896 1316 2962; x_wconf 85' lang='lat' dir='ltr'>credere,’&#39;</span> <span class='ocrx_word' id='word_1_223' title='bbox 1360 2897 1546 2968; x_wconf 88' lang='lat' dir='ltr'>inquit</span> <span class='ocrx_word' id='word_1_224' title='bbox 1571 2896 1947 2971; x_wconf 86' lang='lat' dir='ltr'>Augustinus,</span> <span class='ocrx_word' id='word_1_225' title='bbox 1991 2904 2030 2931; x_wconf 77' lang='lat'>‘⁴</span> <span class='ocrx_word' id='word_1_226' title='bbox 2053 2896 2199 2953; x_wconf 87' lang='lat' dir='ltr'>nihil</span> <span class='ocrx_word' id='word_1_227' title='bbox 2238 2897 2390 2955; x_wconf 87' lang='lat' dir='ltr'>aliud</span> <span class='ocrx_word' id='word_1_228' title='bbox 2415 2908 2505 2956; x_wconf 84' lang='lat' dir='ltr'>est</span> <span class='ocrx_word' id='word_1_229' title='bbox 2547 2916 2714 2969; x_wconf 90' lang='lat' dir='ltr'>quam</span> 
     </span>
     <span class='ocr_line' id='line_1_25' title="bbox 538 2985 2717 3072; baseline 0.001 -21"><span class='ocrx_word' id='word_1_230' title='bbox 538 3013 665 3052; x_wconf 90' lang='lat' dir='ltr'>cum</span> <span class='ocrx_word' id='word_1_231' title='bbox 698 2998 1030 3054; x_wconf 83' lang='lat' dir='ltr'>assensione</span> <span class='ocrx_word' id='word_1_232' title='bbox 1070 2985 1415 3071; x_wconf 80' lang='lat' dir='ltr'>cogitare.&#39;’⁶</span> <span class='ocrx_word' id='word_1_233' title='bbox 1496 2996 1616 3053; x_wconf 85' lang='lat' dir='ltr'>Sed</span> <span class='ocrx_word' id='word_1_234' title='bbox 1655 2996 1912 3053; x_wconf 80' lang='lat' dir='ltr'>assensio</span> <span class='ocrx_word' id='word_1_235' title='bbox 1949 2994 2073 3051; x_wconf 85' lang='lat' dir='ltr'>haec</span> <span class='ocrx_word' id='word_1_236' title='bbox 2111 2994 2180 3051; x_wconf 87' lang='lat' dir='ltr'>ab</span> <span class='ocrx_word' id='word_1_237' title='bbox 2219 2998 2492 3072; x_wconf 88' lang='lat' dir='ltr'>opinione</span> <span class='ocrx_word' id='word_1_238' title='bbox 2519 2996 2717 3053; x_wconf 90' lang='lat' dir='ltr'>distin-</span> 
     </span>
     <span class='ocr_line' id='line_1_26' title="bbox 538 3091 2716 3169; baseline 0 -18"><span class='ocrx_word' id='word_1_239' title='bbox 538 3096 726 3169; x_wconf 83' lang='lat' dir='ltr'>guitur</span> <span class='ocrx_word' id='word_1_240' title='bbox 754 3095 1010 3153; x_wconf 86' lang='lat' dir='ltr'>firmitate</span> <span class='ocrx_word' id='word_1_241' title='bbox 1038 3104 1095 3152; x_wconf 86' lang='lat' dir='ltr'>et</span> <span class='ocrx_word' id='word_1_242' title='bbox 1120 3093 1451 3152; x_wconf 85' lang='lat' dir='ltr'>certitudine</span> <span class='ocrx_word' id='word_1_243' title='bbox 1476 3115 1491 3157; x_wconf 72' lang='grc' dir='ltr'>ς</span> <span class='ocrx_word' id='word_1_244' title='bbox 1537 3115 1570 3151; x_wconf 89' lang='lat' dir='ltr'>a</span> <span class='ocrx_word' id='word_1_245' title='bbox 1609 3095 1845 3151; x_wconf 86' lang='lat' dir='ltr'>scientia</span> <span class='ocrx_word' id='word_1_246' title='bbox 1871 3091 2006 3151; x_wconf 72' lang='lat' dir='ltr'>vero</span> <span class='ocrx_word' id='word_1_247' title='bbox 2033 3094 2244 3163; x_wconf 84' lang='lat' dir='ltr'>differt,</span> <span class='ocrx_word' id='word_1_248' title='bbox 2275 3113 2450 3167; x_wconf 90' lang='lat' dir='ltr'>quum</span> <span class='ocrx_word' id='word_1_249' title='bbox 2479 3114 2571 3152; x_wconf 89' lang='lat' dir='ltr'>res</span> <span class='ocrx_word' id='word_1_250' title='bbox 2599 3113 2716 3151; x_wconf 90' lang='lat' dir='ltr'>non</span> 
     </span>
     <span class='ocr_line' id='line_1_27' title="bbox 536 3192 2717 3267; baseline 0 -18"><span class='ocrx_word' id='word_1_251' title='bbox 536 3202 725 3267; x_wconf 89' lang='lat' dir='ltr'>pateat</span> <span class='ocrx_word' id='word_1_252' title='bbox 748 3194 983 3249; x_wconf 85' lang='lat' dir='ltr'>rationi:</span> <span class='ocrx_word' id='word_1_253' title='bbox 1017 3201 1056 3227; x_wconf 78' lang='lat'>‘⁶</span> <span class='ocrx_word' id='word_1_254' title='bbox 1076 3202 1231 3249; x_wconf 88' lang='lat' dir='ltr'>actus</span> <span class='ocrx_word' id='word_1_255' title='bbox 1256 3194 1382 3258; x_wconf 80' lang='lat' dir='ltr'>iste,</span> <span class='ocrx_word' id='word_1_256' title='bbox 1402 3194 1499 3262; x_wconf 90' lang='lat' dir='ltr'>qui</span> <span class='ocrx_word' id='word_1_257' title='bbox 1518 3202 1608 3249; x_wconf 90' lang='lat' dir='ltr'>est</span> <span class='ocrx_word' id='word_1_258' title='bbox 1625 3192 1876 3261; x_wconf 86' lang='lat' dir='ltr'>credere,</span> <span class='ocrx_word' id='word_1_259' title='bbox 1901 3192 2069 3250; x_wconf 86' lang='lat' dir='ltr'>habet</span> <span class='ocrx_word' id='word_1_260' title='bbox 2087 3193 2307 3251; x_wconf 87' lang='lat' dir='ltr'>firmam</span> <span class='ocrx_word' id='word_1_261' title='bbox 2331 3194 2717 3253; x_wconf 85' lang='lat' dir='ltr'>adhaesionem</span> 
     </span>
     <span class='ocr_line' id='line_1_28' title="bbox 538 3290 2714 3369; baseline 0 -23"><span class='ocrx_word' id='word_1_262' title='bbox 538 3290 609 3346; x_wconf 86' lang='lat' dir='ltr'>ad</span> <span class='ocrx_word' id='word_1_263' title='bbox 636 3309 805 3347; x_wconf 89' lang='lat' dir='ltr'>unam</span> <span class='ocrx_word' id='word_1_264' title='bbox 838 3299 1073 3365; x_wconf 87' lang='lat' dir='ltr'>partem,</span> <span class='ocrx_word' id='word_1_265' title='bbox 1100 3293 1161 3348; x_wconf 93' lang='lat' dir='ltr'>in</span> <span class='ocrx_word' id='word_1_266' title='bbox 1184 3309 1299 3363; x_wconf 90' lang='lat' dir='ltr'>quo</span> <span class='ocrx_word' id='word_1_267' title='bbox 1318 3294 1590 3348; x_wconf 88' lang='lat' dir='ltr'>convenit</span> <span class='ocrx_word' id='word_1_268' title='bbox 1605 3290 1842 3349; x_wconf 89' lang='lat' dir='ltr'>credens</span> <span class='ocrx_word' id='word_1_269' title='bbox 1863 3312 1994 3349; x_wconf 88' lang='lat' dir='ltr'>cum</span> <span class='ocrx_word' id='word_1_270' title='bbox 2015 3293 2232 3349; x_wconf 85' lang='lat' dir='ltr'>sciente</span> <span class='ocrx_word' id='word_1_271' title='bbox 2259 3304 2317 3350; x_wconf 91' lang='lat' dir='ltr'>et</span> <span class='ocrx_word' id='word_1_272' title='bbox 2337 3293 2714 3369; x_wconf 83' lang='lat' dir='ltr'>intelligente:</span> 
     </span>
     <span class='ocr_line' id='line_1_29' title="bbox 537 3382 2721 3467; baseline 0.001 -22"><span class='ocrx_word' id='word_1_273' title='bbox 537 3397 807 3446; x_wconf 85' lang='lat' dir='ltr'>ettamen</span> <span class='ocrx_word' id='word_1_274' title='bbox 836 3390 963 3465; x_wconf 87' lang='lat' dir='ltr'>ejus</span> <span class='ocrx_word' id='word_1_275' title='bbox 1000 3391 1251 3467; x_wconf 88' lang='lat' dir='ltr'>cognitio</span> <span class='ocrx_word' id='word_1_276' title='bbox 1292 3408 1409 3447; x_wconf 90' lang='lat' dir='ltr'>non</span> <span class='ocrx_word' id='word_1_277' title='bbox 1449 3399 1537 3447; x_wconf 87' lang='lat' dir='ltr'>est</span> <span class='ocrx_word' id='word_1_278' title='bbox 1560 3390 1810 3464; x_wconf 86' lang='lat' dir='ltr'>perfecta</span> <span class='ocrx_word' id='word_1_279' title='bbox 1848 3410 1952 3467; x_wconf 89' lang='lat' dir='ltr'>per</span> <span class='ocrx_word' id='word_1_280' title='bbox 1990 3392 2301 3449; x_wconf 80' lang='lat' dir='ltr'>maximam</span> <span class='ocrx_word' id='word_1_281' title='bbox 2342 3382 2721 3450; x_wconf 84' lang='lat' dir='ltr'>visionem.”⁷</span> 
     </span>
     <span class='ocr_line' id='line_1_30' title="bbox 541 3488 2720 3561; baseline 0 -16"><span class='ocrx_word' id='word_1_282' title='bbox 541 3488 671 3545; x_wconf 92' lang='lat' dir='ltr'>Nec</span> <span class='ocrx_word' id='word_1_283' title='bbox 713 3491 1266 3547; x_wconf 85' lang='lat' dir='ltr'>temere.assentitur</span> <span class='ocrx_word' id='word_1_284' title='bbox 1308 3489 1650 3556; x_wconf 85' lang='lat' dir='ltr'>intellectus,</span> <span class='ocrx_word' id='word_1_285' title='bbox 1699 3490 1959 3561; x_wconf 85' lang='lat' dir='ltr'>quamvis</span> <span class='ocrx_word' id='word_1_286' title='bbox 2005 3488 2152 3547; x_wconf 88' lang='lat' dir='ltr'>desit</span> <span class='ocrx_word' id='word_1_287' title='bbox 2193 3491 2277 3547; x_wconf 92' lang='lat' dir='ltr'>rei</span> <span class='ocrx_word' id='word_1_288' title='bbox 2313 3490 2720 3549; x_wconf 86' lang='lat' dir='ltr'>demonstratio</span> 
     </span>
     <span class='ocr_line' id='line_1_31' title="bbox 538 3588 2718 3666; baseline 0 -21"><span class='ocrx_word' id='word_1_289' title='bbox 538 3588 813 3656; x_wconf 79' lang='lat' dir='ltr'>evidens3</span> <span class='ocrx_word' id='word_1_290' title='bbox 854 3608 986 3647; x_wconf 87' lang='lat' dir='ltr'>nam</span> <span class='ocrx_word' id='word_1_291' title='bbox 1014 3598 1345 3666; x_wconf 87' lang='lat' dir='ltr'>argumenta</span> <span class='ocrx_word' id='word_1_292' title='bbox 1382 3597 1786 3660; x_wconf 88' lang='lat' dir='ltr'>momentaque</span> <span class='ocrx_word' id='word_1_293' title='bbox 1826 3590 2103 3645; x_wconf 85' lang='lat' dir='ltr'>rationum</span> <span class='ocrx_word' id='word_1_294' title='bbox 2144 3590 2388 3665; x_wconf 80' lang='lat' dir='ltr'>probant</span> <span class='ocrx_word' id='word_1_295' title='bbox 2413 3608 2533 3647; x_wconf 87' lang='lat' dir='ltr'>rem</span> <span class='ocrx_word' id='word_1_296' title='bbox 2561 3606 2718 3646; x_wconf 89' lang='lat' dir='ltr'>reve-</span> 
     </span>
     <span class='ocr_line' id='line_1_32' title="bbox 537 3686 2718 3764; baseline -0 -20"><span class='ocrx_word' id='word_1_297' title='bbox 537 3688 729 3755; x_wconf 87' lang='lat' dir='ltr'>latam,</span> <span class='ocrx_word' id='word_1_298' title='bbox 759 3689 1003 3761; x_wconf 90' lang='lat' dir='ltr'>ideoque</span> <span class='ocrx_word' id='word_1_299' title='bbox 1030 3706 1221 3747; x_wconf 84' lang='lat' dir='ltr'>veram</span> <span class='ocrx_word' id='word_1_300' title='bbox 1244 3707 1391 3755; x_wconf 89' lang='lat' dir='ltr'>esse,</span> <span class='ocrx_word' id='word_1_301' title='bbox 1412 3697 1606 3764; x_wconf 87' lang='lat' dir='ltr'>utpote</span> <span class='ocrx_word' id='word_1_302' title='bbox 1629 3686 1742 3743; x_wconf 90' lang='lat' dir='ltr'>Dei</span> <span class='ocrx_word' id='word_1_303' title='bbox 1763 3687 2050 3744; x_wconf 85' lang='lat' dir='ltr'>suffultam</span> <span class='ocrx_word' id='word_1_304' title='bbox 2071 3689 2435 3746; x_wconf 84' lang='lat' dir='ltr'>auctoritate:</span> <span class='ocrx_word' id='word_1_305' title='bbox 2483 3696 2523 3722; x_wconf 78' lang='lat'>‘⁸</span> <span class='ocrx_word' id='word_1_306' title='bbox 2543 3687 2718 3745; x_wconf 89' lang='lat' dir='ltr'>Fides</span> 
     </span>
     <span class='ocr_line' id='line_1_33' title="bbox 538 3784 2715 3860; baseline 0 -17"><span class='ocrx_word' id='word_1_307' title='bbox 538 3804 656 3843; x_wconf 89' lang='lat' dir='ltr'>non</span> <span class='ocrx_word' id='word_1_308' title='bbox 698 3787 865 3845; x_wconf 90' lang='lat' dir='ltr'>habet</span> <span class='ocrx_word' id='word_1_309' title='bbox 900 3788 1334 3860; x_wconf 84' lang='lat' dir='ltr'>inquisitionem</span> <span class='ocrx_word' id='word_1_310' title='bbox 1372 3788 1605 3844; x_wconf 87' lang='lat' dir='ltr'>rationis</span> <span class='ocrx_word' id='word_1_311' title='bbox 1645 3786 1910 3843; x_wconf 86' lang='lat' dir='ltr'>naturalis</span> <span class='ocrx_word' id='word_1_312' title='bbox 1962 3785 2399 3845; x_wconf 87' lang='lat' dir='ltr'>demonstrantis</span> <span class='ocrx_word' id='word_1_313' title='bbox 2439 3786 2518 3853; x_wconf 90' lang='lat' dir='ltr'>id,</span> <span class='ocrx_word' id='word_1_314' title='bbox 2561 3784 2715 3859; x_wconf 88' lang='lat' dir='ltr'>quod</span> 
     </span>
     <span class='ocr_line' id='line_1_34' title="bbox 542 3883 2719 3962; baseline 0 -22"><span class='ocrx_word' id='word_1_315' title='bbox 542 3884 819 3943; x_wconf 86' lang='lat' dir='ltr'>creditur:</span> <span class='ocrx_word' id='word_1_316' title='bbox 864 3887 1034 3943; x_wconf 86' lang='lat' dir='ltr'>habet</span> <span class='ocrx_word' id='word_1_317' title='bbox 1058 3896 1246 3945; x_wconf 86' lang='lat' dir='ltr'>tamen</span> <span class='ocrx_word' id='word_1_318' title='bbox 1286 3886 1712 3958; x_wconf 89' lang='lat' dir='ltr'>inquisitionem</span> <span class='ocrx_word' id='word_1_319' title='bbox 1756 3883 2038 3956; x_wconf 87' lang='lat' dir='ltr'>quandam</span> <span class='ocrx_word' id='word_1_320' title='bbox 2081 3904 2302 3953; x_wconf 88' lang='lat' dir='ltr'>eorum,</span> <span class='ocrx_word' id='word_1_321' title='bbox 2345 3904 2448 3962; x_wconf 90' lang='lat' dir='ltr'>per</span> <span class='ocrx_word' id='word_1_322' title='bbox 2483 3904 2607 3957; x_wconf 82' lang='lat' dir='ltr'>quae</span> <span class='ocrx_word' id='word_1_323' title='bbox 2635 3886 2719 3942; x_wconf 89' lang='lat' dir='ltr'>in·</span> 
     </span>
    </p>
   </div>
   <div class='ocr_carea' id='block_1_3' title="bbox 2458 2099 2531 2132">
    <p class='ocr_par' dir='ltr' id='par_1_6' title="bbox 2458 2099 2531 2132">
     <span class='ocr_line' id='line_1_35' title="bbox 2458 2099 2531 2132; baseline -0.014 0"><span class='ocrx_word' id='word_1_324' title='bbox 2458 2099 2531 2132; x_wconf 73' lang='lat'>„4</span> 
     </span>
    </p>
   </div>
   <div class='ocr_carea' id='block_1_4' title="bbox 746 4062 2518 4553">
    <p class='ocr_par' dir='ltr' id='par_1_7' title="bbox 752 4062 1814 4129">
     <span class='ocr_line' id='line_1_36' title="bbox 752 4062 1814 4129; baseline -0.002 -18"><span class='ocrx_word' id='word_1_325' title='bbox 752 4065 833 4129; x_wconf 85' lang='lat'>(1)</span> <span class='ocrx_word' id='word_1_326' title='bbox 875 4064 1005 4111; x_wconf 80' lang='lat' dir='ltr'>Inter</span> <span class='ocrx_word' id='word_1_327' title='bbox 1024 4079 1157 4126; x_wconf 89' lang='lat' dir='ltr'>prop.</span> <span class='ocrx_word' id='word_1_328' title='bbox 1180 4064 1431 4111; x_wconf 84' lang='lat' dir='ltr'>damnatas</span> <span class='ocrx_word' id='word_1_329' title='bbox 1453 4064 1512 4111; x_wconf 78' lang='lat' dir='ltr'>ab</span> <span class='ocrx_word' id='word_1_330' title='bbox 1533 4063 1702 4111; x_wconf 88' lang='lat' dir='ltr'>Innoc.</span> <span class='ocrx_word' id='word_1_331' title='bbox 1725 4062 1814 4110; x_wconf 91' lang='lat' dir='ltr'>XI.</span> 
     </span>
    </p>

    <p class='ocr_par' dir='ltr' id='par_1_8' title="bbox 746 4148 1878 4212">
     <span class='ocr_line' id='line_1_37' title="bbox 746 4148 1878 4212; baseline 0.001 -18"><span class='ocrx_word' id='word_1_332' title='bbox 746 4151 825 4212; x_wconf 67' lang='grc' dir='ltr'>(ι2)</span> <span class='ocrx_word' id='word_1_333' title='bbox 867 4152 914 4195; x_wconf 85' lang='grc'>2.</span> <span class='ocrx_word' id='word_1_334' title='bbox 938 4152 1026 4195; x_wconf 80' lang='lat' dir='ltr'>2ae.</span> <span class='ocrx_word' id='word_1_335' title='bbox 1049 4164 1130 4210; x_wconf 89' lang='lat' dir='ltr'>qu.</span> <span class='ocrx_word' id='word_1_336' title='bbox 1154 4149 1218 4197; x_wconf 87' lang='lat' dir='ltr'>iv.</span> <span class='ocrx_word' id='word_1_337' title='bbox 1237 4156 1321 4197; x_wconf 85' lang='lat' dir='ltr'>art.</span> <span class='ocrx_word' id='word_1_338' title='bbox 1344 4148 1443 4196; x_wconf 85' lang='lat' dir='ltr'>viii.</span> <span class='ocrx_word' id='word_1_339' title='bbox 1480 4148 1581 4197; x_wconf 80' lang='lat' dir='ltr'>Sed</span> <span class='ocrx_word' id='word_1_340' title='bbox 1596 4152 1768 4198; x_wconf 80' lang='lat' dir='ltr'>contra</span> <span class='ocrx_word' id='word_1_341' title='bbox 1791 4152 1878 4197; x_wconf 75' lang='lat' dir='ltr'>est.</span> 
     </span>
    </p>

    <p class='ocr_par' dir='ltr' id='par_1_9' title="bbox 748 4232 2518 4385">
     <span class='ocr_line' id='line_1_38' title="bbox 748 4232 2518 4301; baseline -0.001 -21"><span class='ocrx_word' id='word_1_342' title='bbox 748 4235 832 4298; x_wconf 89' lang='lat'>(3)</span> <span class='ocrx_word' id='word_1_343' title='bbox 872 4233 1071 4291; x_wconf 84' lang='lat' dir='ltr'>Ibidem,</span> <span class='ocrx_word' id='word_1_344' title='bbox 1094 4234 1155 4301; x_wconf 82' lang='lat' dir='ltr'>ad</span> <span class='ocrx_word' id='word_1_345' title='bbox 1176 4234 1225 4282; x_wconf 87' lang='lat' dir='ltr'>ii.</span> <span class='ocrx_word' id='word_1_346' title='bbox 1377 4249 1384 4255; x_wconf 92' lang='lat'><strong>·</strong></span> <span class='ocrx_word' id='word_1_347' title='bbox 2108 4235 2193 4299; x_wconf 90' lang='lat'>(4)</span> <span class='ocrx_word' id='word_1_348' title='bbox 2232 4232 2362 4295; x_wconf 83' lang='lat' dir='ltr'>Eph.</span> <span class='ocrx_word' id='word_1_349' title='bbox 2385 4232 2448 4280; x_wconf 83' lang='lat' dir='ltr'>iv.</span> <span class='ocrx_word' id='word_1_350' title='bbox 2471 4234 2518 4278; x_wconf 87' lang='lat'>5.</span> 
     </span>
     <span class='ocr_line' id='line_1_39' title="bbox 752 4316 2308 4385; baseline 0 -19"><span class='ocrx_word' id='word_1_351' title='bbox 752 4320 835 4383; x_wconf 87' lang='lat'>(5)</span> <span class='ocrx_word' id='word_1_352' title='bbox 876 4316 927 4363; x_wconf 80' lang='lat' dir='ltr'>S.</span> <span class='ocrx_word' id='word_1_353' title='bbox 950 4316 1185 4377; x_wconf 85' lang='lat' dir='ltr'>Thomas,</span> <span class='ocrx_word' id='word_1_354' title='bbox 1206 4320 1254 4365; x_wconf 86' lang='grc'>2.</span> <span class='ocrx_word' id='word_1_355' title='bbox 1278 4322 1365 4365; x_wconf 80' lang='lat' dir='ltr'>2ae.</span> <span class='ocrx_word' id='word_1_356' title='bbox 1388 4334 1470 4381; x_wconf 92' lang='lat' dir='ltr'>qu.</span> <span class='ocrx_word' id='word_1_357' title='bbox 1491 4334 1538 4366; x_wconf 70' lang='grc' dir='ltr'>ν.</span> <span class='ocrx_word' id='word_1_358' title='bbox 1563 4324 1649 4366; x_wconf 85' lang='lat' dir='ltr'>art.</span> <span class='ocrx_word' id='word_1_359' title='bbox 1670 4317 1734 4366; x_wconf 79' lang='lat' dir='ltr'>iv,</span> <span class='ocrx_word' id='word_1_360' title='bbox 1760 4316 1860 4367; x_wconf 79' lang='lat' dir='ltr'>Sed</span> <span class='ocrx_word' id='word_1_361' title='bbox 1877 4320 2064 4378; x_wconf 79' lang='lat' dir='ltr'>contra,</span> <span class='ocrx_word' id='word_1_362' title='bbox 2085 4325 2135 4366; x_wconf 91' lang='lat' dir='ltr'>et</span> <span class='ocrx_word' id='word_1_363' title='bbox 2157 4318 2308 4385; x_wconf 75' lang='lat' dir='ltr'>Resp-</span> 
     </span>
    </p>

    <p class='ocr_par' dir='ltr' id='par_1_10' title="bbox 749 4399 1942 4467">
     <span class='ocr_line' id='line_1_40' title="bbox 749 4399 1942 4467; baseline 0 -18"><span class='ocrx_word' id='word_1_364' title='bbox 749 4404 832 4467; x_wconf 89' lang='grc'>(6)</span> <span class='ocrx_word' id='word_1_365' title='bbox 872 4399 931 4448; x_wconf 93' lang='lat' dir='ltr'>L.</span> <span class='ocrx_word' id='word_1_366' title='bbox 954 4399 1013 4449; x_wconf 83' lang='lat' dir='ltr'>de</span> <span class='ocrx_word' id='word_1_367' title='bbox 1032 4400 1469 4466; x_wconf 68' lang='lat' dir='ltr'>praedestinatione</span> <span class='ocrx_word' id='word_1_368' title='bbox 1494 4402 1809 4461; x_wconf 78' lang='lat' dir='ltr'>Sanctorum,</span> <span class='ocrx_word' id='word_1_369' title='bbox 1827 4418 1868 4449; x_wconf 90' lang='lat' dir='ltr'>c.</span> <span class='ocrx_word' id='word_1_370' title='bbox 1891 4401 1942 4450; x_wconf 89' lang='lat' dir='ltr'>ii.</span> 
     </span>
    </p>

    <p class='ocr_par' dir='ltr' id='par_1_11' title="bbox 752 4484 1919 4553">
     <span class='ocr_line' id='line_1_41' title="bbox 752 4484 1919 4553; baseline -0.002 -18"><span class='ocrx_word' id='word_1_371' title='bbox 752 4490 835 4553; x_wconf 81' lang='lat'>(7)</span> <span class='ocrx_word' id='word_1_372' title='bbox 876 4486 929 4534; x_wconf 85' lang='lat' dir='ltr'>S.</span> <span class='ocrx_word' id='word_1_373' title='bbox 950 4484 1183 4545; x_wconf 81' lang='lat' dir='ltr'>Thomas,</span> <span class='ocrx_word' id='word_1_374' title='bbox 1207 4489 1254 4533; x_wconf 87' lang='grc'>2.</span> <span class='ocrx_word' id='word_1_375' title='bbox 1278 4489 1365 4533; x_wconf 83' lang='lat' dir='ltr'>2ae.</span> <span class='ocrx_word' id='word_1_376' title='bbox 1388 4502 1469 4549; x_wconf 91' lang='lat' dir='ltr'>qu.</span> <span class='ocrx_word' id='word_1_377' title='bbox 1491 4486 1541 4534; x_wconf 88' lang='lat' dir='ltr'>ii.</span> <span class='ocrx_word' id='word_1_378' title='bbox 1560 4493 1645 4534; x_wconf 80' lang='lat' dir='ltr'>art.</span> <span class='ocrx_word' id='word_1_379' title='bbox 1667 4486 1700 4534; x_wconf 90' lang='lat' dir='ltr'>i.</span> <span class='ocrx_word' id='word_1_380' title='bbox 1770 4486 1919 4551; x_wconf 72' lang='lat' dir='ltr'>Resp.</span> 
     </span>
    </p>
   </div>
  </div>
 </body>
</html>
