3117 5217
552 558 634 613 26
1204 549 1577 609 PRAEVIAE
1620 549 2087 611 NOTIONES.

545 728 720 785 instar
763 740 1096 789 concursus,
1135 722 1306 798 juxta
1353 721 1544 799 legem
1582 720 2006 788 Tridentium,
2053 730 2117 779 ut
2168 722 2494 799 parochiale
2536 740 2741 781 conse·

553 835 794 899 quantur
817 821 1182 887 beneficium,
1214 821 1315 899 jus
1342 820 1552 879 habent
1576 838 1681 897 pro
1722 821 2055 879 meritorum
2094 822 2313 879 ratione
2342 820 2414 879 ad
2438 822 2581 881 illud
2606 842 2747 881 con-

549 922 927 997 sequendum.
1009 918 1182 987 Quod
1225 920 1278 978 si
1321 920 1631 997 episcopus
1677 918 1997 997 digniorem
2052 930 2369 996 praetereat,
2412 920 2644 981 affectui
2686 931 2746 980 et

551 1024 741 1103 gratiae
769 1022 1114 1093 obsequens,
1143 1018 1411 1097 injuriam
1439 1020 1523 1079 illi
1563 1019 1698 1078 facit
1735 1037 1911 1091 quam
1951 1018 2121 1077 debet
2164 1038 2449 1099 reparare,
2478 1021 2537 1081 ei
2580 1021 2741 1089 alias,

549 1132 719 1201 prout
744 1120 968 1198 poterit,
999 1117 1371 1196 providendo.
1453 1119 1492 1177 J
1495 1118 1691 1177 ustitia
1726 1119 2009 1179 latissimo
2050 1137 2223 1179 sensu
2262 1121 2525 1179 omnium
2567 1121 2741 1179 virtu-

551 1234 670 1281 tum
725 1220 1122 1279 collectionem
1174 1219 1591 1295 complectitur,
1638 1228 1698 1276 et
1735 1217 2145 1293 perfectionem
2198 1237 2397 1278 carum
2438 1219 2743 1292 aliquando

551 1321 850 1397 designat<
892 1337 1018 1392 quae
1047 1316 1204 1376 vocis
1232 1318 1579 1394 significatio
1618 1318 1679 1375 in
1706 1317 2018 1395 Scripturis
2046 1318 2317 1391 frequens
2346 1329 2473 1376 est:
2520 1326 2560 1353 ‘⁸
2580 1318 2742 1375 Beati

546 1415 934 1493 qui'esuriunt
959 1427 1018 1475 et
1041 1417 1244 1476 sitiunt
1259 1411 1645 1494 justitiam-”¹

629 1525 688 1578 2.
732 1518 1062 1577 Vindictam
1091 1516 1382 1594 publicam
1409 1537 1443 1575 a
1467 1517 1622 1577 civili
1650 1517 1980 1593 magistratu
2020 1516 2403 1575 exercendam
2426 1516 2621 1575 divina
2645 1516 2741 1574 lex

549 1620 769 1686 sancit3
813 1616 1075 1675 “dicitur
1101 1618 1257 1675 enim
1297 1615 1369 1674 ad
1395 1616 1695 1677 Romanos
1736 1616 1861 1674 xiii.
1906 1616 1977 1675 de
2020 1616 2279 1693 principe
2306 1626 2553 1684 terreno,
2582 1616 2743 1688 quod

551 1718 665 1778 Dei
692 1718 954 1777 minister
979 1725 1086 1783 est,
1117 1715 1330 1775 vindex
1369 1718 1430 1775 in
1473 1719 1617 1775 iram
1646 1716 1701 1773 ei
1742 1716 1841 1787 qui
1866 1714 2015 1775 male
2056 1710 2271 1793 agit.’³²
2352 1714 2739 1775 “Vindicatio

549 1819 610 1877 in
637 1828 852 1876 tantum
879 1817 1038 1875 licita
1061 1824 1152 1873 est
1191 1824 1248 1873 et
1286 1817 1556 1882 virtuosa,
1598 1817 1659 1873 in
1703 1826 1975 1887 quantum
2022 1814 2201 1873 tendit
2226 1814 2297 1873 ad
2324 1815 2739 1879 cohibitionem

547 1917 852 1975 malorum.
895 1914 1254 1973 Cohibentur
1281 1923 1469 1973 autem
1499 1915 1673 1987 aliqui
1702 1933 1735 1971 a
1754 1913 2069 1991 peccandO,
2097 1915 2197 1986 qui
2218 1914 2488 1974 affectum
2516 1915 2739 1973 virtutis

547 2034 664 2073 non
687 2012 934 2081 habent,
961 2033 1066 2091 per
1089 2013 1202 2071 hoc
1243 2013 1396 2085 quod
1438 2017 1640 2073 timent
1679 2015 1935 2072 amittere
1976 2014 2187 2086 aliqua,
2219 2032 2346 2086 quae
2389 2014 2519 2091 plus
2546 2024 2739 2072 amant

546 2132 718 2187 quam
747 2113 846 2173 illa
872 2132 999 2187 quae
1027 2111 1322 2190 peccando
1361 2112 1792 2191 adipiscuntur:
1838 2114 1977 2173 alias
2006 2114 2173 2172 timor
2197 2132 2317 2171 non
2342 2124 2740 2191 compesceret

547 2226 862 2290 peccatum.
945 2213 1028 2272 Et
1053 2213 1184 2272 ideo
1211 2230 1314 2289 per
1339 2214 1785 2275 subtractionem
1822 2213 2083 2273 omnium
2108 2232 2237 2285 quoe
2274 2212 2453 2271 homo
2478 2214 2737 2271 maxime

546 2312 749 2391 diligit,
778 2321 865 2371 est
892 2312 1140 2372 vindicta
1163 2311 1234 2369 de
1261 2313 1531 2387 peccatis.
1578 2312 1723 2373 Haec
1745 2324 1935 2373 autem
1961 2320 2098 2372 sunt
2121 2331 2249 2386 quae
2276 2312 2453 2373 homo
2482 2314 2734 2371 maxime

544 2410 749 2489 diligit,
778 2412 972 2478 vitam,
1002 2410 1451 2470 incolumitatem
1482 2412 1761 2489 corporiS,
1802 2412 2120 2471 libertatem
2147 2413 2237 2469 sui
2261 2430 2278 2478 ;
2318 2421 2375 2469 ct
2400 2414 2552 2470 bona
2577 2423 2735 2469 exte-

543 2511 712 2580 riora,
745 2519 898 2587 puta,
927 2509 1170 2578 divitias,
1214 2511 1471 2586 patriam,
1517 2521 1574 2569 et
1617 2510 1877 2587 gloriam.
1962 2511 2045 2569 Et
2082 2510 2232 2579 ideo,
2274 2517 2339 2569 ut.
2376 2513 2735 2589 Augustinus

541 2610 733 2679 refert,
763 2612 885 2669 xxi.
914 2609 984 2668 de
1013 2609 1255 2671 civitate
1294 2609 1434 2679 Dei,
1478 2621 1608 2669 octo
1648 2630 1858 2689 genera
1897 2610 2193 2689 poenartim
2241 2612 2301 2668 in
2338 2610 2565 2688 legibus
2604 2629 2733 2667 esse

545 2711 743 2770 scribit
767 2709 1018 2779 Tullius,
1048 2710 1265 2769 scilicet
1305 2723 1565 2779 mortem,
1609 2728 1712 2785 per
1739 2729 1909 2782 quam
1954 2710 2169 2767 tollitur
2202 2711 2351 2777 vita3
2396 2711 2651 2777 verbera,
2680 2717 2737 2765 et

542 2810 834 2875 talionem,
862 2824 926 2866 ut
951 2810 1171 2867 scilicet
1195 2808 1425 2866 oculum
1467 2826 1571 2883 pro
1612 2809 1783 2868 oculo
1821 2808 2036 2884 perdat,
2065 2828 2168 2885 per
2200 2828 2326 2882 quae
2354 2810 2560 2868 amittit
2598 2810 2731 2881 quis

544 2907 800 2983 corporis
828 2906 1309 2964 incolumitatem:
1353 2908 1707 2975 servitutem,
1737 2917 1793 2964 et
1811 2907 2055 2975 vincula,
2085 2928 2188 2985 per
2208 2927 2335 2980 quae
2356 2909 2545 2986 perdit
2568 2908 2733 2966 liber-

541 3014 751 3072 tatem3
783 3004 1042 3074 exilium,
1073 3023 1177 3083 per
1202 3005 1358 3077 quod
1386 3007 1573 3083 perdit
1599 3007 1870 3083 patriam:
1902 2986 2195 3075 damnum,
2226 3025 2330 3085 per
2358 3008 2514 3081 quod
2543 3008 2732 3084 perdit

543 3102 805 3163 divitiast
861 3105 1260 3183 ignominiam,
1290 3123 1394 3181 per
1437 3124 1608 3179 quam
1663 3106 1849 3183 perdit
1887 3100 2223 3183 >gloriam?³
2281 3107 2368 3165 Ita
2415 3106 2729 3183 Angelicus

543 3201 780 3262 Doctor.
845 3202 962 3261 Sed
989 3203 1058 3262 de
1089 3202 1350 3265 vindictae
1378 3206 1438 3262 in
1463 3224 1593 3263 reos
1619 3204 1895 3263 exercitio
1914 3207 2037 3283 jam
2066 3201 2343 3283 egimus.⁴
2395 3207 2487 3265 De
2506 3206 2733 3285 justitia

542 3302 721 3359 stricti
761 3303 1033 3371 nominiS,
1082 3322 1208 3375 quae
1252 3302 1471 3360 scilicet
1508 3323 1701 3361 rerum
1744 3305 2120 3377 aequalitatem
2159 3306 2413 3382 respicit,
2446 3306 2728 3383 agendum

533 3401 656 3477 jam
685 3412 809 3459 est:
855 3411 1198 3481 quapropter
1223 3402 1508 3479 imprimis
1536 3404 1931 3481 investiganda
1956 3414 2043 3462 est
2068 3404 2310 3464 dominii
2338 3406 2492 3479 quod
2522 3405 2729 3477 cuique

539 3502 813 3577 competit
839 3501 1020 3579 orig0,
1051 3512 1108 3559 et
1133 3521 1434 3575 quousque
1469 3503 1826 3561 extendatur.
2634 3493 2648 3503 ’

615 3680 698 3744 (1)
739 3678 877 3727 Matt.
894 3694 940 3728 v.
965 3681 1011 3727 6.
1365 3681 1449 3746 (2)
1489 3678 1542 3727 S.
1566 3678 1744 3729 Thom.
1768 3683 1815 3727 2.
1838 3684 1885 3727 2.
1910 3696 1991 3743 qu.
2014 3680 2137 3729 cviii.
2162 3687 2247 3729 art.
2270 3681 2303 3729 i.
2374 3680 2462 3731 Ad
2476 3682 2725 3749 primum.

613 3764 696 3828 (3)
736 3762 933 3824 Ibidem,
951 3772 1024 3814 art
1044 3764 1111 3815 iii.
1139 3764 1290 3831 Resp.
1364 3766 1448 3831 (4)
1489 3764 1599 3813 Vol.
1623 3764 1654 3813 i.
1676 3771 1810 3814 tract.
1833 3765 1899 3814 iii.
1923 3782 1964 3814 c.
1986 3766 2055 3815 ix.
2079 3770 2125 3825 ς.
2140 3782 2193 3814 «ν.
2212 3772 2261 3815 et
2276 3772 2411 3815 nact-
2434 3767 2499 3815 vi.
2524 3784 2565 3816 c.
2587 3768 2653 3816 vi.
