<?xml version="1.0" encoding="UTF-8"?>
<!DOCTYPE html PUBLIC "-//W3C//DTD XHTML 1.0 Transitional//EN"
    "http://www.w3.org/TR/xhtml1/DTD/xhtml1-transitional.dtd">
<html xmlns="http://www.w3.org/1999/xhtml" xml:lang="en" lang="en">
 <head>
  <title>
</title>
<meta http-equiv="Content-Type" content="text/html;charset=utf-8" />
  <meta name='ocr-system' content='tesseract 3.04.00' />
  <meta name='ocr-capabilities' content='ocr_page ocr_carea ocr_par ocr_line ocrx_word'/>
</head>
<body>
  <div class='ocr_page' id='page_1' title='image "./theologiaemoral00unkngoog_0251.png"; bbox 0 0 3117 5217; ppageno 0'>
   <div class='ocr_carea' id='block_1_1' title="bbox 1079 580 2607 641">
    <p class='ocr_par' dir='ltr' id='par_1_1' title="bbox 1079 580 2607 641">
     <span class='ocr_line' id='line_1_1' title="bbox 1079 580 2607 641; baseline -0.001 -2"><span class='ocrx_word' id='word_1_1' title='bbox 1079 580 1191 640; x_wconf 91' lang='lat' dir='ltr'><strong>DE</strong></span> <span class='ocrx_word' id='word_1_2' title='bbox 1237 581 1948 641; x_wconf 83' lang='lat' dir='ltr'><strong>SUPERSTITIONE.</strong></span> <span class='ocrx_word' id='word_1_3' title='bbox 2488 584 2607 638; x_wconf 77' lang='lat'><strong>237</strong></span> 
     </span>
    </p>
   </div>
   <div class='ocr_carea' id='block_1_2' title="bbox 427 733 2676 4277">
    <p class='ocr_par' dir='ltr' id='par_1_2' title="bbox 429 733 2615 998">
     <span class='ocr_line' id='line_1_2' title="bbox 431 733 2615 823; baseline -0 -23"><span class='ocrx_word' id='word_1_4' title='bbox 431 744 604 810; x_wconf 89' lang='lat' dir='ltr'><strong>tiant;</strong></span> <span class='ocrx_word' id='word_1_5' title='bbox 648 748 705 801; x_wconf 87' lang='lat'><strong>3.</strong></span> <span class='ocrx_word' id='word_1_6' title='bbox 737 743 820 801; x_wconf 92' lang='lat' dir='ltr'><strong>Ut</strong></span> <span class='ocrx_word' id='word_1_7' title='bbox 834 733 930 801; x_wconf 59' lang='lat' dir='ltr'><strong>&#39;vel</strong></span> <span class='ocrx_word' id='word_1_8' title='bbox 950 741 1020 801; x_wconf 87' lang='lat' dir='ltr'><strong>de</strong></span> <span class='ocrx_word' id='word_1_9' title='bbox 1047 762 1108 802; x_wconf 88' lang='lat' dir='ltr'><strong>se</strong></span> <span class='ocrx_word' id='word_1_10' title='bbox 1136 746 1228 803; x_wconf 89' lang='lat' dir='ltr'><strong>vel</strong></span> <span class='ocrx_word' id='word_1_11' title='bbox 1255 745 1326 807; x_wconf 91' lang='lat' dir='ltr'><strong>de</strong></span> <span class='ocrx_word' id='word_1_12' title='bbox 1354 745 1478 803; x_wconf 85' lang='lat' dir='ltr'><strong>aliis</strong></span> <span class='ocrx_word' id='word_1_13' title='bbox 1507 764 1781 823; x_wconf 80' lang='lat' dir='ltr'><strong>personas</strong></span> <span class='ocrx_word' id='word_1_14' title='bbox 1808 745 2109 805; x_wconf 89' lang='lat' dir='ltr'><strong>consulant</strong></span> <span class='ocrx_word' id='word_1_15' title='bbox 2130 744 2233 803; x_wconf 86' lang='lat' dir='ltr'><strong>illo</strong></span> <span class='ocrx_word' id='word_1_16' title='bbox 2259 744 2433 803; x_wconf 90' lang='lat' dir='ltr'><strong>modo</strong></span> <span class='ocrx_word' id='word_1_17' title='bbox 2462 762 2615 819; x_wconf 86' lang='lat' dir='ltr'><strong>mag-</strong></span> 
     </span>
     <span class='ocr_line' id='line_1_3' title="bbox 431 842 2611 921; baseline 0 -20"><span class='ocrx_word' id='word_1_18' title='bbox 431 842 766 901; x_wconf 82' lang='lat' dir='ltr'><strong>netisatas.’&#39;</strong></span> <span class='ocrx_word' id='word_1_19' title='bbox 851 843 1108 921; x_wconf 83' lang='lat' dir='ltr'>Singulis</span> <span class='ocrx_word' id='word_1_20' title='bbox 1135 846 1386 916; x_wconf 71' lang='lat' dir='ltr'><strong>quaesitis</strong></span> <span class='ocrx_word' id='word_1_21' title='bbox 1414 846 1663 921; x_wconf 87' lang='lat' dir='ltr'><strong>generali</strong></span> <span class='ocrx_word' id='word_1_22' title='bbox 1708 844 1806 903; x_wconf 84' lang='lat' dir='ltr'><strong>illa</strong></span> <span class='ocrx_word' id='word_1_23' title='bbox 1844 845 2221 921; x_wconf 78' lang='lat' dir='ltr'>responsione</span> <span class='ocrx_word' id='word_1_24' title='bbox 2262 844 2611 901; x_wconf 84' lang='lat' dir='ltr'><strong>satisfactum</strong></span> 
     </span>
     <span class='ocr_line' id='line_1_4' title="bbox 429 950 535 998; baseline 0 0"><span class='ocrx_word' id='word_1_25' title='bbox 429 950 535 998; x_wconf 77' lang='lat' dir='ltr'><strong>est.</strong></span> 
     </span>
    </p>

    <p class='ocr_par' dir='ltr' id='par_1_3' title="bbox 427 1037 2614 1415">
     <span class='ocr_line' id='line_1_5' title="bbox 506 1037 2613 1120; baseline -0 -22"><span class='ocrx_word' id='word_1_26' title='bbox 506 1045 605 1098; x_wconf 86' lang='lat'><strong>45.</strong></span> <span class='ocrx_word' id='word_1_27' title='bbox 649 1037 1010 1119; x_wconf 55' lang='lat' dir='ltr'><strong>astrologia</strong></span> <span class='ocrx_word' id='word_1_28' title='bbox 1020 1040 1388 1120; x_wconf 75' lang='lat' dir='ltr'><strong>judiciaria,</strong></span> <span class='ocrx_word' id='word_1_29' title='bbox 1409 1061 1523 1115; x_wconf 86' lang='lat' dir='ltr'><strong>qua</strong></span> <span class='ocrx_word' id='word_1_30' title='bbox 1548 1044 1677 1115; x_wconf 87' lang='lat' dir='ltr'><strong>quis</strong></span> <span class='ocrx_word' id='word_1_31' title='bbox 1702 1044 1906 1101; x_wconf 86' lang='lat' dir='ltr'><strong>liberas</strong></span> <span class='ocrx_word' id='word_1_32' title='bbox 1933 1043 2229 1101; x_wconf 89' lang='lat' dir='ltr'><strong>hominum</strong></span> <span class='ocrx_word' id='word_1_33' title='bbox 2258 1041 2510 1099; x_wconf 81' lang='lat' dir='ltr'><strong>actiones</strong></span> <span class='ocrx_word' id='word_1_34' title='bbox 2538 1058 2613 1097; x_wconf 89' lang='lat' dir='ltr'><strong>ex</strong></span> 
     </span>
     <span class='ocr_line' id='line_1_6' title="bbox 429 1139 2613 1218; baseline 0 -21"><span class='ocrx_word' id='word_1_35' title='bbox 429 1141 594 1197; x_wconf 87' lang='lat' dir='ltr'><strong>astris</strong></span> <span class='ocrx_word' id='word_1_36' title='bbox 621 1139 874 1199; x_wconf 87' lang='lat' dir='ltr'><strong>divinare</strong></span> <span class='ocrx_word' id='word_1_37' title='bbox 901 1141 1052 1199; x_wconf 69' lang='lat' dir='ltr'><strong>certo</strong></span> <span class='ocrx_word' id='word_1_38' title='bbox 1081 1160 1144 1199; x_wconf 89' lang='lat' dir='ltr'><strong>se</strong></span> <span class='ocrx_word' id='word_1_39' title='bbox 1183 1142 1425 1218; x_wconf 89' lang='lat' dir='ltr'><strong>fingunt,</strong></span> <span class='ocrx_word' id='word_1_40' title='bbox 1468 1143 1704 1200; x_wconf 88' lang='lat' dir='ltr'><strong>omnino</strong></span> <span class='ocrx_word' id='word_1_41' title='bbox 1738 1141 1933 1200; x_wconf 88' lang='lat' dir='ltr'><strong>illicita</strong></span> <span class='ocrx_word' id='word_1_42' title='bbox 1970 1150 2075 1208; x_wconf 90' lang='lat' dir='ltr'><strong>est,</strong></span> <span class='ocrx_word' id='word_1_43' title='bbox 2104 1159 2278 1213; x_wconf 89' lang='lat' dir='ltr'><strong>quum</strong></span> <span class='ocrx_word' id='word_1_44' title='bbox 2320 1139 2455 1197; x_wconf 89' lang='lat' dir='ltr'><strong>inde</strong></span> <span class='ocrx_word' id='word_1_45' title='bbox 2495 1157 2613 1197; x_wconf 88' lang='lat' dir='ltr'><strong>non</strong></span> 
     </span>
     <span class='ocr_line' id='line_1_7' title="bbox 427 1237 2614 1318; baseline -0.001 -21"><span class='ocrx_word' id='word_1_46' title='bbox 427 1238 733 1315; x_wconf 78' lang='lat' dir='ltr'><strong>pendeant,</strong></span> <span class='ocrx_word' id='word_1_47' title='bbox 761 1239 863 1297; x_wconf 86' lang='lat' dir='ltr'><strong>sed</strong></span> <span class='ocrx_word' id='word_1_48' title='bbox 892 1258 966 1297; x_wconf 86' lang='lat' dir='ltr'><strong>ex</strong></span> <span class='ocrx_word' id='word_1_49' title='bbox 991 1242 1440 1318; x_wconf 89' lang='lat' dir='ltr'><strong>uniuscujusque</strong></span> <span class='ocrx_word' id='word_1_50' title='bbox 1467 1237 1745 1299; x_wconf 86' lang='lat' dir='ltr'><strong>arbitrio.¹</strong></span> <span class='ocrx_word' id='word_1_51' title='bbox 1827 1241 1997 1299; x_wconf 91' lang='lat' dir='ltr'><strong>Hanc</strong></span> <span class='ocrx_word' id='word_1_52' title='bbox 2038 1249 2225 1297; x_wconf 86' lang='lat' dir='ltr'><strong>tamen</strong></span> <span class='ocrx_word' id='word_1_53' title='bbox 2264 1258 2381 1297; x_wconf 90' lang='lat' dir='ltr'><strong>non</strong></span> <span class='ocrx_word' id='word_1_54' title='bbox 2416 1256 2614 1295; x_wconf 83' lang='lat' dir='ltr'><strong>veren-</strong></span> 
     </span>
     <span class='ocr_line' id='line_1_8' title="bbox 429 1338 2102 1415; baseline 0.001 -20"><span class='ocrx_word' id='word_1_55' title='bbox 429 1346 518 1395; x_wconf 88' lang='lat' dir='ltr'><strong>tur</strong></span> <span class='ocrx_word' id='word_1_56' title='bbox 545 1339 720 1410; x_wconf 80' lang='lat' dir='ltr'><strong>aliqui</strong></span> <span class='ocrx_word' id='word_1_57' title='bbox 747 1338 933 1413; x_wconf 85' lang='lat' dir='ltr'><strong>palam</strong></span> <span class='ocrx_word' id='word_1_58' title='bbox 962 1340 1214 1415; x_wconf 85' lang='lat' dir='ltr'><strong>profiteri</strong></span> <span class='ocrx_word' id='word_1_59' title='bbox 1235 1340 1298 1407; x_wconf 71' lang='lat' dir='ltr'><strong>,in</strong></span> <span class='ocrx_word' id='word_1_60' title='bbox 1325 1340 1452 1415; x_wconf 90' lang='lat' dir='ltr'><strong>ipsa</strong></span> <span class='ocrx_word' id='word_1_61' title='bbox 1477 1358 1590 1411; x_wconf 88' lang='lat' dir='ltr'><strong>qua</strong></span> <span class='ocrx_word' id='word_1_62' title='bbox 1616 1341 1915 1397; x_wconf 82' lang='lat' dir='ltr'>scribimus</span> <span class='ocrx_word' id='word_1_63' title='bbox 1944 1340 2102 1397; x_wconf 89' lang='lat' dir='ltr'><strong>urbe.</strong></span> 
     </span>
    </p>

    <p class='ocr_par' dir='ltr' id='par_1_4' title="bbox 429 1435 2624 2502">
     <span class='ocr_line' id='line_1_9' title="bbox 507 1435 2609 1516; baseline 0 -23"><span class='ocrx_word' id='word_1_64' title='bbox 507 1440 607 1493; x_wconf 83' lang='lat'><strong>46.</strong></span> <span class='ocrx_word' id='word_1_65' title='bbox 657 1435 1057 1514; x_wconf 79' lang='lat' dir='ltr'><strong>Sortilegium</strong></span> <span class='ocrx_word' id='word_1_66' title='bbox 1091 1439 1352 1497; x_wconf 88' lang='lat' dir='ltr'><strong>illicitum</strong></span> <span class='ocrx_word' id='word_1_67' title='bbox 1398 1448 1502 1504; x_wconf 85' lang='lat' dir='ltr'><strong>est,</strong></span> <span class='ocrx_word' id='word_1_68' title='bbox 1531 1440 1751 1509; x_wconf 89' lang='lat' dir='ltr'><strong>quoties</strong></span> <span class='ocrx_word' id='word_1_69' title='bbox 1784 1439 1952 1516; x_wconf 89' lang='lat' dir='ltr'><strong>jactis</strong></span> <span class='ocrx_word' id='word_1_70' title='bbox 1992 1438 2257 1503; x_wconf 77' lang='lat' dir='ltr'><strong>sortibuS‚</strong></span> <span class='ocrx_word' id='word_1_71' title='bbox 2292 1457 2324 1493; x_wconf 88' lang='lat' dir='ltr'><strong>a</strong></span> <span class='ocrx_word' id='word_1_72' title='bbox 2348 1436 2609 1495; x_wconf 77' lang='lat' dir='ltr'><strong>daemone</strong></span> 
     </span>
     <span class='ocr_line' id='line_1_10' title="bbox 429 1528 2616 1611; baseline 0 -20"><span class='ocrx_word' id='word_1_73' title='bbox 429 1537 641 1611; x_wconf 91' lang='lat' dir='ltr'><strong>petitur</strong></span> <span class='ocrx_word' id='word_1_74' title='bbox 691 1535 828 1611; x_wconf 88' lang='lat' dir='ltr'><strong>quid</strong></span> <span class='ocrx_word' id='word_1_75' title='bbox 867 1536 1118 1595; x_wconf 83' lang='lat' dir='ltr'><strong>futurum</strong></span> <span class='ocrx_word' id='word_1_76' title='bbox 1171 1539 1264 1605; x_wconf 91' lang='lat' dir='ltr'><strong>sit,</strong></span> <span class='ocrx_word' id='word_1_77' title='bbox 1312 1538 1401 1595; x_wconf 86' lang='lat' dir='ltr'><strong>vel</strong></span> <span class='ocrx_word' id='word_1_78' title='bbox 1429 1537 1597 1593; x_wconf 87' lang='lat' dir='ltr'><strong>etiam</strong></span> <span class='ocrx_word' id='word_1_79' title='bbox 1652 1558 1685 1594; x_wconf 90' lang='lat' dir='ltr'><strong>a</strong></span> <span class='ocrx_word' id='word_1_80' title='bbox 1711 1538 1840 1595; x_wconf 90' lang='lat' dir='ltr'><strong>Deo</strong></span> <span class='ocrx_word' id='word_1_81' title='bbox 1886 1545 2095 1595; x_wconf 85' lang='lat' dir='ltr'><strong>temere</strong></span> <span class='ocrx_word' id='word_1_82' title='bbox 2149 1535 2208 1595; x_wconf 86' lang='lat' dir='ltr'><strong>id</strong></span> <span class='ocrx_word' id='word_1_83' title='bbox 2252 1528 2616 1611; x_wconf 77' lang='lat' dir='ltr'><strong>postulatur.2</strong></span> 
     </span>
     <span class='ocr_line' id='line_1_11' title="bbox 433 1632 2616 1712; baseline 0 -21"><span class='ocrx_word' id='word_1_84' title='bbox 433 1634 610 1693; x_wconf 87' lang='lat' dir='ltr'><strong>Nulla</strong></span> <span class='ocrx_word' id='word_1_85' title='bbox 636 1644 820 1693; x_wconf 89' lang='lat' dir='ltr'><strong>autem</strong></span> <span class='ocrx_word' id='word_1_86' title='bbox 852 1634 1160 1694; x_wconf 85' lang='lat' dir='ltr'><strong>admittitur</strong></span> <span class='ocrx_word' id='word_1_87' title='bbox 1183 1636 1532 1712; x_wconf 87' lang='lat' dir='ltr'><strong>superstitio,</strong></span> <span class='ocrx_word' id='word_1_88' title='bbox 1561 1637 1613 1693; x_wconf 89' lang='lat' dir='ltr'><strong>si</strong></span> <span class='ocrx_word' id='word_1_89' title='bbox 1642 1646 1825 1694; x_wconf 86' lang='lat' dir='ltr'><strong>sortes</strong></span> <span class='ocrx_word' id='word_1_90' title='bbox 1864 1635 2233 1693; x_wconf 82' lang='lat' dir='ltr'><strong>adhibeantur</strong></span> <span class='ocrx_word' id='word_1_91' title='bbox 2264 1636 2325 1691; x_wconf 88' lang='lat' dir='ltr'><strong>in</strong></span> <span class='ocrx_word' id='word_1_92' title='bbox 2356 1632 2616 1691; x_wconf 86' lang='lat' dir='ltr'><strong>distribu-</strong></span> 
     </span>
     <span class='ocr_line' id='line_1_12' title="bbox 431 1715 2618 1807; baseline -0.002 -15"><span class='ocrx_word' id='word_1_93' title='bbox 431 1733 579 1792; x_wconf 88' lang='lat' dir='ltr'><strong>enda</strong></span> <span class='ocrx_word' id='word_1_94' title='bbox 612 1732 958 1801; x_wconf 77' lang='lat' dir='ltr'><strong>haereditate,</strong></span> <span class='ocrx_word' id='word_1_95' title='bbox 991 1736 1084 1792; x_wconf 87' lang='lat' dir='ltr'><strong>vel</strong></span> <span class='ocrx_word' id='word_1_96' title='bbox 1123 1736 1231 1793; x_wconf 86' lang='lat' dir='ltr'><strong>alia</strong></span> <span class='ocrx_word' id='word_1_97' title='bbox 1267 1754 1330 1793; x_wconf 87' lang='lat' dir='ltr'><strong>re</strong></span> <span class='ocrx_word' id='word_1_98' title='bbox 1369 1715 1795 1793; x_wconf 79' lang='lat' dir='ltr'><strong>determinanda</strong></span> <span class='ocrx_word' id='word_1_99' title='bbox 1834 1746 1967 1807; x_wconf 78' lang='lat' dir='ltr'><strong>quae·</strong></span> <span class='ocrx_word' id='word_1_100' title='bbox 2000 1733 2399 1791; x_wconf 82' lang='lat' dir='ltr'><strong>dubitationem</strong></span> <span class='ocrx_word' id='word_1_101' title='bbox 2437 1732 2618 1789; x_wconf 84' lang='lat' dir='ltr'><strong>animi</strong></span> 
     </span>
     <span class='ocr_line' id='line_1_13' title="bbox 430 1832 2619 1912; baseline -0.002 -21"><span class='ocrx_word' id='word_1_102' title='bbox 430 1833 592 1908; x_wconf 88' lang='lat' dir='ltr'><strong>parit,</strong></span> <span class='ocrx_word' id='word_1_103' title='bbox 621 1832 930 1912; x_wconf 74' lang='lat' dir='ltr'><strong>dummodo</strong></span> <span class='ocrx_word' id='word_1_104' title='bbox 943 1832 1194 1901; x_wconf 54' lang='lat' dir='ltr'><strong>⁸effectus</strong></span> <span class='ocrx_word' id='word_1_105' title='bbox 1222 1844 1425 1910; x_wconf 86' lang='lat' dir='ltr'><strong>praeter</strong></span> <span class='ocrx_word' id='word_1_106' title='bbox 1449 1845 1707 1891; x_wconf 87' lang='lat' dir='ltr'><strong>naturam</strong></span> <span class='ocrx_word' id='word_1_107' title='bbox 1746 1852 1863 1891; x_wconf 88' lang='lat' dir='ltr'><strong>non</strong></span> <span class='ocrx_word' id='word_1_108' title='bbox 1888 1840 2237 1909; x_wconf 84' lang='lat' dir='ltr'><strong>expectetur.</strong></span> <span class='ocrx_word' id='word_1_109' title='bbox 2322 1832 2460 1888; x_wconf 91' lang='lat' dir='ltr'><strong>Non</strong></span> <span class='ocrx_word' id='word_1_110' title='bbox 2488 1848 2619 1905; x_wconf 87' lang='lat' dir='ltr'><strong>pec·</strong></span> 
     </span>
     <span class='ocr_line' id='line_1_14' title="bbox 432 1928 2622 2007; baseline -0.002 -18"><span class='ocrx_word' id='word_1_111' title='bbox 432 1942 521 1989; x_wconf 86' lang='lat' dir='ltr'><strong>cat</strong></span> <span class='ocrx_word' id='word_1_112' title='bbox 546 1932 712 1991; x_wconf 88' lang='lat' dir='ltr'><strong>ctiam</strong></span> <span class='ocrx_word' id='word_1_113' title='bbox 742 1933 1032 2007; x_wconf 85' lang='lat' dir='ltr'><strong>plerisque</strong></span> <span class='ocrx_word' id='word_1_114' title='bbox 1073 1934 1132 1991; x_wconf 88' lang='lat' dir='ltr'><strong>in</strong></span> <span class='ocrx_word' id='word_1_115' title='bbox 1171 1935 1336 1991; x_wconf 86' lang='lat' dir='ltr'><strong>rebus</strong></span> <span class='ocrx_word' id='word_1_116' title='bbox 1363 1934 1460 2006; x_wconf 92' lang='lat' dir='ltr'><strong>qui</strong></span> <span class='ocrx_word' id='word_1_117' title='bbox 1487 1933 1555 1990; x_wconf 84' lang='lat' dir='ltr'><strong>ad</strong></span> <span class='ocrx_word' id='word_1_118' title='bbox 1586 1933 1989 1991; x_wconf 84' lang='lat' dir='ltr'><strong>dubitationem</strong></span> <span class='ocrx_word' id='word_1_119' title='bbox 2026 1931 2201 1989; x_wconf 90' lang='lat' dir='ltr'><strong>animi</strong></span> <span class='ocrx_word' id='word_1_120' title='bbox 2225 1928 2622 2005; x_wconf 82' lang='lat' dir='ltr'><strong>depellendam</strong></span> 
     </span>
     <span class='ocr_line' id='line_1_15' title="bbox 431 2028 2620 2108; baseline -0.001 -21"><span class='ocrx_word' id='word_1_121' title='bbox 431 2030 680 2099; x_wconf 71' lang='lat' dir='ltr'><strong>divinam</strong></span> <span class='ocrx_word' id='word_1_122' title='bbox 708 2050 878 2107; x_wconf 91' lang='lat' dir='ltr'><strong>opem</strong></span> <span class='ocrx_word' id='word_1_123' title='bbox 907 2032 1190 2108; x_wconf 88' lang='lat' dir='ltr'><strong>implorat,</strong></span> <span class='ocrx_word' id='word_1_124' title='bbox 1218 2042 1276 2089; x_wconf 91' lang='lat' dir='ltr'><strong>et</strong></span> <span class='ocrx_word' id='word_1_125' title='bbox 1299 2052 1424 2091; x_wconf 87' lang='lat' dir='ltr'><strong>eam</strong></span> <span class='ocrx_word' id='word_1_126' title='bbox 1452 2032 1685 2090; x_wconf 88' lang='lat' dir='ltr'><strong>demum</strong></span> <span class='ocrx_word' id='word_1_127' title='bbox 1712 2031 2067 2107; x_wconf 82' lang='lat' dir='ltr'><strong>amplectitur</strong></span> <span class='ocrx_word' id='word_1_128' title='bbox 2092 2028 2295 2106; x_wconf 84' lang='lat' dir='ltr'><strong>agendi</strong></span> <span class='ocrx_word' id='word_1_129' title='bbox 2322 2030 2620 2094; x_wconf 87' lang='lat' dir='ltr'><strong>rationem,</strong></span> 
     </span>
     <span class='ocr_line' id='line_1_16' title="bbox 435 2126 2624 2209; baseline -0.001 -24"><span class='ocrx_word' id='word_1_130' title='bbox 435 2128 506 2209; x_wconf 81' lang='lat' dir='ltr'><strong>ad</strong></span> <span class='ocrx_word' id='word_1_131' title='bbox 533 2148 702 2203; x_wconf 75' lang='lat' dir='ltr'><strong>quam</strong></span> <span class='ocrx_word' id='word_1_132' title='bbox 731 2142 882 2187; x_wconf 84' lang='lat' dir='ltr'><strong>sorte</strong></span> <span class='ocrx_word' id='word_1_133' title='bbox 905 2130 1328 2189; x_wconf 84' lang='lat' dir='ltr'><strong>determinatur.</strong></span> <span class='ocrx_word' id='word_1_134' title='bbox 1413 2132 1597 2189; x_wconf 85' lang='lat' dir='ltr'><strong>Sortis</strong></span> <span class='ocrx_word' id='word_1_135' title='bbox 1625 2141 1813 2187; x_wconf 90' lang='lat' dir='ltr'><strong>tamen</strong></span> <span class='ocrx_word' id='word_1_136' title='bbox 1840 2149 2007 2188; x_wconf 88' lang='lat' dir='ltr'><strong>usum</strong></span> <span class='ocrx_word' id='word_1_137' title='bbox 2047 2129 2105 2186; x_wconf 90' lang='lat' dir='ltr'><strong>in</strong></span> <span class='ocrx_word' id='word_1_138' title='bbox 2144 2128 2513 2185; x_wconf 83' lang='lat' dir='ltr'><strong>electionibus</strong></span> <span class='ocrx_word' id='word_1_139' title='bbox 2552 2126 2624 2183; x_wconf 92' lang='lat' dir='ltr'><strong>ad</strong></span> 
     </span>
     <span class='ocr_line' id='line_1_17' title="bbox 431 2216 2623 2306; baseline -0.001 -21"><span class='ocrx_word' id='word_1_140' title='bbox 431 2226 622 2285; x_wconf 88' lang='lat' dir='ltr'><strong>officia</strong></span> <span class='ocrx_word' id='word_1_141' title='bbox 659 2229 1038 2287; x_wconf 86' lang='lat' dir='ltr'><strong>ecclesiastica</strong></span> <span class='ocrx_word' id='word_1_142' title='bbox 1078 2241 1350 2306; x_wconf 87' lang='lat' dir='ltr'><strong>perpetua</strong></span> <span class='ocrx_word' id='word_1_143' title='bbox 1388 2230 1772 2306; x_wconf 88' lang='lat' dir='ltr'><strong>prohibitione</strong></span> <span class='ocrx_word' id='word_1_144' title='bbox 1812 2228 2101 2286; x_wconf 86' lang='lat' dir='ltr'><strong>damnavit</strong></span> <span class='ocrx_word' id='word_1_145' title='bbox 2141 2227 2437 2284; x_wconf 89' lang='lat' dir='ltr'><strong>Honorius</strong></span> <span class='ocrx_word' id='word_1_146' title='bbox 2477 2216 2623 2284; x_wconf 75' lang='grc' dir='ltr'><strong>ΙΙΙ.3</strong></span> 
     </span>
     <span class='ocr_line' id='line_1_18' title="bbox 436 2311 2620 2405; baseline -0.001 -22"><span class='ocrx_word' id='word_1_147' title='bbox 436 2311 790 2401; x_wconf 80' lang='lat' dir='ltr'><strong>Exemplum</strong></span> <span class='ocrx_word' id='word_1_148' title='bbox 819 2328 1109 2386; x_wconf 82' lang='lat' dir='ltr'><strong>electionis</strong></span> <span class='ocrx_word' id='word_1_149' title='bbox 1141 2330 1398 2387; x_wconf 85' lang='lat' dir='ltr'><strong>Matthiae</strong></span> <span class='ocrx_word' id='word_1_150' title='bbox 1429 2347 1542 2386; x_wconf 88' lang='lat' dir='ltr'><strong>non</strong></span> <span class='ocrx_word' id='word_1_151' title='bbox 1570 2337 1661 2385; x_wconf 90' lang='lat' dir='ltr'><strong>est</strong></span> <span class='ocrx_word' id='word_1_152' title='bbox 1683 2328 2021 2405; x_wconf 87' lang='lat' dir='ltr'><strong>urgendum,</strong></span> <span class='ocrx_word' id='word_1_153' title='bbox 2050 2344 2227 2399; x_wconf 90' lang='lat' dir='ltr'><strong>quum</strong></span> <span class='ocrx_word' id='word_1_154' title='bbox 2266 2342 2342 2381; x_wconf 88' lang='lat' dir='ltr'><strong>ex</strong></span> <span class='ocrx_word' id='word_1_155' title='bbox 2382 2319 2620 2400; x_wconf 88' lang='lat' dir='ltr'><strong>speciali</strong></span> 
     </span>
     <span class='ocr_line' id='line_1_19' title="bbox 435 2422 2616 2502; baseline -0.003 -16"><span class='ocrx_word' id='word_1_156' title='bbox 435 2424 684 2499; x_wconf 83' lang='lat' dir='ltr'><strong>Spiritus</strong></span> <span class='ocrx_word' id='word_1_157' title='bbox 713 2424 906 2482; x_wconf 86' lang='lat' dir='ltr'><strong>Sancti</strong></span> <span class='ocrx_word' id='word_1_158' title='bbox 933 2426 1123 2483; x_wconf 89' lang='lat' dir='ltr'><strong>afflatu</strong></span> <span class='ocrx_word' id='word_1_159' title='bbox 1149 2436 1332 2483; x_wconf 83' lang='lat' dir='ltr'><strong>sortes</strong></span> <span class='ocrx_word' id='word_1_160' title='bbox 1354 2426 1587 2502; x_wconf 89' lang='lat' dir='ltr'><strong>speciali</strong></span> <span class='ocrx_word' id='word_1_161' title='bbox 1604 2427 1703 2484; x_wconf 92' lang='lat' dir='ltr'><strong>illo</strong></span> <span class='ocrx_word' id='word_1_162' title='bbox 1722 2446 1857 2484; x_wconf 90' lang='lat' dir='ltr'><strong>casu</strong></span> <span class='ocrx_word' id='word_1_163' title='bbox 1876 2426 2139 2483; x_wconf 84' lang='lat' dir='ltr'><strong>adhibitae</strong></span> <span class='ocrx_word' id='word_1_164' title='bbox 2163 2422 2459 2482; x_wconf 68' lang='lat' dir='ltr'><strong>censendae</strong></span> <span class='ocrx_word' id='word_1_165' title='bbox 2482 2424 2616 2481; x_wconf 87' lang='lat' dir='ltr'><strong>sint.</strong></span> 
     </span>
    </p>

    <p class='ocr_par' dir='ltr' id='par_1_5' title="bbox 431 2520 2676 4277">
     <span class='ocr_line' id='line_1_20' title="bbox 513 2520 2622 2599; baseline -0 -20"><span class='ocrx_word' id='word_1_166' title='bbox 513 2526 614 2581; x_wconf 80' lang='lat'><strong>47.</strong></span> <span class='ocrx_word' id='word_1_167' title='bbox 695 2520 862 2580; x_wconf 84' lang='lat' dir='ltr'><strong>Vana</strong></span> <span class='ocrx_word' id='word_1_168' title='bbox 914 2522 1312 2582; x_wconf 72' lang='lat' dir='ltr'><strong>Observantia</strong></span> <span class='ocrx_word' id='word_1_169' title='bbox 1363 2533 1454 2581; x_wconf 91' lang='lat' dir='ltr'><strong>est</strong></span> <span class='ocrx_word' id='word_1_170' title='bbox 1502 2525 1851 2599; x_wconf 80' lang='lat' dir='ltr'><strong>superstitio,</strong></span> <span class='ocrx_word' id='word_1_171' title='bbox 1898 2542 2009 2595; x_wconf 88' lang='lat' dir='ltr'><strong>qua</strong></span> <span class='ocrx_word' id='word_1_172' title='bbox 2046 2522 2113 2581; x_wconf 87' lang='lat' dir='ltr'><strong>ad</strong></span> <span class='ocrx_word' id='word_1_173' title='bbox 2154 2523 2329 2580; x_wconf 89' lang='lat' dir='ltr'><strong>finem</strong></span> <span class='ocrx_word' id='word_1_174' title='bbox 2372 2523 2622 2593; x_wconf 86' lang='lat' dir='ltr'><strong>aliquem</strong></span> 
     </span>
     <span class='ocr_line' id='line_1_21' title="bbox 436 2620 2676 2695; baseline -0 -17"><span class='ocrx_word' id='word_1_175' title='bbox 436 2620 772 2679; x_wconf 82' lang='lat' dir='ltr'><strong>adhibentur</strong></span> <span class='ocrx_word' id='word_1_176' title='bbox 821 2622 1074 2679; x_wconf 85' lang='lat' dir='ltr'><strong>subsidia</strong></span> <span class='ocrx_word' id='word_1_177' title='bbox 1139 2642 1262 2694; x_wconf 86' lang='lat' dir='ltr'><strong>quae</strong></span> <span class='ocrx_word' id='word_1_178' title='bbox 1329 2622 1542 2681; x_wconf 89' lang='lat' dir='ltr'><strong>nullam</strong></span> <span class='ocrx_word' id='word_1_179' title='bbox 1596 2622 1805 2679; x_wconf 86' lang='lat' dir='ltr'><strong>habent</strong></span> <span class='ocrx_word' id='word_1_180' title='bbox 1852 2640 1979 2678; x_wconf 85' lang='lat' dir='ltr'><strong>cum</strong></span> <span class='ocrx_word' id='word_1_181' title='bbox 2038 2639 2107 2678; x_wconf 91' lang='lat' dir='ltr'><strong>ea</strong></span> <span class='ocrx_word' id='word_1_182' title='bbox 2168 2621 2617 2695; x_wconf 87' lang='lat' dir='ltr'><strong>proportionem.</strong></span> <span class='ocrx_word' id='word_1_183' title='bbox 2669 2673 2676 2677; x_wconf 89' lang='lat'><strong>.</strong></span> 
     </span>
     <span class='ocr_line' id='line_1_22' title="bbox 437 2718 2625 2797; baseline -0.001 -22"><span class='ocrx_word' id='word_1_184' title='bbox 437 2720 624 2778; x_wconf 81' lang='lat' dir='ltr'><strong>Variae</strong></span> <span class='ocrx_word' id='word_1_185' title='bbox 681 2730 818 2777; x_wconf 89' lang='lat' dir='ltr'><strong>sunt</strong></span> <span class='ocrx_word' id='word_1_186' title='bbox 871 2720 998 2797; x_wconf 89' lang='lat' dir='ltr'><strong>ejus</strong></span> <span class='ocrx_word' id='word_1_187' title='bbox 1051 2722 1297 2797; x_wconf 89' lang='lat' dir='ltr'><strong>species,</strong></span> <span class='ocrx_word' id='word_1_188' title='bbox 1353 2737 1563 2797; x_wconf 87' lang='lat' dir='ltr'><strong>nempe</strong></span> <span class='ocrx_word' id='word_1_189' title='bbox 1616 2738 1705 2777; x_wconf 90' lang='lat' dir='ltr'><strong>ars</strong></span> <span class='ocrx_word' id='word_1_190' title='bbox 1755 2719 1996 2785; x_wconf 89' lang='lat' dir='ltr'><strong>notoria,</strong></span> <span class='ocrx_word' id='word_1_191' title='bbox 2054 2718 2405 2775; x_wconf 86' lang='lat' dir='ltr'><strong>observantia</strong></span> <span class='ocrx_word' id='word_1_192' title='bbox 2456 2734 2625 2773; x_wconf 87' lang='lat' dir='ltr'><strong>even·</strong></span> 
     </span>
     <span class='ocr_line' id='line_1_23' title="bbox 433 2815 2623 2887; baseline -0.002 -11"><span class='ocrx_word' id='word_1_193' title='bbox 433 2829 616 2886; x_wconf 88' lang='lat' dir='ltr'><strong>tuum,</strong></span> <span class='ocrx_word' id='word_1_194' title='bbox 668 2820 1022 2877; x_wconf 82' lang='lat' dir='ltr'><strong>observantia</strong></span> <span class='ocrx_word' id='word_1_195' title='bbox 1067 2839 1378 2887; x_wconf 85' lang='lat' dir='ltr'><strong>sacrorum,</strong></span> <span class='ocrx_word' id='word_1_196' title='bbox 1424 2830 1482 2877; x_wconf 90' lang='lat' dir='ltr'><strong>et</strong></span> <span class='ocrx_word' id='word_1_197' title='bbox 1529 2819 1887 2877; x_wconf 88' lang='lat' dir='ltr'><strong>observantia</strong></span> <span class='ocrx_word' id='word_1_198' title='bbox 1926 2817 2249 2875; x_wconf 85' lang='lat' dir='ltr'><strong>sanitatum.</strong></span> <span class='ocrx_word' id='word_1_199' title='bbox 2331 2816 2443 2873; x_wconf 86' lang='lat' dir='ltr'><strong>Ars</strong></span> <span class='ocrx_word' id='word_1_200' title='bbox 2498 2815 2623 2873; x_wconf 89' lang='lat' dir='ltr'><strong>No-</strong></span> 
     </span>
     <span class='ocr_line' id='line_1_24' title="bbox 434 2914 2622 2992; baseline -0.002 -17"><span class='ocrx_word' id='word_1_201' title='bbox 434 2918 574 2975; x_wconf 89' lang='lat' dir='ltr'><strong>toria</strong></span> <span class='ocrx_word' id='word_1_202' title='bbox 606 2915 807 2974; x_wconf 86' lang='lat' dir='ltr'><strong>dicitur</strong></span> <span class='ocrx_word' id='word_1_203' title='bbox 845 2936 912 2975; x_wconf 84' lang='lat' dir='ltr'><strong>ea</strong></span> <span class='ocrx_word' id='word_1_204' title='bbox 940 2936 1054 2990; x_wconf 86' lang='lat' dir='ltr'><strong>qua</strong></span> <span class='ocrx_word' id='word_1_205' title='bbox 1091 2918 1162 2975; x_wconf 92' lang='lat' dir='ltr'><strong>ad</strong></span> <span class='ocrx_word' id='word_1_206' title='bbox 1199 2920 1494 2977; x_wconf 87' lang='lat' dir='ltr'><strong>scientiam</strong></span> <span class='ocrx_word' id='word_1_207' title='bbox 1532 2918 1721 2975; x_wconf 86' lang='lat' dir='ltr'><strong>statim</strong></span> <span class='ocrx_word' id='word_1_208' title='bbox 1752 2915 2179 2992; x_wconf 86' lang='lat' dir='ltr'><strong>adipiscendam</strong></span> <span class='ocrx_word' id='word_1_209' title='bbox 2218 2914 2347 2987; x_wconf 87' lang='lat' dir='ltr'><strong>quis</strong></span> <span class='ocrx_word' id='word_1_210' title='bbox 2387 2916 2622 2990; x_wconf 90' lang='lat' dir='ltr'><strong>potione</strong></span> 
     </span>
     <span class='ocr_line' id='line_1_25' title="bbox 434 3010 2621 3093; baseline 0 -22"><span class='ocrx_word' id='word_1_211' title='bbox 434 3014 698 3087; x_wconf 88' lang='lat' dir='ltr'><strong>quadam,</strong></span> <span class='ocrx_word' id='word_1_212' title='bbox 727 3015 820 3073; x_wconf 83' lang='lat' dir='ltr'><strong>vel</strong></span> <span class='ocrx_word' id='word_1_213' title='bbox 860 3034 1028 3092; x_wconf 90' lang='lat' dir='ltr'><strong>prece</strong></span> <span class='ocrx_word' id='word_1_214' title='bbox 1067 3026 1237 3085; x_wconf 89' lang='lat' dir='ltr'><strong>certa,</strong></span> <span class='ocrx_word' id='word_1_215' title='bbox 1268 3018 1358 3074; x_wconf 89' lang='lat' dir='ltr'><strong>vel</strong></span> <span class='ocrx_word' id='word_1_216' title='bbox 1395 3016 1594 3093; x_wconf 84' lang='lat' dir='ltr'><strong>figuris</strong></span> <span class='ocrx_word' id='word_1_217' title='bbox 1628 3013 1965 3088; x_wconf 88' lang='lat' dir='ltr'><strong>quibusdam</strong></span> <span class='ocrx_word' id='word_1_218' title='bbox 2007 3015 2198 3072; x_wconf 89' lang='lat' dir='ltr'><strong>utitur.</strong></span> <span class='ocrx_word' id='word_1_219' title='bbox 2288 3010 2621 3071; x_wconf 74' lang='lat' dir='ltr'><strong>Observan-</strong></span> 
     </span>
     <span class='ocr_line' id='line_1_26' title="bbox 431 3112 2621 3191; baseline -0.001 -21"><span class='ocrx_word' id='word_1_220' title='bbox 431 3113 522 3171; x_wconf 78' lang='lat' dir='ltr'><strong>tia</strong></span> <span class='ocrx_word' id='word_1_221' title='bbox 562 3120 882 3173; x_wconf 82' lang='lat' dir='ltr'><strong>eventuum</strong></span> <span class='ocrx_word' id='word_1_222' title='bbox 921 3117 1384 3191; x_wconf 88' lang='lat' dir='ltr'><strong>superstitionem</strong></span> <span class='ocrx_word' id='word_1_223' title='bbox 1423 3114 1662 3182; x_wconf 84' lang='lat' dir='ltr'><strong>redolet,</strong></span> <span class='ocrx_word' id='word_1_224' title='bbox 1693 3112 1921 3187; x_wconf 90' lang='lat' dir='ltr'><strong>quando</strong></span> <span class='ocrx_word' id='word_1_225' title='bbox 1960 3132 2036 3171; x_wconf 85' lang='lat' dir='ltr'><strong>ex</strong></span> <span class='ocrx_word' id='word_1_226' title='bbox 2076 3112 2305 3171; x_wconf 82' lang='lat' dir='ltr'><strong>fortuito</strong></span> <span class='ocrx_word' id='word_1_227' title='bbox 2344 3132 2481 3170; x_wconf 87' lang='lat' dir='ltr'><strong>casu</strong></span> <span class='ocrx_word' id='word_1_228' title='bbox 2522 3112 2621 3168; x_wconf 86' lang='lat' dir='ltr'><strong>ali·</strong></span> 
     </span>
     <span class='ocr_line' id='line_1_27' title="bbox 433 3188 2623 3299; baseline -0.002 -29"><span class='ocrx_word' id='word_1_229' title='bbox 433 3212 570 3284; x_wconf 87' lang='lat' dir='ltr'><strong>quid</strong></span> <span class='ocrx_word' id='word_1_230' title='bbox 611 3214 846 3299; x_wconf 80' lang='lat' dir='ltr'><strong>minime</strong></span> <span class='ocrx_word' id='word_1_231' title='bbox 885 3232 1018 3272; x_wconf 88' lang='lat' dir='ltr'><strong>cum</strong></span> <span class='ocrx_word' id='word_1_232' title='bbox 1064 3234 1135 3273; x_wconf 89' lang='lat' dir='ltr'><strong>eo</strong></span> <span class='ocrx_word' id='word_1_233' title='bbox 1175 3234 1520 3283; x_wconf 44' lang='lat' dir='ltr'><strong>connexum,</strong></span> <span class='ocrx_word' id='word_1_234' title='bbox 1552 3214 1803 3273; x_wconf 88' lang='lat' dir='ltr'><strong>futurum</strong></span> <span class='ocrx_word' id='word_1_235' title='bbox 1830 3188 2011 3272; x_wconf 39' lang='lat' dir='ltr'><strong>{iobis</strong></span> <span class='ocrx_word' id='word_1_236' title='bbox 2059 3210 2503 3288; x_wconf 84' lang='lat' dir='ltr'><strong>persuademus:</strong></span> <span class='ocrx_word' id='word_1_237' title='bbox 2548 3228 2623 3267; x_wconf 81' lang='lat' dir='ltr'><strong>v:</strong></span> 
     </span>
     <span class='ocr_line' id='line_1_28' title="bbox 432 3308 2622 3391; baseline -0 -24"><span class='ocrx_word' id='word_1_238' title='bbox 432 3330 502 3387; x_wconf 85' lang='lat' dir='ltr'><strong>g:</strong></span> <span class='ocrx_word' id='word_1_239' title='bbox 547 3313 597 3369; x_wconf 87' lang='lat' dir='ltr'><strong>si</strong></span> <span class='ocrx_word' id='word_1_240' title='bbox 637 3332 714 3371; x_wconf 87' lang='lat' dir='ltr'><strong>ex</strong></span> <span class='ocrx_word' id='word_1_241' title='bbox 752 3313 900 3388; x_wconf 90' lang='lat' dir='ltr'><strong>pede</strong></span> <span class='ocrx_word' id='word_1_242' title='bbox 941 3315 1210 3372; x_wconf 88' lang='lat' dir='ltr'><strong>titubante</strong></span> <span class='ocrx_word' id='word_1_243' title='bbox 1251 3314 1388 3373; x_wconf 89' lang='lat' dir='ltr'><strong>dum</strong></span> <span class='ocrx_word' id='word_1_244' title='bbox 1430 3312 1862 3391; x_wconf 81' lang='lat' dir='ltr'><strong>egrediebamur</strong></span> <span class='ocrx_word' id='word_1_245' title='bbox 1900 3312 2093 3381; x_wconf 79' lang='lat' dir='ltr'><strong>domn,</strong></span> <span class='ocrx_word' id='word_1_246' title='bbox 2142 3312 2367 3369; x_wconf 87' lang='lat' dir='ltr'><strong>adversi</strong></span> <span class='ocrx_word' id='word_1_247' title='bbox 2406 3308 2622 3383; x_wconf 87' lang='lat' dir='ltr'><strong>aliquid</strong></span> 
     </span>
     <span class='ocr_line' id='line_1_29' title="bbox 435 3408 2626 3491; baseline -0.001 -25"><span class='ocrx_word' id='word_1_248' title='bbox 435 3412 830 3487; x_wconf 85' lang='lat' dir='ltr'><strong>suspicemur;</strong></span> <span class='ocrx_word' id='word_1_249' title='bbox 871 3413 962 3470; x_wconf 84' lang='lat' dir='ltr'><strong>vel</strong></span> <span class='ocrx_word' id='word_1_250' title='bbox 1001 3430 1076 3470; x_wconf 82' lang='lat' dir='ltr'><strong>ex</strong></span> <span class='ocrx_word' id='word_1_251' title='bbox 1115 3415 1272 3471; x_wconf 88' lang='lat' dir='ltr'><strong>canis</strong></span> <span class='ocrx_word' id='word_1_252' title='bbox 1312 3414 1522 3491; x_wconf 87' lang='lat' dir='ltr'><strong>ejulatu</strong></span> <span class='ocrx_word' id='word_1_253' title='bbox 1551 3422 1795 3471; x_wconf 89' lang='lat' dir='ltr'><strong>mortem</strong></span> <span class='ocrx_word' id='word_1_254' title='bbox 1822 3412 2065 3487; x_wconf 89' lang='lat' dir='ltr'><strong>alicujus</strong></span> <span class='ocrx_word' id='word_1_255' title='bbox 2093 3411 2237 3467; x_wconf 87' lang='lat' dir='ltr'><strong>intra</strong></span> <span class='ocrx_word' id='word_1_256' title='bbox 2263 3408 2499 3467; x_wconf 87' lang='lat' dir='ltr'><strong>domum</strong></span> <span class='ocrx_word' id='word_1_257' title='bbox 2524 3426 2626 3465; x_wconf 86' lang='lat' dir='ltr'><strong>ex·</strong></span> 
     </span>
     <span class='ocr_line' id='line_1_30' title="bbox 437 3505 2627 3589; baseline -0.002 -22"><span class='ocrx_word' id='word_1_258' title='bbox 437 3520 750 3583; x_wconf 89' lang='lat' dir='ltr'><strong>pectemus.</strong></span> <span class='ocrx_word' id='word_1_259' title='bbox 807 3510 944 3569; x_wconf 87' lang='lat' dir='ltr'><strong>Huc</strong></span> <span class='ocrx_word' id='word_1_260' title='bbox 969 3511 1207 3569; x_wconf 86' lang='lat' dir='ltr'><strong>refertur</strong></span> <span class='ocrx_word' id='word_1_261' title='bbox 1231 3513 1524 3589; x_wconf 88' lang='lat' dir='ltr'><strong>popularis</strong></span> <span class='ocrx_word' id='word_1_262' title='bbox 1552 3511 1901 3586; x_wconf 84' lang='lat' dir='ltr'><strong>superstitio,</strong></span> <span class='ocrx_word' id='word_1_263' title='bbox 1922 3506 2085 3567; x_wconf 87' lang='lat' dir='ltr'><strong>-nolle</strong></span> <span class='ocrx_word' id='word_1_264' title='bbox 2113 3526 2327 3565; x_wconf 82' lang='lat' dir='ltr'><strong>mensae</strong></span> <span class='ocrx_word' id='word_1_265' title='bbox 2352 3505 2627 3564; x_wconf 84' lang='lat' dir='ltr'><strong>tredecim</strong></span> 
     </span>
     <span class='ocr_line' id='line_1_31' title="bbox 437 3604 2625 3686; baseline -0.002 -22"><span class='ocrx_word' id='word_1_266' title='bbox 437 3607 730 3686; x_wconf 89' lang='lat' dir='ltr'><strong>hospitum</strong></span> <span class='ocrx_word' id='word_1_267' title='bbox 757 3609 1048 3677; x_wconf 80' lang='lat' dir='ltr'><strong>assidere3</strong></span> <span class='ocrx_word' id='word_1_268' title='bbox 1091 3610 1180 3666; x_wconf 84' lang='lat' dir='ltr'><strong>vel</strong></span> <span class='ocrx_word' id='word_1_269' title='bbox 1220 3611 1368 3668; x_wconf 87' lang='lat' dir='ltr'><strong>solvi</strong></span> <span class='ocrx_word' id='word_1_270' title='bbox 1411 3619 1576 3685; x_wconf 86' lang='lat' dir='ltr'><strong>portu</strong></span> <span class='ocrx_word' id='word_1_271' title='bbox 1620 3609 1711 3666; x_wconf 88' lang='lat' dir='ltr'><strong>die</strong></span> <span class='ocrx_word' id='word_1_272' title='bbox 1739 3608 1985 3665; x_wconf 87' lang='lat' dir='ltr'><strong>veneris.</strong></span> <span class='ocrx_word' id='word_1_273' title='bbox 2072 3604 2219 3663; x_wconf 80' lang='lat' dir='ltr'><strong>Haec</strong></span> <span class='ocrx_word' id='word_1_274' title='bbox 2246 3605 2443 3661; x_wconf 84' lang='lat' dir='ltr'><strong>inania</strong></span> <span class='ocrx_word' id='word_1_275' title='bbox 2468 3612 2625 3671; x_wconf 91' lang='lat' dir='ltr'><strong>sunt,</strong></span> 
     </span>
     <span class='ocr_line' id='line_1_32' title="bbox 433 3702 2631 3783; baseline -0.002 -20"><span class='ocrx_word' id='word_1_276' title='bbox 433 3716 492 3763; x_wconf 89' lang='lat' dir='ltr'><strong>et</strong></span> <span class='ocrx_word' id='word_1_277' title='bbox 541 3706 842 3783; x_wconf 88' lang='lat' dir='ltr'><strong>culpanda,</strong></span> <span class='ocrx_word' id='word_1_278' title='bbox 898 3708 1160 3779; x_wconf 82' lang='lat' dir='ltr'><strong>quamvis</strong></span> <span class='ocrx_word' id='word_1_279' title='bbox 1211 3726 1326 3765; x_wconf 90' lang='lat' dir='ltr'><strong>non</strong></span> <span class='ocrx_word' id='word_1_280' title='bbox 1379 3706 1567 3765; x_wconf 81' lang='lat' dir='ltr'><strong>statim</strong></span> <span class='ocrx_word' id='word_1_281' title='bbox 1619 3707 1775 3783; x_wconf 81' lang='lat' dir='ltr'><strong>gravi</strong></span> <span class='ocrx_word' id='word_1_282' title='bbox 1826 3705 2054 3763; x_wconf 88' lang='lat' dir='ltr'><strong>crimini</strong></span> <span class='ocrx_word' id='word_1_283' title='bbox 2105 3702 2387 3770; x_wconf 84' lang='lat' dir='ltr'><strong>habenda,</strong></span> <span class='ocrx_word' id='word_1_284' title='bbox 2448 3718 2631 3773; x_wconf 85' lang='lat' dir='ltr'><strong>quum</strong></span> 
     </span>
     <span class='ocr_line' id='line_1_33' title="bbox 439 3802 2628 3882; baseline -0.003 -19"><span class='ocrx_word' id='word_1_285' title='bbox 439 3824 592 3882; x_wconf 83' lang='lat' dir='ltr'><strong>saepe</strong></span> <span class='ocrx_word' id='word_1_286' title='bbox 625 3806 861 3863; x_wconf 88' lang='lat' dir='ltr'><strong>aliorum</strong></span> <span class='ocrx_word' id='word_1_287' title='bbox 897 3804 1240 3882; x_wconf 62' lang='lat' dir='ltr'><strong>praejudiciis</strong></span> <span class='ocrx_word' id='word_1_288' title='bbox 1277 3824 1402 3865; x_wconf 88' lang='lat' dir='ltr'><strong>mos</strong></span> <span class='ocrx_word' id='word_1_289' title='bbox 1443 3815 1689 3882; x_wconf 85' lang='lat' dir='ltr'><strong>geratur,</strong></span> <span class='ocrx_word' id='word_1_290' title='bbox 1725 3804 1815 3862; x_wconf 87' lang='lat' dir='ltr'><strong>vel</strong></span> <span class='ocrx_word' id='word_1_291' title='bbox 1854 3802 2151 3879; x_wconf 87' lang='lat' dir='ltr'><strong>phantasia</strong></span> <span class='ocrx_word' id='word_1_292' title='bbox 2190 3802 2307 3859; x_wconf 84' lang='lat' dir='ltr'><strong>vim</strong></span> <span class='ocrx_word' id='word_1_293' title='bbox 2348 3809 2628 3869; x_wconf 86' lang='lat' dir='ltr'><strong>exerceat,</strong></span> 
     </span>
     <span class='ocr_line' id='line_1_34' title="bbox 437 3899 2628 3977; baseline -0.001 -17"><span class='ocrx_word' id='word_1_294' title='bbox 437 3905 530 3963; x_wconf 90' lang='lat' dir='ltr'><strong>cui</strong></span> <span class='ocrx_word' id='word_1_295' title='bbox 575 3904 728 3962; x_wconf 90' lang='lat' dir='ltr'><strong>haud</strong></span> <span class='ocrx_word' id='word_1_296' title='bbox 773 3904 938 3962; x_wconf 89' lang='lat' dir='ltr'><strong>facile</strong></span> <span class='ocrx_word' id='word_1_297' title='bbox 985 3904 1279 3962; x_wconf 83' lang='lat' dir='ltr'><strong>resistitur.</strong></span> <span class='ocrx_word' id='word_1_298' title='bbox 1365 3906 1456 3963; x_wconf 85' lang='lat' dir='ltr'><strong>De</strong></span> <span class='ocrx_word' id='word_1_299' title='bbox 1509 3903 1999 3963; x_wconf 86' lang='lat' dir='ltr'><strong>observationibus</strong></span> <span class='ocrx_word' id='word_1_300' title='bbox 2055 3899 2383 3977; x_wconf 89' lang='lat' dir='ltr'><strong>hujusmodi</strong></span> <span class='ocrx_word' id='word_1_301' title='bbox 2440 3907 2479 3935; x_wconf 74' lang='lat'><strong>‘⁴</strong></span> <span class='ocrx_word' id='word_1_302' title='bbox 2498 3918 2628 3958; x_wconf 90' lang='lat' dir='ltr'><strong>auc-</strong></span> 
     </span>
     <span class='ocr_line' id='line_1_35' title="bbox 439 3999 2629 4077; baseline -0.001 -18"><span class='ocrx_word' id='word_1_303' title='bbox 439 4010 586 4059; x_wconf 85' lang='lat' dir='ltr'><strong>tores</strong></span> <span class='ocrx_word' id='word_1_304' title='bbox 625 4003 836 4061; x_wconf 88' lang='lat' dir='ltr'><strong>docent</strong></span> <span class='ocrx_word' id='word_1_305' title='bbox 878 4002 1174 4077; x_wconf 88' lang='lat' dir='ltr'><strong>simplices</strong></span> <span class='ocrx_word' id='word_1_306' title='bbox 1213 4013 1270 4061; x_wconf 90' lang='lat' dir='ltr'><strong>et</strong></span> <span class='ocrx_word' id='word_1_307' title='bbox 1305 4003 1571 4061; x_wconf 88' lang='lat' dir='ltr'><strong>mulieres</strong></span> <span class='ocrx_word' id='word_1_308' title='bbox 1617 4003 1677 4059; x_wconf 89' lang='lat' dir='ltr'><strong>in</strong></span> <span class='ocrx_word' id='word_1_309' title='bbox 1727 4001 1817 4059; x_wconf 87' lang='lat' dir='ltr'><strong>his</strong></span> <span class='ocrx_word' id='word_1_310' title='bbox 1859 4000 2143 4060; x_wconf 87' lang='lat' dir='ltr'><strong>ordinarie</strong></span> <span class='ocrx_word' id='word_1_311' title='bbox 2196 3999 2386 4058; x_wconf 88' lang='lat' dir='ltr'><strong>solum</strong></span> <span class='ocrx_word' id='word_1_312' title='bbox 2437 4000 2629 4057; x_wconf 83' lang='lat' dir='ltr'><strong>venia·</strong></span> 
     </span>
     <span class='ocr_line' id='line_1_36' title="bbox 435 4093 2633 4177; baseline 0 -20"><span class='ocrx_word' id='word_1_313' title='bbox 435 4099 564 4157; x_wconf 88' lang='lat' dir='ltr'><strong>liter</strong></span> <span class='ocrx_word' id='word_1_314' title='bbox 614 4120 870 4175; x_wconf 86' lang='lat' dir='ltr'><strong>peccare,</strong></span> <span class='ocrx_word' id='word_1_315' title='bbox 921 4101 1137 4159; x_wconf 88' lang='lat' dir='ltr'><strong>ratione</strong></span> <span class='ocrx_word' id='word_1_316' title='bbox 1187 4101 1539 4177; x_wconf 70' lang='lat' dir='ltr'><strong>ignorantias,</strong></span> <span class='ocrx_word' id='word_1_317' title='bbox 1594 4112 1653 4159; x_wconf 88' lang='lat' dir='ltr'><strong>et</strong></span> <span class='ocrx_word' id='word_1_318' title='bbox 1700 4102 1861 4158; x_wconf 69' lang='lat' dir='ltr'><strong>bonas</strong></span> <span class='ocrx_word' id='word_1_319' title='bbox 1906 4093 2143 4157; x_wconf 84' lang='lat' dir='ltr'><strong>fidei.”⁴</strong></span> <span class='ocrx_word' id='word_1_320' title='bbox 2228 4096 2633 4157; x_wconf 68' lang='lat' dir='ltr'><strong>Obseruantia</strong></span> 
     </span>
     <span class='ocr_line' id='line_1_37' title="bbox 438 4196 2632 4277; baseline -0.001 -20"><span class='ocrx_word' id='word_1_321' title='bbox 438 4216 752 4258; x_wconf 76' lang='lat' dir='ltr'><strong>sacrorum</strong></span> <span class='ocrx_word' id='word_1_322' title='bbox 793 4199 1188 4277; x_wconf 85' lang='lat' dir='ltr'><strong>superstitiosa</strong></span> <span class='ocrx_word' id='word_1_323' title='bbox 1225 4200 1308 4268; x_wconf 89' lang='lat' dir='ltr'><strong>fit,</strong></span> <span class='ocrx_word' id='word_1_324' title='bbox 1335 4200 1386 4257; x_wconf 88' lang='lat' dir='ltr'><strong>si</strong></span> <span class='ocrx_word' id='word_1_325' title='bbox 1413 4219 1488 4257; x_wconf 85' lang='lat' dir='ltr'><strong>ex</strong></span> <span class='ocrx_word' id='word_1_326' title='bbox 1523 4201 1695 4258; x_wconf 88' lang='lat' dir='ltr'><strong>rebus</strong></span> <span class='ocrx_word' id='word_1_327' title='bbox 1721 4200 1895 4257; x_wconf 87' lang='lat' dir='ltr'><strong>sacris</strong></span> <span class='ocrx_word' id='word_1_328' title='bbox 1922 4198 2187 4257; x_wconf 83' lang='lat' dir='ltr'><strong>effectum</strong></span> <span class='ocrx_word' id='word_1_329' title='bbox 2228 4200 2437 4257; x_wconf 87' lang='lat' dir='ltr'><strong>mirum</strong></span> <span class='ocrx_word' id='word_1_330' title='bbox 2478 4196 2632 4256; x_wconf 70' lang='lat' dir='ltr'><strong>certo</strong></span> 
     </span>
    </p>
   </div>
   <div class='ocr_carea' id='block_1_3' title="bbox 442 4350 2627 4679">
    <p class='ocr_par' dir='ltr' id='par_1_6' title="bbox 442 4350 2627 4505">
     <span class='ocr_line' id='line_1_38' title="bbox 514 4350 2627 4419; baseline 0.001 -20"><span class='ocrx_word' id='word_1_331' title='bbox 514 4354 600 4419; x_wconf 90' lang='lat'><strong>(1)</strong></span> <span class='ocrx_word' id='word_1_332' title='bbox 639 4352 737 4401; x_wconf 85' lang='lat' dir='ltr'><strong>Jer.</strong></span> <span class='ocrx_word' id='word_1_333' title='bbox 759 4369 809 4401; x_wconf 86' lang='lat'><strong>1.</strong></span> <span class='ocrx_word' id='word_1_334' title='bbox 833 4352 950 4403; x_wconf 84' lang='lat' dir='ltr'><strong>Isai.</strong></span> <span class='ocrx_word' id='word_1_335' title='bbox 973 4352 1107 4402; x_wconf 86' lang='lat' dir='ltr'><strong>xlvii.</strong></span> <span class='ocrx_word' id='word_1_336' title='bbox 1136 4356 1213 4402; x_wconf 88' lang='grc'><strong>13.</strong></span> <span class='ocrx_word' id='word_1_337' title='bbox 1282 4352 1408 4402; x_wconf 88' lang='lat' dir='ltr'><strong>Vide</strong></span> <span class='ocrx_word' id='word_1_338' title='bbox 1444 4360 1493 4402; x_wconf 87' lang='lat' dir='ltr'><strong>et</strong></span> <span class='ocrx_word' id='word_1_339' title='bbox 1528 4370 1634 4419; x_wconf 85' lang='lat' dir='ltr'><strong>cap.</strong></span> <span class='ocrx_word' id='word_1_340' title='bbox 1675 4352 1775 4405; x_wconf 79' lang='lat' dir='ltr'><strong>Sed</strong></span> <span class='ocrx_word' id='word_1_341' title='bbox 1810 4357 1856 4404; x_wconf 80' lang='lat' dir='ltr'><strong>et</strong></span> <span class='ocrx_word' id='word_1_342' title='bbox 1889 4351 2036 4413; x_wconf 80' lang='lat' dir='ltr'><strong>illud,</strong></span> <span class='ocrx_word' id='word_1_343' title='bbox 2070 4356 2135 4403; x_wconf 79' lang='lat'><strong>26</strong></span> <span class='ocrx_word' id='word_1_344' title='bbox 2172 4370 2257 4417; x_wconf 88' lang='lat' dir='ltr'><strong>qu.</strong></span> <span class='ocrx_word' id='word_1_345' title='bbox 2278 4356 2326 4401; x_wconf 83' lang='lat'><strong>2.</strong></span> <span class='ocrx_word' id='word_1_346' title='bbox 2348 4359 2398 4403; x_wconf 87' lang='lat' dir='ltr'><strong>et</strong></span> <span class='ocrx_word' id='word_1_347' title='bbox 2421 4351 2545 4401; x_wconf 87' lang='lat' dir='ltr'><strong>Cod.</strong></span> <span class='ocrx_word' id='word_1_348' title='bbox 2568 4350 2627 4401; x_wconf 84' lang='lat' dir='ltr'><strong>de</strong></span> 
     </span>
     <span class='ocr_line' id='line_1_39' title="bbox 442 4435 2229 4505; baseline -0.004 -16"><span class='ocrx_word' id='word_1_349' title='bbox 442 4435 712 4505; x_wconf 73' lang='lat' dir='ltr'><strong>episcopali</strong></span> <span class='ocrx_word' id='word_1_350' title='bbox 732 4438 1010 4489; x_wconf 76' lang='lat' dir='ltr'><strong>audientia.</strong></span> <span class='ocrx_word' id='word_1_351' title='bbox 2225 4494 2229 4498; x_wconf 15' lang='grc' dir='ltr'><strong>ῃ</strong></span> 
     </span>
    </p>

    <p class='ocr_par' dir='ltr' id='par_1_7' title="bbox 517 4517 2479 4591">
     <span class='ocr_line' id='line_1_40' title="bbox 517 4517 2479 4591; baseline -0.001 -20"><span class='ocrx_word' id='word_1_352' title='bbox 517 4524 602 4590; x_wconf 82' lang='lat'><strong>(2)</strong></span> <span class='ocrx_word' id='word_1_353' title='bbox 645 4522 768 4587; x_wconf 84' lang='lat' dir='ltr'><strong>Cap.</strong></span> <span class='ocrx_word' id='word_1_354' title='bbox 792 4523 970 4574; x_wconf 78' lang='lat' dir='ltr'><strong>Sortes.</strong></span> <span class='ocrx_word' id='word_1_355' title='bbox 994 4524 1058 4571; x_wconf 81' lang='lat'><strong>26</strong></span> <span class='ocrx_word' id='word_1_356' title='bbox 1085 4538 1167 4586; x_wconf 90' lang='lat' dir='ltr'><strong>qu.</strong></span> <span class='ocrx_word' id='word_1_357' title='bbox 1189 4523 1222 4572; x_wconf 90' lang='lat' dir='ltr'><strong>i.</strong></span> <span class='ocrx_word' id='word_1_358' title='bbox 1628 4526 1713 4591; x_wconf 83' lang='lat'><strong>(3)</strong></span> <span class='ocrx_word' id='word_1_359' title='bbox 1754 4523 1877 4589; x_wconf 83' lang='lat' dir='ltr'><strong>Gap.</strong></span> <span class='ocrx_word' id='word_1_360' title='bbox 1898 4522 2136 4581; x_wconf 78' lang='lat' dir='ltr'><strong>Ecclesia,</strong></span> <span class='ocrx_word' id='word_1_361' title='bbox 2160 4520 2217 4571; x_wconf 70' lang='lat' dir='ltr'><strong>de</strong></span> <span class='ocrx_word' id='word_1_362' title='bbox 2242 4517 2479 4586; x_wconf 75' lang='lat' dir='ltr'><strong>Sortileg.</strong></span> 
     </span>
    </p>

    <p class='ocr_par' dir='ltr' id='par_1_8' title="bbox 514 4608 1567 4679">
     <span class='ocr_line' id='line_1_41' title="bbox 514 4608 1567 4679; baseline 0.002 -22"><span class='ocrx_word' id='word_1_363' title='bbox 514 4611 596 4679; x_wconf 82' lang='grc'><strong>(4)</strong></span> <span class='ocrx_word' id='word_1_364' title='bbox 631 4610 813 4675; x_wconf 78' lang='lat' dir='ltr'><strong>Mayol.</strong></span> <span class='ocrx_word' id='word_1_365' title='bbox 835 4610 932 4663; x_wconf 84' lang='lat' dir='ltr'><strong>Ex.</strong></span> <span class='ocrx_word' id='word_1_366' title='bbox 961 4613 982 4657; x_wconf 92' lang='lat'>1</span> <span class='ocrx_word' id='word_1_367' title='bbox 1013 4609 1242 4674; x_wconf 72' lang='lat' dir='ltr'><strong>Praecept.</strong></span> <span class='ocrx_word' id='word_1_368' title='bbox 1266 4615 1352 4659; x_wconf 81' lang='lat' dir='ltr'><strong>art.</strong></span> <span class='ocrx_word' id='word_1_369' title='bbox 1373 4608 1424 4659; x_wconf 88' lang='lat' dir='ltr'><strong>ii.</strong></span> <span class='ocrx_word' id='word_1_370' title='bbox 1449 4614 1495 4671; x_wconf 69' lang='grc' dir='ltr'><strong>ς.</strong></span> <span class='ocrx_word' id='word_1_371' title='bbox 1519 4614 1567 4660; x_wconf 83' lang='grc'><strong>7.</strong></span> 
     </span>
    </p>
   </div>
  </div>
 </body>
</html>
