3117 5217
792 551 906 611 DE
951 549 1569 612 CORREPTIONE
1609 541 2089 621 FRATERNA.
2414 554 2531 612 315

335 719 529 796 majus
549 719 824 780 damnum
849 734 1160 780 commune
1179 734 1294 778 non
1316 713 1675 779 timeatur.”¹
1755 719 1833 777 V.
1864 727 1902 756 “
1928 720 1993 778 Si
2015 721 2088 778 sit
2107 720 2259 778 bona
2278 721 2527 788 occasio,

334 819 520 888 locuS,
545 828 604 877 et
632 828 858 896 tempus
887 811 1370 897 opportunum.’'²

417 922 554 975 114.
597 918 760 978 Ordo
786 920 848 978 in
873 920 1229 996 correptione
1257 919 1591 988 servandus,
1622 918 1851 991 quando
1892 921 2075 997 agitur
2100 918 2173 976 de
2210 917 2428 977 delictis
2469 920 2529 978 in

335 1032 437 1073 nos
466 1016 754 1088 admissis,
783 1027 888 1089 est,
909 1021 1078 1098 juxta
1106 1018 1324 1076 Christi
1352 1018 1593 1077 Domini
1618 1028 1983 1097 praeceptum,
2010 1028 2073 1076 ut
2112 1019 2393 1095 correptio
2420 1019 2533 1095 pri-

338 1113 428 1173 md
455 1116 560 1174 fiat
583 1119 850 1194 privatim
875 1139 890 1187 ;
919 1129 1046 1192 quae
1080 1120 1130 1176 si
1158 1117 1310 1176 hand
1337 1117 1627 1194 profuerit,
1656 1135 1803 1176 unus
1834 1127 1928 1176 aut
1952 1119 2093 1176 alter
2117 1119 2275 1176 testis
2304 1118 2536 1176 adhibe-

337 1225 462 1272 tur:
506 1226 563 1273 et
603 1219 652 1274 si
691 1218 1003 1277 solemnior
1041 1219 1164 1276 haec
1206 1218 1488 1293 correptio
1528 1217 1739 1294 pariter
1777 1219 2077 1294 rejiciatur,
2112 1216 2535 1276 denuntiandus

335 1324 421 1370 est
447 1313 789 1390 delinquens
815 1318 1092 1386 ecclesiae,
1121 1317 1339 1374 scilicet
1375 1317 1818 1394 praesuli,'cujus
1850 1326 1938 1375 est
1977 1318 2154 1393 ligare
2192 1325 2249 1373 et
2287 1317 2529 1374 solvere.

331 1413 606 1489 Pertinax
653 1427 840 1474 autem
884 1417 1178 1476 habendus
1223 1426 1312 1474 est
1355 1416 1532 1474 instar
1582 1417 1815 1485 ethnici,
1856 1437 1889 1474 a
1928 1417 2217 1474 consortio
2270 1415 2527 1474 fidelium

333 1510 610 1572 alienus.³
689 1515 726 1572 J
731 1535 822 1574 am
849 1515 983 1574 vero
1024 1517 1146 1575 haec
1173 1517 1224 1574 si
1258 1516 1328 1573 ad
1367 1515 1592 1594 singula
1630 1526 1865 1592 peccata
1904 1515 2321 1583 transferantur,
2352 1517 2527 1573 corri-

335 1614 580 1688 piendus
607 1615 712 1672 erit
737 1625 1000 1692 peccator
1025 1617 1309 1693 privatim,
1340 1615 1391 1673 si
1417 1625 1699 1674 secretum
1738 1615 1906 1673 fuerit
1930 1614 2233 1682 delictum3
2265 1613 2365 1672 sed
2394 1615 2533 1690 pub-

333 1711 442 1772 lice
469 1724 776 1790 peccantes
805 1717 992 1792 palam
1013 1733 1140 1774 esse
1161 1715 1573 1791 corripiendos,
1594 1724 1747 1772 recte
1770 1715 1935 1773 docet
1952 1714 2255 1774 concilium
2284 1713 2533 1772 Triden-

335 1813 537 1881 tinum,
559 1833 636 1871 ex
655 1815 938 1893 Apostolo
961 1817 1330 1893 praecipiente
1347 1835 1365 1872 τ
1421 1823 1460 1850 “
1483 1815 1797 1873 Peccantes
1817 1833 2009 1873 coram
2030 1814 2293 1873 omnibus
2321 1831 2529 1890 argue:

332 1922 394 1970 ut
419 1923 478 1970 et
495 1915 686 1972 caeteri
711 1916 972 1974 timorem
999 1907 1343 1973 habeant.”⁴
1401 1911 1693 1988 Equidem
1712 1915 1854 1972 ratio
1880 1933 1983 1972 cur
2006 1914 2287 1990 correptio
2316 1914 2533 1988 privata

333 2031 460 2070 esse
489 2012 710 2082 debeat,
739 2023 827 2071 est
851 2022 914 2073 ut
937 2015 1102 2074 famae
1129 2015 1488 2082 consulatum
1520 2033 1645 2086 quae
1664 2015 1789 2092 jam
1807 2015 2021 2091 integra
2040 2033 2157 2072 non
2176 2022 2283 2080 est,
2306 2014 2529 2084 quoties

297 2157 300 2162 .
333 2111 605 2170 delictum
645 2123 733 2172 est
771 2115 1084 2191 publicum.
1170 2115 1380 2172 Testes
1421 2113 1733 2171 adhibendi-
1767 2122 1916 2180 sunt,
1948 2116 2171 2184 quoties
2210 2131 2301 2172 res
2330 2113 2436 2170 erit
2462 2113 2533 2170 ad

327 2213 611 2289 judicium
651 2215 952 2282 trahenda3
995 2213 1148 2286 quod
1187 2214 1237 2272 si
1271 2213 1585 2289 peccatoris
1626 2212 1945 2270 emendatio
1986 2223 2201 2270 tantum
2224 2219 2529 2284 „quasi-atur,

335 2312 670 2381 amicorum,
695 2315 794 2385 qui
820 2315 1126 2390 plurimum
1155 2313 1304 2390 apud
1333 2330 1464 2371 eum
1487 2319 1747 2388 possunt,
1766 2313 1959 2388 gratia,
1983 2311 2053 2370 ad
2072 2314 2279 2371 bonam
2308 2309 2533 2386 frugem

334 2411 696 2471 reducendus
721 2415 846 2481 erit.
931 2413 996 2470 Si
1022 2413 1164 2470 nolit
1189 2415 1272 2471 eis
1302 2411 1591 2478 obaudire,
1630 2413 1905 2488 patienter
1931 2413 2267 2488 plerumque
2295 2393 2535 2470 toleran-

335 2509 442 2568 dus
471 2511 596 2578 erit,
625 2529 698 2569 ne
727 2515 950 2580 animus
977 2513 1332 2570 exulceratus
1361 2510 1430 2569 ad
1457 2510 1671 2587 flagitia
1694 2520 1821 2569 ruat
1845 2529 2137 2586 praeceps3
2168 2508 2404 2568 Christo
2434 2509 2536 2568 do-

337 2620 502 2668 cente
531 2611 754 2668 zizania
781 2614 838 2670 in
865 2631 1000 2689 agro
1027 2595 1416 2683 relinquenda,
1447 2629 1518 2667 ne
1545 2609 1709 2676 forte,
1740 2608 1875 2668 dum
1918 2611 2253 2675 evelluntur,
2284 2609 2534 2668 frumen·

336 2718 453 2768 tum
497 2709 672 2768 etiam
711 2712 952 2770 tollatur.
1018 2709 1279 2768 'Praesuli
1305 2716 1440 2771 tunc
1479 2710 1585 2766 erit
1622 2707 1993 2766 deferendum
2032 2709 2268 2774 crimen,
2303 2708 2533 2779 quando

335 2809 625 2885 ejusmodi
653 2811 820 2869 fuerit
845 2831 920 2870 ex
947 2829 1064 2884 quo
1093 2810 1220 2868 aliis
1249 2791 1653 2886 gravissimum
1688 2809 1899 2866 oriatur
1925 2809 2126 2866 animae
2155 2805 2447 2874 damnum,
2476 2817 2534 2865 et

335 2908 584 2966 offensio
610 2913 896 2969 maxima:
941 2909 1148 2986 praesul
1189 2917 1376 2966 autem
1416 2907 1603 2985 gladio
1644 2907 1944 2976 Ecclesiae,
1974 2925 2087 2980 quo
2128 2904 2535 2964 abscinduntur

336 3017 703 3066 contumaces
730 3019 934 3077 utetur,
963 3019 1096 3085 post
1121 3026 1354 3084 operam
1393 3024 1625 3064 omnem
1654 3007 1857 3064 frustra
1896 3005 2224 3073 adhibitam,
2252 3014 2317 3062 ut
2341 3023 2532 3064 emen-

339 3107 503 3165 detur
530 3126 682 3165 reus·

419 3211 555 3263 115.
619 3207 1017 3284 correptionis
1057 3207 1316 3265 ordinem
1361 3206 1603 3283 singulis
1645 3206 1705 3263 in
1744 3203 1968 3262 casibus
1995 3205 2239 3262 charitas
2266 3205 2394 3282 ipsa
2420 3211 2535 3262 stu-

336 3307 610 3379 diumque
637 3309 836 3366 salutis
865 3308 1062 3366 alienae
1091 3305 1410 3364 ostendent.
1496 3307 1561 3363 Si
1589 3306 1898 3381 superioris
1927 3325 2101 3382 opera
2121 3305 2317 3362 vitium
2346 3305 2535 3362 statim

335 3405 628 3465 emendari
671 3409 870 3484 possit,
918 3409 1129 3478 absque
1173 3406 1464 3482 peccantis
1495 3405 1855 3470 detrimento,
1902 3412 2131 3478 praestat
2170 3405 2359 3460 statim
2395 3402 2535 3460 illud

339 3505 595 3565 deferre:
629 3527 734 3564 nec
761 3525 904 3583 opus
933 3517 1021 3565 est
1046 3516 1109 3564 ut
1135 3507 1354 3582 privata
1379 3504 1665 3580 praecedat
1690 3503 1950 3568 moniti0‚
1982 3521 2105 3573 quae
2150 3501 2341 3558 forsan
2367 3517 2537 3575 grave

336 3605 562 3664 afferret
592 3607 844 3665 monenti
885 3605 1175 3673 damnum.
1262 3605 1361 3662 Sic
1401 3605 1571 3661 etiam
1601 3603 1651 3660 si
1676 3603 1999 3658 communis
2040 3599 2249 3658 utilitas
2287 3598 2535 3675 postulet

267 3697 272 3702 ’
335 3714 398 3764 ut
423 3707 641 3764 crimen
670 3706 898 3782 praesuli
924 3706 1258 3772 innotescat,
1289 3703 1660 3762 deferendum
1688 3703 1811 3768 erit,
1841 3719 1948 3758 nec
1975 3700 2126 3757 enim
2157 3700 2286 3771 quis
2314 3700 2411 3775 jus
2439 3697 2536 3753 ha-

333 3805 427 3862 bet
454 3815 516 3864 ut
541 3806 704 3863 famae
746 3807 1074 3864 consu-latur
1099 3823 1228 3861 cum
1269 3805 1498 3879 publico
1537 3802 1899 3860 detrimento.
1983 3798 2122 3857 Ideo
2151 3799 2249 3872 qui
2289 3797 2381 3856 vel
2420 3796 2535 3855 fide

335 3905 426 3962 vel
451 3907 710 3964 moribus
737 3903 948 3973 deficit,
977 3912 1032 3962 et
1057 3912 1246 3962 tamen
1287 3919 1476 3960 sacros
1517 3903 1734 3978 expetit
1770 3899 2019 3967 ordineS,
2048 3899 2302 3975 speciem
2330 3915 2539 3974 praese-

334 4003 523 4063 serens
565 3989 812 4081 pietatis]
853 4002 1270 4063 denuntiandus
1315 4003 1422 4061 erit
1459 4003 1670 4069 statim,
1700 4020 1771 4059 ne
1814 4001 1872 4059 in
1901 4018 2125 4057 sacrum
2157 3998 2538 4088 ministerium

335 4105 621 4183 subrepat,
651 4123 782 4163 cum
809 4123 1018 4181 magna
1044 4103 1360 4161 animarum
1392 4103 1633 4179 jactura.
1716 4101 1786 4159 In
1826 4101 2112 4158 Societate
2154 4095 2191 4157 J
2196 4118 2319 4166 esu,
2348 4117 2423 4156 ex
2453 4098 2539 4156 in-

684 4362 770 4426 (1)
810 4359 864 4409 S.
886 4359 1186 4423 Alphonsus,
1210 4359 1242 4407 1.
1266 4359 1315 4408 ii.
1339 4358 1503 4408 Tract.
1525 4357 1596 4408 iii.
1618 4357 1732 4407 dub.
1758 4357 1811 4408 ii.
1834 4373 1885 4406 n.
1910 4358 1991 4406 40.

687 4445 771 4510 (2)
811 4441 1159 4502 Busembaum,
1181 4441 1376 4492 ibidem.

689 4529 774 4598 (3)
815 4529 956 4581 Matt.
980 4529 1114 4580 xviii.
1143 4532 1222 4578 17.
1712 4527 1797 4592 (4)
1836 4524 1875 4574 1.
1892 4523 2026 4572 Tim.
2047 4539 2092 4570 v.
2116 4525 2198 4572 20.
