3117 5217
520 572 639 629 298
995 570 1111 630 DE
1153 567 1642 630 PRAECEPTO
1672 557 2234 668 ‘'CHARITATls.

520 744 611 793 est
634 737 693 795 in
720 734 985 793 cordibus
1010 737 1239 805 nostris,
1267 755 1371 813 per
1396 734 1674 811 Spiritum
1699 734 1996 803 Sanctum,
2017 735 2117 807 qni
2141 732 2303 791 datus
2329 740 2420 789 est
2441 723 2720 788 nobis-”¹

522 834 635 892 Est
676 836 943 893 virtutum
994 836 1253 894 omnium
1304 834 1788 911 praestantissima,
1833 832 2074 889 docente
2123 831 2440 908 Apostolo:
2498 837 2718 887 “nunc

524 942 709 991 autem
738 944 971 991 manent
993 932 1157 1002 fides,
1184 952 1341 1009 spes,
1368 933 1636 999 charitas,
1659 932 1765 989 tria
1787 932 1948 990 haec:
1977 932 2158 1007 major
2181 940 2368 987 autem
2395 928 2600 986 horum
2621 939 2720 985 est

520 1025 861 1089 charitas.”²
938 1032 1049 1089 Est
1072 1034 1243 1091 etiam
1268 1034 1520 1091 maxime
1546 1032 1901 1090 necessaria:
1947 1031 2162 1103 absque
2187 1048 2258 1087 ea
2283 1029 2496 1104 quippe
2523 1024 2594 1085 ad
2621 1046 2718 1083 sa-

521 1129 697 1189 lutem
730 1147 847 1189 non
886 1140 1127 1205 prosunt
1150 1142 1367 1189 caeterae
1390 1148 1782 1204 quaecumque
1821 1131 2076 1193 virtuteS,
2117 1128 2208 1185 vel
2243 1146 2422 1203 opera
2463 1144 2716 1199 quaeque

522 1230 789 1305 egregia:
878 1237 917 1263 ‘⁴
938 1230 1006 1288 Si
1040 1231 1253 1307 linguis
1292 1230 1590 1289 hominum
1629 1230 1851 1300 loquar,
1887 1240 1946 1287 et
1983 1229 2337 1303 angelorum,
2367 1226 2714 1283 'charitatem

523 1340 709 1385 autem
736 1345 851 1385 non
878 1326 1138 1396 habeam,
1166 1329 1345 1387 sactus
1386 1348 1515 1387 sum
1542 1327 1698 1386 velut
1733 1344 1812 1385 aes
1851 1332 2086 1395 sonans,
2115 1333 2213 1384 aut
2245 1324 2572 1401 cymbalum
2599 1326 2712 1382 tin-

524 1428 709 1485 niens.
792 1426 873 1483 Et
912 1428 963 1483 si
1000 1428 1251 1487 habuero
1282 1428 1660 1505 prophetiam,
1695 1435 1754 1483 et
1789 1429 2048 1485 noverim
2086 1425 2363 1500 mysteria
2399 1425 2614 1490 omnia,
2653 1434 2716 1480 et

524 1542 757 1583 omnem
784 1526 1113 1584 scientiam:
1156 1536 1213 1584 et
1248 1528 1301 1585 si
1324 1527 1574 1584 habuero
1601 1543 1832 1584 omnem
1857 1526 2054 1592 fidem,
2081 1526 2160 1583 ita
2195 1534 2258 1581 ut
2283 1532 2504 1580 montes
2533 1533 2716 1580 trans-

530 1624 733 1691 feram,
760 1624 1089 1683 charitatem
1118 1635 1303 1683 autem
1331 1644 1447 1683 non
1474 1626 1747 1692 habuere,
1775 1625 1920 1685 nihil
1959 1644 2110 1683 sum.
2191 1622 2274 1679 Et
2305 1622 2356 1679 si
2379 1621 2722 1679 distribuero

526 1723 587 1780 in
630 1722 788 1782 cibos
834 1742 1145 1799 pauperum
1192 1743 1395 1783 omnes
1435 1724 1728 1783 facultates
1763 1742 1940 1793 meas,
1987 1735 2042 1783 et
2081 1723 2132 1779 si
2175 1720 2456 1778 tradidero
2507 1740 2716 1795 corpus

528 1839 742 1891 meum,
770 1822 847 1879 ita
870 1834 933 1879 ut
958 1822 1205 1890 ardeam,
1232 1823 1559 1880 charitatem
1587 1833 1773 1881 autem
1801 1843 1920 1881 non
1943 1824 2218 1887 habuero,
2239 1820 2385 1877 nihil
2411 1816 2554 1877 mihi
2579 1838 2714 1895 pro-

526 1914 748 1975 dest.”³
827 1920 1094 1979 Attamen
1130 1940 1247 1979 non
1284 1920 1415 1979 ideo
1448 1921 1619 1979 nullae
1659 1921 1960 1981 censendae
2001 1929 2131 1978 sunt
2170 1920 2402 1976 virtutes
2429 1936 2554 1991 quae
2595 1936 2712 1975 non

530 2016 737 2073 suerint
761 2016 1028 2074 charitate
1068 2020 1366 2095 persectae;
1406 2018 1549 2076 fides
1591 2021 1766 2087 enim,
1795 2040 1909 2093 qua
1940 2020 2069 2078 Deo
2095 2018 2322 2075 docenti
2349 2019 2713 2084 assentimur,

529 2126 616 2174 est
648 2116 844 2182 virtus,
884 2120 1145 2187 quamvis
1184 2118 1255 2175 ad
1296 2118 1537 2175 salutem
1579 2138 1694 2189 non
1734 2119 2000 2186 sufficiat,
2048 2118 2158 2175 nisi
2203 2135 2307 2192 per
2349 2115 2713 2174 dilectionem

529 2223 824 2291 operetur:
854 2224 911 2273 et
936 2216 1021 2273 sic
1046 2217 1117 2275 de
1144 2218 1266 2276 aliis
1297 2217 1592 2275 virtutibus
1633 2218 1961 2275 dicendum.
2020 2216 2158 2275 Ideo
2185 2215 2324 2272 dicit
2351 2214 2415 2270 S.
2445 2214 2708 2273 Thomas

529 2332 625 2370 eas
667 2331 826 2373 veras
866 2316 1097 2372 virtutes
1137 2334 1252 2374 non
1292 2334 1441 2383 esse,
1485 2301 1620 2386 quia
1656 2335 1774 2373 non
1814 2317 2002 2374 valent
2029 2314 2099 2372 ad
2125 2314 2388 2379 salutem.
2415 2313 2713 2371 deficiente

530 2412 829 2471 charitate:
917 2422 955 2447 ‘⁶
978 2413 1110 2471 Erit
1136 2413 1367 2487 quidem
1395 2432 1527 2471 vera
1568 2416 1766 2482 virtuS,
1799 2415 1902 2473 sed
1927 2414 2279 2491 imperfecta,
2309 2414 2422 2471 nisi
2445 2412 2715 2469 referatur

528 2511 601 2569 ad
635 2513 807 2573 finale
848 2523 905 2570 et
942 2514 1256 2589 perfectum
1293 2514 1528 2571 bonum.
1613 2514 1696 2571 Et
1733 2513 2048 2573 secundum
2083 2513 2194 2570 hoc
2223 2512 2555 2587 simpliciter
2583 2529 2714 2567 vera

534 2614 715 2670 virtus
741 2614 863 2671 sine
894 2612 1163 2671 charitate
1190 2630 1318 2669 esse
1344 2630 1461 2669 non
1487 2606 1773 2690 potest.”⁴

608 2716 707 2771 76.
769 2712 953 2770 Datur
996 2713 1252 2771 divinum
1298 2711 1588 2768 charitatis
1625 2702 2018 2787 praeceptum:
2078 2709 2340 2786 “diliges
2387 2708 2704 2765 Dominum

536 2810 729 2868 Deum
756 2820 915 2869 tuum
944 2829 1017 2867 ex
1043 2820 1159 2868 toto
1184 2808 1357 2867 corde
1385 2820 1502 2876 tuo,
1530 2818 1587 2865 et
1612 2811 1673 2866 in
1710 2818 1824 2866 tota
1849 2810 2038 2871 anima
2066 2818 2182 2876 tua,
2211 2818 2267 2865 et
2291 2809 2352 2865 in
2379 2816 2494 2864 tota
2521 2816 2708 2864 mente

531 2918 643 2966 tua.
730 2909 865 2966 Hoc
910 2919 998 2966 est
1040 2909 1355 2966 maximum
1402 2918 1459 2965 et
1503 2909 1756 2983 primum
1805 2902 2238 2965 mandatum.‘’⁵
2317 2906 2412 2963 Eo
2459 2915 2717 2963 tenemur

534 3007 728 3066 Deum
768 3008 1033 3065 omnibus
1079 3008 1247 3081 rebus
1288 3007 1584 3075 anteferre,
1632 3008 1710 3081 ita
1753 3017 1815 3063 ut
1851 3007 1976 3082 ejus
2018 3007 2365 3064 voluntatem
2409 3004 2572 3061 nobis
2614 3022 2717 3079 per

530 3104 800 3164 mandata
827 3088 1239 3164 manifestatam
1268 3108 1439 3163 rebus
1466 3107 1730 3163 omnibus
1771 3105 1971 3161 creatis
2001 3115 2434 3180 anteponamus·
2521 3103 2713 3168 Quum

536 3203 805 3278 obligatio
830 3204 953 3260 haec
982 3222 1057 3259 ex
1082 3222 1307 3260 summa
1334 3203 1447 3259 Dei
1488 3204 1862 3279 perfectione,
1892 3213 1948 3259 et
1983 3203 2281 3261 beneficiis
2323 3202 2383 3259 in
2426 3200 2716 3259 hominem

534 3300 754 3359 collatis
783 3302 1012 3367 oriatur,
1042 3299 1220 3372 liquet
1246 3300 1539 3357 hominem
1581 3320 1758 3373 quum
1802 3302 2049 3377 primum
2089 3302 2323 3359 rationis
2350 3319 2521 3358 usum
2551 3298 2720 3375 adep-

538 3409 628 3455 tus
655 3398 843 3465 fuerit,
873 3400 927 3456 ei
953 3398 1272 3455 satisfacere
1294 3397 1521 3456 debere.
1607 3399 1782 3458 Pueri
1821 3395 2032 3458 idcirco
2059 3400 2128 3457 de
2170 3420 2238 3457 ea
2264 3398 2540 3456 edocendi
2567 3407 2716 3463 sunt,

538 3510 599 3558 ut
626 3517 739 3573 qua
764 3500 954 3557 valent
976 3495 1191 3583 ratione
1218 3498 1277 3554 in
1306 3498 1497 3557 Deum
1526 3499 1777 3567 tendant,
1819 3518 2068 3571 eumque
2110 3508 2398 3571 tamquam
2431 3497 2606 3554 finem
2632 3497 2715 3553 ul—

541 3599 762 3665 timum,
792 3608 849 3655 et
873 3616 1163 3657 summum
1186 3599 1425 3665 bonum,
1455 3598 1884 3674 amplectantur.
1970 3596 2259 3655 Caeterum
2287 3598 2502 3654 ratione
2529 3595 2717 3659 habita

536 3706 745 3755 tenerae
773 3699 970 3765 aetatis,
1000 3716 1113 3755 non
1141 3695 1303 3754 facile
1348 3696 1651 3757 damnandi
1693 3706 1824 3753 sunt
1857 3696 2050 3753 violati
2087 3696 2376 3771 praecepti,
2403 3682 2720 3776 nisifgravi-

492 3806 499 3820 ’
540 3806 622 3851 ter
662 3805 857 3853 contra
898 3796 1229 3853 notissimas
1270 3814 1493 3853 morum
1537 3797 1698 3873 leges
1745 3814 1820 3851 ex
1857 3794 2028 3870 plena
2071 3794 2310 3851 scientia
2354 3793 2714 3865 deliquerint.

542 3889 789 3949 Constat
814 3894 1020 3969 saepius
1049 3896 1106 3951 in
1135 3895 1247 3950 vita
1274 3903 1459 3952 actum
1502 3894 1712 3975 amoris
1756 3892 1935 3949 divini
1977 3892 2341 3959 eliciendum,
2369 3897 2450 3949 uti
2477 3910 2550 3948 ex
2578 3892 2718 3965 ipsis

542 3993 813 4066 praecepti
840 3993 1046 4059 verbis,
1076 4000 1133 4049 et
1156 4011 1229 4049 ex
1258 3992 1579 4051 necessaria
1604 3992 1858 4051 hominis
1887 3990 1956 4047 ad
1990 3989 2181 4048 Deum
2209 3990 2481 4047 relatione
2510 3990 2724 4066 colligi-

542 4096 662 4144 tur:
732 4100 1071 4165 quapropter
1120 4090 1321 4149 merito
1376 4091 1650 4149 damnatae
1703 4099 1836 4148 sunt
1887 4088 2306 4167 propositiones
2373 4098 2713 4162 sequentes:

612 4310 697 4374 (1)
738 4308 879 4356 Rom.
900 4324 946 4357 v.
970 4312 1017 4357 5.
1657 4317 1746 4379 (2)
1785 4315 1823 4362 Ι.
1843 4314 1958 4363 Gor.
1980 4314 2083 4363 xiii.
2111 4316 2187 4361 13.

615 4395 695 4459 (3)
732 4392 907 4526 IMOOE·
930 4392 1033 4441 xiii.
1061 4395 1105 4440 1.
1270 4423 1275 4429 ·
1651 4399 1738 4464 (4)
1777 4402 1825 4447 2.
1849 4402 1936 4447 2ae.
1959 4413 2041 4462 qu.
2064 4397 2202 4447 xxiii.
2226 4404 2311 4446 art.
2334 4396 2414 4445 vii.
2484 4394 2634 4461 Hesp.

615 4478 702 4543 (5)
799 4482 861 4525 at.
884 4476 1003 4526 xxii.
1026 4478 1109 4526 37.
1967 4510 1972 4514 ,

3057 1097 3084 1192 ⁸*-
