3117 5217
473 556 552 613 42
1293 555 1408 617 DE
1451 540 1836 617 υοΜιΝιε.

555 726 655 782 29.
697 722 768 782 Ῑιι
794 723 1080 783 &ederatis
1107 724 1356 783 Statibus
1407 743 1534 798 quae
1574 725 1829 785 fidelium
1872 727 2053 803 pietas
2091 726 2331 785 contulit
2354 727 2503 785 bona
2527 735 2658 784 sunt

475 822 844 882 ecclesiarum
871 833 930 881 et
951 824 1442 883 monasteriorum.
1527 824 1595 884 In
1636 825 1924 883 nonnullis
1968 825 2062 883 lex
2090 822 2269 885 obstat
2314 843 2385 883 ne
2426 826 2485 883 in
2524 824 2659 883 fidei

477 922 850 981 commissum
901 924 1168 995 cuiquam
1217 923 1641 991 conci-edantur,
1674 923 1825 996 quod
1852 923 1923 981 de
1964 923 2123 981 Statu
2172 924 2657 985 Neo-Eboracen·

476 1020 548 1087 si,
576 1021 890 1096 proesertim
931 1031 1064 1099 post
1107 1022 1452 1081 Statutorum
1493 1022 1970 1089 emendationem,
1998 1040 2111 1095 qua
2148 1040 2349 1109 omnes
2377 1022 2493 1081 sere
2518 1040 2659 1081 usus

478 1119 683 1177 sublati
723 1130 876 1187 sunt,
919 1119 1222 1179 dicendum
1264 1130 1369 1179 est.
1452 1120 1520 1180 In
1561 1122 1993 1198 Pennsylvania
2034 1140 2109 1179 ex
2150 1123 2325 1179 veteri
2364 1120 2491 1199 lege
2530 1116 2659 1187 lata,

479 1236 630 1277 anno
675 1222 854 1286 1730,
899 1228 1068 1277 sectoe
1115 1220 1538 1281 Protestanticoe
1588 1221 1889 1298 privilegio
1924 1220 2186 1279 fruuntur
2228 1238 2393 1297 agros
2440 1222 2663 1293 aliaque

479 1318 625 1375 bona
651 1318 966 1377 immobilia
991 1317 1310 1395 accipiendi
1338 1320 1398 1377 in
1437 1319 1809 1379 ecclesiarum
1838 1318 2233 1378 scholarumve
2256 1320 2454 1388 situm,
2484 1320 2573 1375 vel
2600 1319 2661 1375 in

478 1416 820 1484 coemeteria,
849 1417 938 1475 vel
979 1435 1292 1493 pauperum
1334 1418 1604 1494 hospitia.
1691 1416 1979 1477 Caeterum
2005 1436 2081 1475 ex
2112 1416 2365 1475 doctrina
2404 1418 2475 1475 de
2501 1416 2660 1475 fidei·-

479 1515 804 1573 commissis
831 1525 888 1573 et
911 1517 1131 1584 usibus,
1161 1535 1286 1589 quae
1315 1517 1374 1576 in
1404 1518 1847 1593 Pennsylvanioe
1869 1516 2237 1575 tribunalibus
2254 1517 2487 1584 obtinet,
2504 1516 2663 1575 colli-

480 1614 630 1689 gitur
655 1632 724 1671 ea
743 1632 868 1687 quoe
891 1616 950 1673 in
969 1614 1502 1674 fidei-commissum
1524 1616 1692 1675 alicui
1712 1615 1999 1673 traduntur
2018 1616 2076 1673 iu
2095 1615 2463 1675 ecelesiarum
2486 1616 2657 1673 etiam

479 1712 886 1771 catholicarum
914 1712 1212 1773 utilitatem
1239 1716 1416 1772 teneri
1455 1732 1649 1789 posse,
1696 1712 2009 1773 dummodo
2051 1713 2209 1771 nulla
2234 1725 2501 1773 oneretur
2524 1732 2660 1773 con-

480 1810 694 1869 ditione
719 1830 848 1885 quoe
875 1811 944 1869 ad
971 1812 1452 1889 superstitionem,
1479 1830 1554 1871 ex
1574 1812 1836 1890 judicum
1862 1814 2141 1875 sententia
2164 1810 2492 1872 referatur:¹
2524 1832 2661 1885 qua·

479 1919 710 1987 propter
727 1910 1012 1969 decretum
1035 1912 1206 1987 primi
1225 1911 1454 1970 concilii
1471 1910 1835 1987 provincialis
1854 1911 2381 1979 Baltimorensis,de
2400 1912 2660 1971 ecclesiis

480 2009 542 2067 in
568 2016 856 2085 posterum
898 2008 1050 2068 haud
1091 2008 1492 2069 consecrandis
1535 2028 1663 2083 quae
1704 2028 1821 2070 non
1864 2011 2073 2069 suerint
2110 2011 2387 2087 episcopo
2428 2012 2487 2070 in
2525 2010 2659 2068 fidei

481 2108 854 2167 commissum
882 2107 1114 2175 traditae,
1157 2110 1216 2167 in
1255 2109 1510 2167 fidelium
1550 2102 1899 2177 utilitatem,²
1936 2110 1994 2169 in
2022 2110 2129 2167 hac
2167 2108 2401 2167 dioecesi
2428 2110 2661 2187 plenum

479 2208 738 2266 sortitum
765 2216 854 2263 est
875 2206 1163 2276 effectum,
1189 2210 1274 2267 uti
1313 2227 1386 2265 ex
1427 2207 1669 2285 Synodo
1708 2208 2197 2285 Philadelphiensi
2238 2202 2470 2287 prima‚³
2496 2217 2553 2264 et
2574 2226 2663 2265 re-

479 2309 608 2383 ipsa
645 2315 884 2364 constat.
969 2307 1062 2366 De
1099 2308 1297 2365 usibus
1339 2326 1442 2365 seu
1485 2306 1947 2365 fideicommissis
1985 2307 2297 2365 universim
2336 2308 2527 2365 statuit
2563 2306 2661 2364 lex

479 2405 694 2463 curiam
721 2423 1048 2480 supremam
1075 2424 1246 2481 posse
1271 2424 1466 2465 curare
1491 2419 1556 2463 ut
1582 2406 1945 2482 impleantur,
1972 2404 2269 2482 designato
2294 2407 2461 2463 etiam
2502 2405 2663 2463 fidei-

479 2503 896 2571 commissario,
937 2506 988 2561 si
1027 2501 1226 2562 desit.⁴
1305 2504 1648 2563 Obtinentur
1686 2505 1853 2563 etiam
1894 2504 2058 2563 facile
2096 2524 2129 2561 a
2168 2506 2452 2581 Suprema
2483 2502 2662 2561 Curia

480 2602 708 2669 chartae,
737 2604 1112 2663 instrumenta
1133 2604 1356 2663 scilicet
1379 2606 1585 2677 quibus
1624 2604 1688 2661 fit
1720 2604 1955 2663 facultas
1984 2603 2255 2681 collegiis
2295 2604 2445 2661 bona
2483 2603 2665 2679 possi-

479 2701 652 2761 dendi
677 2704 736 2761 in
763 2701 1148 2779 orphanorum
1173 2712 1364 2770 usum,
1392 2704 1484 2761 vel
1521 2703 1597 2761 ob
1636 2702 2004 2761 ecelesiarum
2044 2702 2359 2767 utilitatem,
2386 2701 2478 2758 vel
2518 2701 2659 2759 alios

479 2802 554 2860 ob
581 2820 720 2860 usus
748 2820 881 2859 eum
926 2802 1246 2877 Religionis
1293 2801 1552 2877 profectu
1580 2818 1895 2867 connexos,
1926 2797 2239 2857 dummodo
2266 2797 2519 2856 redditus
2546 2818 2665 2857 non

480 2898 762 2957 excedant
796 2898 884 2955 bis
923 2898 1076 2956 mille
1115 2917 1384 2957 nummos
1412 2894 1768 2970 quotannis!
1847 2898 1915 2956 In
1954 2897 2115 2955 Statu
2158 2897 2531 2956 Neo-Jerseae
2570 2899 2665 2957 lex

478 2996 613 3053 facit
637 2997 956 3055 facultatem
985 2997 1219 3055 cuilibet
1255 2998 1426 3055 coetui
1464 2996 1752 3072 religioso,
1795 2996 2005 3071 proevia
2044 3015 2145 3072 per
2182 2998 2383 3055 decem
2415 2996 2537 3055 dies
2564 3017 2664 3056 no-

479 3096 618 3162 titia,
647 3094 885 3153 aedituos
911 3095 1181 3173 eligendi,
1206 3105 1426 3171 septem
1469 3114 1709 3153 numero
1754 3094 1825 3153 ad
1864 3114 2177 3161 summum,
2204 3098 2301 3168 qui
2330 3114 2421 3153 res
2448 3104 2665 3170 tempo-

478 3192 626 3253 rales
653 3174 868 3261 curent,
895 3204 954 3251 et
976 3195 1126 3253 bona
1163 3193 1512 3269 possideant,
1555 3212 1683 3265 quae
1726 3194 1813 3251 bis
1856 3194 2012 3252 mille
2054 3214 2322 3253 nummos
2365 3204 2661 3271 argenteos

481 3293 787 3365 quotannis
817 3292 1002 3351 valore
1047 3311 1164 3351 non
1189 3287 1519 3353 excedant.⁶
1598 3292 1667 3350 In
1696 3302 1840 3351 statu
1868 3292 2241 3351 Delavarensi
2278 3294 2482 3351 similis
2510 3293 2666 3369 viget

477 3390 596 3457 lex,
625 3410 752 3463 quae
780 3400 968 3451 tamen
995 3401 1304 3467 proventus
1329 3409 1549 3450 annuos
1576 3392 1723 3451 intra
1760 3391 2035 3450 ducentas
2076 3393 2247 3451 libras
2276 3410 2419 3465 quas
2458 3399 2665 3450 vocant

479 3491 740 3549 sterlinas
767 3500 956 3549 arctat.
1041 3489 1291 3549 cavetur
1319 3491 1488 3549 etiam
1513 3490 1641 3567 lege
1668 3510 1739 3548 ne
1766 3492 1896 3563 quis
1936 3491 2149 3564 aliquid
2187 3490 2357 3550 alicui
2382 3492 2551 3549 coetui
2576 3508 2663 3547 re·

477 3590 686 3667 ligioso
711 3608 884 3651 causa
921 3591 1123 3650 mortis
1164 3589 1370 3657 donet,
1411 3608 1558 3666 opus
1594 3591 1815 3647 scilicet
1852 3599 1940 3646 est
1980 3601 2042 3649 ut
2064 3591 2502 3648 instrumentum
2530 3605 2665 3646 con-

552 3813 637 3879 (1)
676 3822 704 3846 ‘⁴
721 3813 832 3863 The
873 3814 1130 3865 mortmain
1165 3821 1266 3865 acts
1298 3815 1444 3879 apply
1467 3821 1518 3862 to
1539 3812 1865 3877 corporations
1899 3814 2210 3876 exclusively‚
2235 3812 2331 3861 and
2354 3818 2501 3860 truste
2524 3811 2665 3859 made

478 3898 554 3946 for
571 3897 830 3947 charitablo
845 3914 958 3948 uses
979 3900 1076 3948 and
1099 3914 1346 3963 purposes,
1368 3904 1456 3949 not
1477 3898 1680 3950 doemed
1696 3897 2065 3965 superstitious,
2087 3898 2213 3947 bave
2233 3904 2320 3946 not
2340 3898 2464 3946 been
2478 3895 2590 3945 held
2612 3902 2665 3944 to

479 3984 540 4032 bs
561 3981 788 4033 invem?
859 3982 1070 4033 Portcr's
1087 3999 1213 4042 case,
1241 3986 1264 4031 l
1295 4000 1368 4033 co.
1392 3986 1474 4033 24.
1497 4002 1540 4035 a.
1565 3984 1692 4049 apud
1717 3984 1852 4032 Kent
1873 3982 2067 4033 Comm.
2091 3984 2121 4032 1.
2144 3983 2195 4033 ii.
2216 3998 2267 4032 n.
2291 3985 2407 4031 282.
2441 3981 2587 4030 Note.

548 4070 632 4135 (2)
672 4068 812 4119 Decr.
833 4084 880 4117 ν.
1515 4071 1599 4136 (3)
1640 4069 1811 4120 Const-
1832 4068 1900 4118 iii.

553 4154 636 4219 (4)
678 4152 919 4203 Purdon’s
940 4151 1126 4214 Dignst,
1149 4158 1236 4201 art.
1267 4150 1460 4202 Meta.

552 4238 637 4303 (5)
675 4236 873 4296 Ibidem,
890 4244 977 4287 art.
1013 4235 1387 4304 Cmporations.

553 4324 638 4388 (6)
678 4320 886 4373 Elmer's
907 4322 1093 4385 Digest,
1116 4328 1202 4371 art.
1219 4318 1479 4389 Religion:
1503 4319 1747 4374 Soeieties.
