3117 5217
1188 554 1302 613 DE
1346 553 1853 613 SOOIETATE.
2501 560 2616 615 201

1323 972 1611 1034 CAPUT
1647 976 1755 1035 IX.

1308 1189 1386 1229 DE
1415 1191 1771 1232 socIE'rA'rE.

521 1370 656 1423 132.
719 1364 1064 1423 Contractus
1110 1366 1415 1427 societatis
1462 1378 1548 1426 est
1594 1368 1833 1427 duorum
1881 1368 1973 1425 vel
2026 1368 2271 1443 plurium
2317 1368 2620 1425 conventio

441 1462 776 1521 conferendi
822 1463 1036 1536 aliquid
1083 1464 1150 1522 ad
1195 1464 1416 1525 lucrum
1461 1478 1518 1524 et
1563 1466 1833 1525 damnum
1881 1484 2205 1533 commune,
2255 1466 2622 1541 proportione

442 1579 605 1633 aequa
630 1572 866 1620 servata.
953 1560 1279 1624 conventio
1305 1564 1427 1622 haec
1454 1566 1578 1623 fieri
1619 1574 1805 1643 potest
1831 1564 2042 1637 absque
2071 1566 2369 1640 scriptura,
2398 1564 2490 1633 vel
2517 1564 2626 1620 alia

441 1660 820 1727 solemnitate,
861 1662 992 1737 jure
1038 1680 1316 1731 caesare03
1374 1664 1474 1721 sed
1521 1665 1859 1740 plerumque
1903 1663 2114 1740 scripto
2159 1658 2380 1721 initur.¹
2463 1662 2624 1719 Non-

437 1777 727 1831 nunquam
757 1754 1130 1818 socii'omnes
1159 1764 1460 1836 pecuniam
1487 1773 1543 1820 et
1570 1763 1905 1821 industriam
1945 1780 2106 1819 suam
2148 1762 2481 1820 conserunt:
2526 1760 2625 1816 ali-

441 1857 668 1930 quando
696 1857 838 1915 alius
866 1858 961 1915 dat
985 1861 1311 1935 pecuniam,
1341 1861 1484 1918 alius
1512 1881 1674 1921 suam
1706 1860 1935 1919 adhibet
1974 1860 2327 1918 industriam.
2409 1857 2626 1916 Condi·

441 1956 623 2013 tiones
665 1957 950 2015 societatis
997 1976 1071 2015 ex
1116 1960 1568 2018 contrabentium
1611 1962 1897 2020 voluntate
1944 1959 2214 2035 pendent,
2263 1977 2387 2031 quae
2434 1967 2625 2014 tamen

446 2072 619 2127 aequae
647 2074 777 2113 esse
805 2054 1046 2124 debent3
1089 2076 1194 2115 nec
1234 2059 1386 2115 enim
1413 2059 1548 2117 licet
1574 2080 1717 2119 onus
1759 2060 1999 2116 nimium
2028 2058 2275 2116 alterutri
2304 2059 2622 2132 imponere,

441 2153 661 2212 etiamsi
689 2156 814 2231 ipse
841 2173 915 2212 ex
941 2155 1186 2228 quadam
1226 2158 1585 2225 necessitate,
1615 2159 1706 2217 vel
1744 2177 1849 2234 spe
1876 2157 2053 2215 nimia
2076 2154 2351 2223 lucrandi,
2382 2173 2623 2213 consen-

444 2251 559 2309 tiat.
643 2261 682 2288 ‘⁸
708 2253 866 2312 Dum
892 2256 1134 2312 societas
1163 2257 1530 2324 contrahitur,
1553 2266 1667 2315 tam
1693 2258 1858 2323 lucri,
1881 2274 2053 2328 quam
2074 2254 2267 2312 damni
2296 2252 2628 2311 communio

445 2345 717 2408 initur.”²
799 2360 838 2387 ‘⁴
863 2352 1209 2412 Societatem
1237 2355 1404 2412 talem
1447 2356 1586 2414 coiri
1614 2375 1731 2414 non
1772 2371 1966 2431 posse,
2008 2362 2073 2411 ut
2098 2352 2238 2410 alter
2261 2352 2484 2411 lucrum
2511 2360 2631 2410 tan-

449 2454 587 2515 tum,
635 2450 774 2507 alter
814 2449 1083 2509 damnum
1124 2454 1346 2520 sentiat,
1388 2463 1447 2510 et
1483 2452 1633 2512 hanc
1672 2455 2002 2512 societatem
2044 2452 2359 2509 Leoninam
2402 2452 2631 2508 solitum

449 2545 718 2605 Cassium
745 2546 1032 2625 appellare
1058 2550 1217 2626 leges
1245 2545 1626 2607 declarant.”³

531 2648 666 2707 133.
711 2647 950 2713 Quoties
1002 2648 1243 2705 societas
1288 2649 1459 2707 initur
1511 2648 1718 2705 chartae
1764 2647 2003 2723 publicae
2054 2646 2346 2704 sanctione
2393 2646 2631 2712 munita,

445 2743 732 2803 sociorum
773 2746 1122 2822 singulorum
1166 2746 1314 2804 bona
1355 2766 1472 2806 non
1517 2759 1653 2805 sunt
1696 2745 2066 2804 creditoribus
2113 2746 2382 2810 obnoxia,
2426 2741 2529 2800 sed
2567 2762 2635 2799 ea

446 2850 663 2902 tantum
691 2862 817 2916 quae
843 2854 1024 2902 coetus
1049 2854 1214 2902 sunt:
1258 2855 1525 2906 caeterum
1552 2855 1795 2923 peccant
1825 2845 1923 2917 qui
1950 2853 2164 2901 temere
2190 2842 2527 2901 contrahunt
2552 2860 2630 2899 aes

447 2938 715 3007 alienum,
745 2941 856 2999 hoc
881 2944 973 2999 usi
1001 2941 1301 3018 praesidio:
1345 2946 1395 3002 si
1421 2944 1570 3002 desit
1609 2944 1873 3020 specialis
1916 2942 2013 3001 illa
2055 2944 2295 3009 sanctie,
2338 2939 2625 2999 sociorum

445 3038 595 3095 bona
621 3040 813 3096 omnia
838 3039 1086 3098 obnoxia
1110 3051 1262 3108 sunt,
1290 3042 1424 3101 licet
1462 3062 1538 3101 ex
1580 3043 1897 3101 alterutrius
1938 3050 2155 3099 tantum
2183 3041 2354 3116 culpa
2396 3056 2473 3096 aes
2502 3040 2635 3096 alie·

447 3155 585 3194 num
614 3138 997 3207 contrahatur,
1026 3140 1270 3198 vellicet
1309 3142 1447 3199 alter
1485 3142 1690 3200 habeat
1729 3141 2028 3199 minimum
2055 3138 2338 3212 quoddam
2366 3138 2513 3195 lucri
2543 3137 2631 3194 vel

446 3235 642 3296 damni
669 3238 1042 3298 consortium.
1127 3239 1195 3298 In
1223 3240 1671 3319 Pennsylvania‚
1700 3250 1905 3317 praeter
1935 3236 2247 3317 generales
2275 3238 2465 3295 socios
2495 3254 2633 3309 quo·

447 3354 571 3393 rum
599 3339 831 3395 nomine
857 3356 949 3396 res
976 3348 1263 3417 geruntur,
1292 3351 1424 3398 sunt
1450 3340 1712 3399 nonnulli
1739 3342 1837 3412 qui
1866 3336 2149 3417 speciales
2176 3338 2320 3395 socii
2347 3336 2634 3402 dicuntur,

447 3436 545 3506 qui
579 3435 797 3493 scilicet
836 3447 1044 3496 certam
1084 3438 1368 3511 quandam
1409 3441 1665 3515 pecuniae
1708 3456 1992 3495 summam
2034 3437 2095 3493 in
2136 3435 2423 3494 societatis
2461 3452 2630 3491 usum

448 3535 830 3601 contulerunt,
860 3536 1003 3594 ultra
1029 3555 1200 3608 quam
1239 3556 1354 3595 non
1385 3547 1648 3595 tenentur
1686 3534 1943 3592 obnoxii.
2027 3532 2249 3590 Eorum
2290 3531 2525 3588 nomina
2552 3530 2634 3586 in·

444 3640 755 3691 strumento
783 3634 996 3709 scripto
1021 3634 1214 3701 relata,
1241 3654 1356 3692 una
1381 3654 1514 3693 cum
1541 3634 1785 3711 pecunia
1809 3632 2010 3691 collata
2042 3631 2245 3688 tabulis
2274 3626 2520 3705 publicis
2549 3628 2634 3684 in-

449 3731 749 3789 sinuentur
789 3749 1023 3789 necesse
1067 3742 1172 3799 est,
1215 3741 1271 3789 et
1302 3734 1688 3809 juramentum
1730 3731 1829 3793 fiat
1870 3730 1941 3787 de
1984 3728 2152 3785 rebus
2195 3726 2265 3787 ad
2306 3727 2633 3785 societatem

448 3829 903 3887 constituendam
929 3826 1158 3907 gestis.⁴
1237 3831 1352 3897 Qui
1391 3832 1619 3889 alterius
1662 3828 1829 3903 culpa
1868 3828 2152 3886 obnoxius
2193 3826 2375 3885 factus
2404 3833 2493 3883 est
2518 3842 2637 3881 cre-

454 3924 751 3994 ditoribus,
781 3928 878 3985 vix
907 3937 1126 3987 tenetur
1150 3928 1221 3985 ad
1260 3940 1463 4005 sponte
1491 3926 1851 3994 solvendum,
1893 3925 1993 3983 sed
2036 3934 2222 4003 potest
2247 3935 2549 4002 expectare
2574 3934 2640 3980 ut

456 4024 556 4082 lex
583 4026 908 4084 executioni
934 4026 1323 4085 demandetur.
1407 4028 1524 4093 Qui
1566 4027 1885 4102 portionem
1915 4043 2145 4102 parvam
2174 4024 2400 4091 habuit3
2443 4042 2519 4079 v:
2561 4042 2638 4099 g:

456 4122 739 4181 decimam
767 4134 1012 4192 sextam,
1040 4125 1178 4181 satis
1203 4125 1390 4183 facere
1417 4126 1660 4194 videtur,
1690 4125 1743 4183 si
1770 4144 1873 4201 pro
1899 4136 2017 4183 rata
2042 4133 2201 4201 parte
2226 4125 2444 4183 solvat:
2488 4122 2644 4197 cogi·

463 4232 554 4280 tur
579 4204 766 4279 autem
798 4223 925 4299 lege
953 4232 1132 4281 totum
1161 4223 1406 4291 solvere,
1433 4224 1486 4281 si
1510 4224 1712 4281 valeat.

525 4370 611 4435 (1)
649 4366 710 4415 L.
733 4367 798 4416 iv.
819 4366 869 4416 fl:
881 4383 982 4435 pro
1002 4367 1144 4419 socio.
1547 4368 1636 4433 (2)
1673 4365 1735 4415 L.
1758 4365 1818 4417 Si
1840 4382 1978 4417 unus
1999 4370 2087 4428 est,
2108 4365 2160 4416 ff.
2177 4366 2363 4416 eodem.

530 4455 616 4519 (3)
654 4451 715 4500 L.
739 4451 799 4503 St
818 4468 921 4503 non
930 4450 1152 4519 fuerint.
1174 4451 1226 4501 fl:
1248 4452 1434 4502 eodem.

527 4538 612 4601 (4)
650 4536 779 4586 Vide
801 4538 963 4600 legem
986 4540 1048 4585 21
1076 4536 1239 4587 Martii
1268 4539 1412 4597 1836,
1434 4536 1565 4601 apud
1587 4536 1880 4597 Pur-donem,
1902 4542 1989 4585 art.
2014 4533 2365 4601 Par-tnerskip.
