3117 5217
596 505 712 571 DE
753 489 1202 576 ECQLESIAE
1247 507 1754 568 Po'rEs'rA‘rE
1796 508 2296 570 JUDICIARIA.
2425 513 2542 570 343

353 662 543 748 copali
589 673 964 730 consessione
1009 674 1220 732 fuerint
1263 675 1486 741 muniti,
1534 677 1605 733 ab
1650 675 1844 735 officio
1891 675 2135 741 reddatis
2172 685 2229 733 et
2270 676 2551 736 beneficio

355 771 642 828 alienos?
725 773 779 846 §0
813 775 866 831 1.
897 781 936 809 ‘⁶
955 772 1045 830 Ad
1069 774 1466 849 hoc'quoniam
1488 775 1716 846 quidam
1737 776 1868 834 laici
1888 776 2156 832 ecclesias
2177 776 2553 850 possessioni-

354 870 462 927 bus
489 871 756 945 spoliant,
783 881 846 928 ut
870 873 954 930 sic
981 873 1132 944 viros
1158 872 1575 931 ecclesiasticos
1609 875 1815 932 faciant
1840 893 2030 932 coram
2069 873 2325 932 saeculari
2356 873 2553 952 judice

354 969 600 1046 litigare,
639 971 1206 1050 vobis‘injungirnuffi
1245 981 1308 1028 ut
1346 970 1407 1031 id
1444 973 1671 1048 publice
1710 975 1816 1031 sub
1857 974 2311 1032 interminatione
2343 960 2566 1032 curetis*

357 1069 734 1126 anathematis
786 1071 1110 1145 prohibere.
1193 1069 1260 1128 Si
1308 1072 1440 1142 quis
1495 1080 1681 1129 autem
1734 1072 2132 1148 prohibitionis
2181 1081 2378 1132 vestroe
2421 1092 2556 1132 con·

357 1159 605 1244 tempto'r
627 1169 895 1237 extiterit,
918 1188 1049 1226 eum
1077 1171 1654 1231 excommunicationi
1680 1164 2029 1230 subdatis.'’²
2094 1172 2237 1237 Quae
2268 1171 2417 1248 apud
2448 1191 2555 1230 nos

357 1269 492 1331 oriri
519 1277 764 1342 possunt
786 1268 913 1325 lites
941 1267 1011 1326 de
1037 1269 1408 1327 ecelesiarum
1433 1269 1621 1338 bonis,
1651 1270 1741 1327 vel
1771 1271 1843 1328 de
1884 1282 2172 1347 pastorum
2208 1272 2435 1349 juribus
2470 1291 2559 1329 ea-

361 1365 490 1424 dem
520 1366 734 1426 ratione
761 1377 894 1425 sunt
920 1369 1180 1445 episcopi
1201 1367 1422 1446 Judicio
1451 1369 1814 1428 dirimendae:
1844 1372 2027 1447 ipsius
2048 1371 2202 1428 enim
2230 1380 2319 1428 est
2342 1390 2559 1438 curare,

361 1474 423 1522 ut
449 1467 602 1524 bona
629 1475 923 1528 serventur
949 1467 1006 1525 in
1034 1487 1194 1536 usus,
1225 1470 1282 1526 in
1323 1484 1470 1540 quos
1499 1488 1530 1526 a
1557 1467 1818 1528 fidelibus
1846 1469 2125 1528 destinata
2160 1478 2313 1537 sunt,
2342 1481 2401 1527 et
2431 1472 2563 1548 jura

362 1569 522 1624 sacra
548 1548 768 1641 integra
794 1577 1074 1625 maneant.
1548 1626 1556 1633 ,

437 1669 495 1723 6.
542 1661 807 1722 Crimina
831 1666 1101 1741 pleraque
1128 1677 1322 1725 eontra
1347 1665 1544 1734 fidem,
1566 1669 1921 1744 religionem,
1951 1686 2172 1725 morum
2201 1669 2557 1726 sanctitatem

359 1763 426 1822 ad
455 1763 872 1828 ecclesiasticos
901 1765 1292 1824 deferebantur
1325 1765 1576 1843 judiceS‚
1616 1767 1686 1823 iis
1733 1767 1792 1824 in
1838 1766 2187 1843 regionibus,
2231 1757 2291 1824 in'
2331 1768 2558 1839 quibus,

279 1858 286 1866 ’
365 1883 545 1936 quum
580 1873 696 1921 tota
733 1881 876 1940 gens
917 1864 1053 1926 fidei
1091 1874 1149 1923 et
1185 1866 1477 1942 religionis
1505 1867 1736 1926 vinculo
1762 1866 2142 1944 colligaretur,
2172 1867 2359 1924 civilis
2388 1876 2445 1923 et
2468 1884 2559 1924 ec-

359 1963 674 2021 clesiastica
701 1972 1008 2040 potestates
1036 1965 1219 2024 amico
1247 1963 1458 2026 foedere
1491 1952 1907 2044 jungebantur:
1950 1967 2085 2024 hinc
2125 1965 2382 2033 haeresiS,
2411 1966 2560 2023 blas·

359 2063 612 2139 phemia,
644 2063 907 2131 simonia,
935 2065 1251 2142 sacrilegia,
1293 2067 1501 2141 magia,
1539 2078 1597 2122 et
1635 2065 1797 2142 plura
1835 2067 1948 2124 alia
1986 2066 2262 2144 episcopo
2302 2065 2560 2142 subjicie-
2616 2075 2619 2082 '

359 2157 632 2230 bantur;²
673 2163 774 2234 qui
813 2164 1042 2230 mulcta,
1090 2182 1332 2232 carcere,
1361 2165 1687 2222 verberibus
1727 2183 1855 2222 reos
1896 2166 2081 2240 puniri
2102 2166 2357 2242 jubebat,
2392 2165 2561 2241 juxta

358 2262 516 2338 ipsas
546 2261 690 2338 legis
718 2263 904 2321 civilis
932 2263 1288 2330 sanctiones3
1331 2263 1490 2321 nullo
1517 2272 1703 2321 autem
1732 2260 1792 2321 in
1816 2282 1951 2320 casu
1980 2281 2206 2339 poenam
2234 2263 2435 2340 capitis
2462 2261 2558 2320 de·

361 2362 646 2426 cernebat,
678 2379 802 2432 quae
831 2381 864 2418 a
887 2363 1112 2423 lenitate
1149 2354 1451 2421 sacerdotii
1492 2363 1773 2421 abhorret.
1858 2363 1931 2427 Si.
1953 2363 2081 2435 quis
2124 2372 2311 2423 autem
2342 2361 2558 2419 crimen

365 2461 606 2537 capitale
635 2469 930 2536 patrasset,
951 2461 1020 2518 ab
1047 2449 1304 2538 episcopi
1322 2461 1680 2529 officialibus,
1697 2470 1998 2537 postquam
2012 2462 2234 2539 judicio
2262 2462 2559 2520 damnatus
2589 2532 2601 2538 ν

363 2572 503 2628 erat,
534 2560 853 2618 tradebatur
875 2561 1105 2619 brachio
1131 2561 1405 2630 saeculari,
1435 2561 1591 2619 civili
1632 2561 1853 2619 scilicet
1878 2559 2215 2628 auctoritati,
2241 2580 2370 2618 cum
2407 2578 2560 2617 com-

367 2659 754 2728 mendatione,
784 2669 846 2718 ut
871 2661 925 2717 ei
949 2670 1291 2738 parceretur.

445 2765 506 2818 7.
551 2757 835 2818 Fideliusn
864 2735 1119 2818 omnium
1148 2759 1275 2816 lites
1297 2777 1370 2816 ex
1396 2759 1660 2836 Apostoli
1683 2759 1849 2817 Pauli
1870 2759 2199 2816 auctoritate
2220 2757 2443 2836 judicio
2472 2775 2561 2814 ec-

365 2858 682 2916 clesiastico
710 2859 1255 2916 commendabantur
1280 2858 1645 2917 dirimendae:
1678 2858 2043 2916 vehementer
2062 2859 2217 2916 enim
2246 2877 2347 2915 eos
2375 2855 2561 2936 redar-

366 2959 492 3035 guit
541 2955 894 3015 ethnicorum
947 2957 1303 3015 tribunalium
1359 2957 1629 3016 adeuntes
1654 2977 1669 3014 τ
1754 2966 1793 2993 “
1814 2956 2003 3015 Audet
2052 2959 2258 3030 aliquis
2311 2965 2559 3016 vestrum

364 3057 583 3120 habens
612 3058 903 3134 negotium
929 3055 1200 3120 adversus
1229 3055 1460 3126 alterum
1482 3055 1731 3133 judicari
1758 3055 1907 3135 apud
1934 3057 2164 3128 iniquos
2186 3065 2244 3114 et
2266 3075 2379 3114 non
2411 3050 2560 3131 apud

365 3156 636 3216 sanctos?
717 3156 812 3214 An
849 3155 1082 3214 nescitis
1124 3155 1394 3228 quoniam
1434 3155 1616 3214 sancti
1655 3154 1725 3212 d'e
1766 3154 1877 3214 ho'c
1924 3154 2136 3213 mundo
2178 3151 2559 3234 judicabunt?

366 3255 450 3313 Et
475 3256 526 3312 si
551 3256 614 3314 in
639 3254 801 3312 vobis
833 3255 1179 3332 judicabitur
1217 3254 1486 3323 mundus,
1509 3253 1732 3332 indigni
1760 3257 1917 3323 estis,
1947 3254 2144 3327 quide
2183 3255 2439 3314 minimis
2470 3252 2565 3330 ju-

369 3353 616 3412 dicetis?
699 3354 952 3411 Nescitis
982 3355 1250 3426 quoniam
1279 3355 1511 3430 angelos
1531 3350 1959 3432 judicabimus?
1989 3365 2201 3426 quanto
2242 3354 2424 3429 magis
2458 3371 2560 3411 sae-

363 3451 615 3511 cularia?
700 3453 1004 3512 Saecularia
1031 3453 1202 3530 igitur
1230 3452 1448 3530 judicia
1484 3453 1535 3509 si
1575 3453 1921 3510 habueritis:
1965 3452 2420 3528 contemptibiles
2461 3452 2559 3521 qui
2628 3466 2631 3468 ’

277 3562 292 3572 “
369 3553 588 3609 suntin
615 3551 899 3620 Ecclesia,
929 3551 1071 3612 illos‘
1099 3553 1420 3610 constituite
1449 3539 1517 3607 'ad
1548 3550 1947 3627 judicandum.
2030 3550 2123 3608 Ad
2162 3547 2562 3606 verecundiam

371 3662 616 3709 vestram
647 3651 796 3710 dico.
882 3651 982 3709 Sic
1023 3669 1137 3709 non
1178 3661 1265 3707 est
1301 3651 1452 3708 inter
1488 3667 1593 3708 vos
1634 3650 1862 3727 sapiens
1899 3649 2223 3721 quisquam,
2254 3648 2350 3719 qui
2382 3647 2566 3721 possit

365 3750 622 3828 judicare
650 3749 795 3808 inter
820 3751 1045 3808 fratrem
1075 3747 1288 3807 suum?
1372 3749 1685 3806 Sed-frater
1711 3767 1839 3806 cum
1876 3750 2041 3806 fratre
2074 3746 2293 3825 judicio
2333 3754 2563 3803 conten-

372 3849 490 3910 dit:
530 3859 590 3908 et
629 3849 740 3907 hoc
780 3849 929 3926 apud
969 3843 1332 3908 infideleS.'’²
1413 3847 1505 3906 Ad
1547 3848 1821 3924 praesules
1856 3849 2015 3926 ipsos
2051 3846 2433 3904 referebantur
2474 3843 2567 3900 hae

372 3951 772 4020 controversiae
799 3968 874 4008 ex
900 3950 1283 4010 vetustissima
1307 3946 1738 4024 consuetudine,
1758 3949 1904 4024 ipsis
1934 3946 2374 4023 imperatoribus
2390 3943 2564 4001 chris-

447 4135 532 4202 (1)
572 4135 793 4196 vestigia
815 4131 974 4187 adhuc
996 4133 1126 4198 apud
1147 4134 1337 4195 Anglos
1359 4134 1560 4198 reperire
1583 4140 1670 4194 est,
1686 4134 1813 4198 apud
1834 4149 1957 4197 quos
1978 4133 2120 4184 curiae
2143 4137 2261 4182 sunt
2279 4129 2559 4180 ecclesiasti-

378 4237 444 4270 ω
464 4239 476 4268 :
517 4219 723 4269 “which
745 4227 906 4269 courts
926 4235 1055 4269 were
1077 4217 1363 4282 established
1386 4221 1458 4268 for
1478 4220 1560 4268 the
1583 4221 1890 4269 reformation
1924 4219 1982 4269 of
2006 4220 2198 4278 morale,
2220 4217 2317 4266 and
2337 4215 2461 4265 have
2496 4230 2561 4263 an

382 4305 638 4355 exclusive
645 4305 951 4370 jurisdiction
977 4321 1088 4354 over
1109 4306 1192 4355 the
1213 4305 1552 4370 punishments
1570 4306 1627 4354 of
1640 4305 1939 4364 fomication,
1960 4303 2085 4354 etc.''
2156 4302 2368 4365 Chitty's
2391 4300 2543 4349 Black

374 4398 526 4445 stom.
549 4392 583 4440 1.
606 4390 672 4440 iii.
700 4407 752 4439 n.
780 4393 893 4441 123.
961 4391 1108 4440 Note.

449 4479 533 4545 (2)
574 4472 614 4526 Ῑ.
639 4477 753 4526 Cor.
777 4477 838 4531 vi.
858 4476 892 4528 i.
