3117 5217
411 600 424 613 ‚
464 545 541 599 38
1283 541 1398 601 DE
1441 541 1831 603 DOMINIS.

541 716 640 770 21.
725 711 794 770 In
823 709 1075 774 Statibus
1101 708 1384 769 soederatis
1413 710 1605 769 nullus
1629 710 1769 769 ordo
1797 690 2125 788 Religiosus
2152 710 2278 787 lege
2306 713 2648 788 agnoscitur,

463 813 574 870 nisi
594 810 783 869 forsan
801 810 990 867 charta
1009 827 1284 867 concessa
1309 810 1571 868 Patribus
1592 809 1868 869 Eremitis
1896 810 1961 867 S.
1984 811 2309 887 Augustini,
2337 812 2416 869 uti
2440 811 2649 869 factum

463 920 551 969 est
575 930 608 967 a
633 919 781 967 coetu
807 927 1078 985 supremo
1106 909 1573 986 Pennsylvaniae,
1600 909 1693 967 vel
1714 908 2433 968 monialibus‘visitationis
2454 930 2486 967 a
2501 922 2647 967 coetu

461 1027 730 1085 supremo
757 1008 1324 1085 Washingtonopoli.
1409 1008 1699 1067 Coeterum
1724 1026 1831 1067 nec
1857 1010 1981 1066 haec
2000 1008 2375 1067 instrumenta
2395 1009 2649 1067 efficiunt

461 1120 524 1166 ut
549 1109 617 1165 ab
645 1108 1032 1177 aliis‚civibus
1071 1106 1462 1165 discernantur
1499 1108 1711 1184 singuli
1738 1109 1836 1181 qui
1876 1108 1946 1165 ad
1986 1108 2411 1167 universitatem
2451 1108 2647 1187 hujus-

462 1207 619 1265 modi
647 1207 960 1283 pertinent;
987 1206 1090 1264 sed
1109 1209 1241 1284 jura
1270 1217 1502 1265 manent
1525 1206 1747 1274 eadem,
1776 1216 1833 1265 et
1856 1206 2006 1265 idem
2037 1207 2190 1279 quod
2217 1208 2312 1265 alii
2340 1206 2529 1264 valent
2552 1227 2649 1265 ex·

461 1325 656 1365 ercere
683 1304 1022 1373 dominium,
1045 1306 1155 1363 nisi
1183 1305 1369 1379 quoad
1395 1325 1464 1363 ea
1491 1308 1552 1365 in
1582 1307 1808 1378 quibuS‚
1841 1307 2009 1384 juxta
2035 1306 2241 1365 chartoe
2268 1305 2645 1371 conditiones,

463 1406 770 1483 collegium
797 1424 900 1463 seu
942 1406 1278 1465 universitas
1313 1404 1614 1466 habentur.
1700 1405 1869 1463 Nihil
1912 1415 2100 1463 tamen
2141 1405 2324 1462 obstat
2362 1407 2499 1477 quin
2540 1406 2646 1463 viri

463 1506 822 1577 foeminoeque
845 1514 1035 1563 votum
1073 1504 1330 1563 solemne
1353 1505 1697 1581 paupertatis
1726 1516 2073 1580 nuncupent,
2102 1512 2463 1576 serventque,
2483 1507 2649 1582 juxta

461 1605 821 1680 superiorum
849 1605 1172 1671 arbitrium3
1213 1605 1472 1677 quamvis
1508 1605 1559 1661 si
1590 1606 1880 1680 contingat
1918 1602 2298 1661 haereditatem
2340 1604 2453 1660 illis
2482 1605 2648 1661 obve-

459 1704 604 1770 nire,
653 1703 744 1761 vel
786 1701 1024 1771 donum,
1065 1721 1172 1760 suo
1209 1704 1444 1760 nomine
1491 1710 1661 1779 agant
1710 1721 1949 1761 necesse
1996 1711 2100 1759 est.
2186 1702 2401 1761 Renuit
2452 1715 2643 1759 sancta

462 1802 629 1861 sedes
658 1802 1173 1861 sanctimonialium
1205 1800 1552 1859 Gallicarum
1584 1811 1733 1869 vota,
1764 1820 1891 1873 quae
1922 1802 1979 1859 in
2008 1803 2274 1877 praesenti
2299 1815 2485 1859 rerum
2515 1821 2647 1859 con·

463 1902 676 1960 ditione
704 1913 1028 1977 nuncupata
1055 1909 1205 1967 sunt,
1235 1918 1542 1977 agnoscere
1584 1894 1913 1969 solemnia)
1941 1902 2073 1972 quia
2109 1901 2269 1983 leges
2295 1902 2487 1977 plures
2508 1902 2647 1977 obji-

462 2002 618 2057 ciunt
643 2000 838 2057 obices
866 2000 1222 2076 proprietatis
1249 1998 1621 2057 abdicationi:
1666 1999 1766 2057 sed
1808 2000 1958 2057 nihil
1986 1998 2317 2077 hujusmodi
2354 1998 2505 2076 apud
2540 2018 2645 2057 nos

463 2099 724 2162 occurrit,
747 2117 854 2156 nec
881 2099 1036 2155 enim
1064 2098 1179 2156 ulla
1205 2108 1293 2155 est
1315 2099 1510 2175 legum
1535 2099 1808 2156 latoribus
1836 2098 2139 2158 solicitudo
2160 2098 2231 2156 de
2256 2100 2427 2157 rebus
2454 2097 2649 2175 hujus-

433 2232 440 2239 -
465 2197 640 2266 modi,
669 2197 774 2255 sed
797 2198 973 2256 libera
1001 2207 1192 2256 manet
1217 2198 1567 2256 conscientia
1591 2198 1967 2272 voluntasque
1994 2198 2273 2274 cujusque
2300 2199 2461 2256 civis.

658 2330 698 2349 ’Ὦ

1001 2443 1053 2517 §.
1097 2444 1208 2502 III.
1251 2442 1347 2501 DE
1391 2463 1567 2502 noms
1607 2463 2108 2503 Eccnnsmsncrs·

543 2637 643 2690 22.
688 2631 780 2690 Ad
806 2652 906 2690 eos
935 2632 1087 2705 quod
1115 2634 1310 2699 attinet
1338 2636 1436 2707 qui
1463 2634 1616 2713 bona
1656 2633 1995 2709 temporalia·
2016 2632 2299 2689 Ecclesiae
2328 2618 2486 2688 haud
2518 2650 2650 2687 con-

465 2733 656 2788 venire
695 2732 1064 2800 contendunt,
1099 2752 1171 2791 eo
1213 2734 1366 2805 quod
1395 2733 1663 2791 Christus
1690 2749 1909 2807 pauper
1947 2738 2118 2796 esset,
2160 2748 2275 2786 non
2308 2730 2525 2787 habens
2552 2731 2647 2787 ubi

464 2842 633 2907 caput
659 2832 973 2897 reclinaret,
1002 2840 1059 2886 et
1084 2813 1348 2906 Apostoli
1387 2830 1792 2895 circumierint,
1822 2828 2033 2886 nullam
2075 2838 2287 2885 certam
2327 2828 2523 2886 sedem
2552 2830 2649 2885 ha·

462 2929 680 2993 bentes,
711 2938 769 2985 et
793 2928 936 2985 nihil
977 2928 1356 3004 possidentes,
1390 2927 1952 2987 animadvertendum
1982 2928 2169 3005 ipsum
2214 2926 2514 2987 Christum
2554 2928 2648 2984 ha·

461 3026 655 3083 buisse
681 3026 924 3094 loculos,
949 3028 1007 3084 in
1035 3028 1259 3099 quibuS,
1289 3028 1439 3103 apud
1467 3047 1665 3086 eorum
1691 3027 1949 3093 latorem,
1969 3027 2395 3104 deponebantur
2421 3028 2647 3103 piorum

465 3124 887 3201 eleemosynae:
919 3136 974 3183 et
999 3128 1309 3203 Apostolos
1336 3126 1489 3184 haud
1516 3128 1796 3203 repulisse
1824 3125 2023 3183 fideles
2053 3126 2201 3183 dona
2235 3146 2340 3183 sua
2378 3125 2645 3193 ferentes,

465 3225 672 3295 quibus
725 3226 984 3283 omnium
1037 3226 1464 3283 necessitatibus
1518 3227 1925 3284 consuleretur.
2010 3215 2299 3297 Equidem
2349 3226 2647 3283 hominum

399 3368 408 3376 .
463 3323 726 3391 societaS,
758 3323 939 3397 qualis
968 3332 1056 3383 est
1081 3324 1366 3393 Ecclesia,
1397 3324 1614 3402 indiget
1637 3324 1958 3383 necessarie»
1988 3325 2258 3382 subsidiis
2287 3325 2491 3396 quibus
2533 3324 2647 3380 cul-

463 3431 551 3479 tus
579 3424 855 3499 impensis
896 3435 955 3481 et
994 3424 1378 3502 ministrorum
1407 3426 1801 3483 sustentationi
1830 3424 2220 3499 provideatur:
2256 3442 2383 3495 quae
2410 3419 2647 3499 proinde

462 3533 732 3598 praestare
785 3522 950 3581 decet
999 3524 1195 3581 fideles
1241 3524 1452 3581 divitiis
1497 3524 1867 3609 abundantes.
1954 3522 2197 3581 Constat
2234 3522 2505 3580 ecclesias
2550 3522 2649 3579 do-

465 3642 711 3696 mosque
727 3625 786 3681 in
807 3625 1116 3700 praesulum
1137 3622 1540 3681 habitationem
1566 3644 1599 3681 a
1614 3622 1934 3681 christianis
1956 3622 2195 3689 habitae,
2220 3622 2386 3678 etiam
2408 3620 2649 3679 ethnicis

465 3723 874 3797 imperantibus
894 3720 944 3792 3²
969 3743 1109 3797 quas
1134 3722 1569 3789 Constantinus,
1600 3742 1747 3780 anno
1777 3726 1916 3788 312,
1947 3721 2269 3779 christianis
2298 3722 2507 3777 servari
2527 3722 2655 3798 jus·⁴
2691 3795 2695 3800 Ι

466 3813 586 3876 sit³.
644 3822 879 3897 Optimo
897 3826 1166 3900 exemplo
1187 3824 1512 3899 imperator,
1533 3841 1683 3880 anno
1711 3826 1850 3889 321,
1872 3820 2273 3880 decedentium
2302 3820 2647 3877 voluntatem

467 3920 527 3976 in
556 3919 838 3977 Ecclesiae
866 3922 1097 3997 gratiam
1122 3912 1293 3979 ratam
1317 3922 1532 3990 habuit,
1555 3933 1612 3979 et
1636 3922 1962 3980 executioni
1982 3918 2225 3979 fideliter
2240 3918 2507 3977 mandari
2526 3920 2649 3996 jus-

467 4019 574 4075 sit:
663 4026 700 4053 “
725 4018 950 4079 Habeat
973 4021 1368 4091 unusquisque
1394 4022 1683 4079 licentiam
1708 4021 2069 4091 sanctissimo
2108 4019 2392 4080 catholico
2420 4036 2649 4075 venera-

547 4214 630 4276 (1)
675 4210 796 4286 Vide
818 4211 963 4273 Resp.
987 4208 1040 4258 S.
1057 4209 1427 4259 Paenitentiariae
1451 4208 1511 4258 ad
1535 4210 1843 4274 Superiorem
1864 4210 2109 4259 seminarii
2131 4208 2183 4258 N
2186 4208 2463 4257 nimetensis
2483 4208 2561 4255 die
2584 4210 2649 4254 28

472 4296 780 4355 Novembris,
807 4299 951 4344 1818.
1269 4342 1278 4350 ,

547 4384 631 4448 (2)
670 4382 850 4431 Euseb.
874 4380 1004 4429 Hist.
1027 4380 1162 4429 Eccl.
1184 4381 1216 4429 l.
1237 4380 1318 4430 vii
1337 4396 1384 4431 e·
1405 4396 1526 4431 xxx.
1932 4380 2016 4446 (3)
2055 4378 2255 4438 Ibidem,
2278 4380 2309 4427 1.
2334 4394 2383 4427 x.
2404 4392 2447 4427 c.
2468 4392 2515 4424 v.
