3117 5217
1173 606 1288 665 DE
1339 606 1641 665 USURA.
2392 612 2506 667 175

345 777 690 854 chirographo
718 776 970 835 includat
995 776 1150 849 quod
1186 785 1350 833 antea
1375 777 1428 833 ei
1457 774 1763 833 debuerat:
1796 775 1887 833 vel
1926 785 2117 853 potest
2156 776 2360 849 aliquis
2388 796 2509 835 mu·

349 888 474 934 tuam
501 876 624 934 dare
649 877 952 951 pecuniam
983 894 1052 933 eo
1081 884 1268 951 pacm,
1289 884 1353 931 ut
1377 874 1515 931 alter
1536 875 1804 951 injustam
1828 893 1995 948 quam
2016 876 2335 933 instituerat
2348 877 2509 935 litem

345 976 554 1033 deserat.
637 974 812 1041 Quod
847 975 898 1031 si
933 993 1023 1031 res
1065 974 1364 1031 deberetur
1401 991 1476 1029 ex
1517 973 1789 1031 charitate
1830 983 2069 1042 tantum,
2096 994 2270 1033 usura
2296 974 2514 1034 videtur

349 1093 452 1131 eam
493 1076 743 1151 exigere,
791 1084 1082 1145 tamquam
1127 1072 1310 1130 mutui
1349 1071 1775 1129 conditionem:
1822 1083 1909 1131 est
1946 1076 2100 1132 enim
2142 1092 2287 1131 onus
2331 1075 2517 1150 pretio

309 1220 327 1239 „
347 1174 679 1231 aestimabile:
711 1190 818 1229 ex:
849 1192 949 1249 gr:
979 1172 1029 1228 si
1057 1171 1282 1229 medico
1307 1172 1699 1247 imponeretur
1724 1190 1871 1229 ontis
1900 1192 2211 1251 pauperem
2238 1185 2512 1250 aegrotau-

347 1282 445 1329 tem
469 1268 800 1329 invisendi.¹
881 1272 1091 1329 Posset
1116 1272 1246 1343 quis
1275 1270 1489 1343 absque
1520 1288 1704 1327 usurae
1733 1271 1859 1329 labe
1886 1273 2114 1331 alterius
2142 1273 2331 1331 colere
2372 1273 2511 1331 ami·

349 1370 516 1428 citiam
543 1380 740 1428 mutuo
767 1369 987 1436 dando;
1021 1370 1072 1426 si
1108 1380 1294 1426 tamen
1331 1370 1587 1445 exigeret
1618 1380 1681 1427 ut
1708 1370 1847 1428 alter
1872 1372 1927 1429 ei
1953 1372 2281 1447 impetraret
2302 1390 2513 1431 munus

347 1468 625 1541 quoddam,
655 1480 810 1527 esset
836 1486 1025 1535 usura,
1054 1470 1232 1544 gratia
1257 1470 1431 1535 enim,
1475 1485 1590 1538 qua
1615 1470 1744 1540 quis
1770 1470 1921 1527 valet
1957 1470 2107 1545 apud
2134 1470 2403 1543 aliquem,
2430 1468 2513 1529 uti

347 1570 398 1625 in
421 1568 636 1626 alterius
665 1570 988 1633 utilitatem,
1017 1568 1198 1641 pretio
1226 1567 1492 1627 aestimari
1520 1561 1765 1641 potest.²

415 1671 504 1724 78.
549 1667 796 1724 Usuram
837 1667 988 1741 sapit
1021 1666 1290 1743 obligatio
1330 1666 1597 1741 imposita
1641 1668 1919 1723 mutuanti
1961 1677 2217 1725 mutuum
2262 1666 2413 1725 aliud
2454 1666 2513 1725 in

346 1779 613 1841 posterum
660 1764 852 1833 dandi,
899 1774 988 1822 est
1031 1766 1185 1822 enim
1233 1783 1404 1831 onus,
1452 1764 1608 1836 quod
1654 1767 1895 1841 gratuito
1936 1766 2215 1824 beneficio
2262 1766 2514 1841 derogat.

351 1864 556 1922 “Licet
579 1864 751 1923 simul
778 1864 1054 1923 mutuanti
1083 1882 1281 1931 unum,
1319 1863 1535 1935 aliquid
1576 1863 1727 1921 aliud
1770 1875 2037 1922 mutuum
2068 1866 2357 1941 recipere:
2402 1883 2519 1924 non

349 1974 518 2021 autem
544 1963 675 2020 licet
699 1982 834 2022 eum
861 1962 1114 2039 obligare
1143 1962 1213 2021 ad
1239 1971 1496 2021 mutuum
1525 1963 1588 2020 in
1614 1972 1903 2040 posterum
1938 1959 2354 2023 faciendum.”³
2433 1964 2521 2023 Ita

356 2062 412 2119 S.
440 2062 716 2119 Thomas.

414 2164 508 2219 79.
552 2160 822 2221 Mutuum
849 2161 989 2218 dans
1018 2170 1206 2236 potest
1229 2160 1460 2236 exigere
1487 2168 1551 2218 ut
1570 2178 1659 2217 res
1674 2162 1726 2219 ei
1747 2160 2009 2219 reddatur
2028 2162 2086 2219 in
2108 2160 2303 2219 eadem
2326 2163 2521 2238 specie

349 2268 397 2315 et
429 2260 750 2331 quantitate,
793 2261 843 2317 si
884 2261 1008 2335 ipse
1045 2277 1174 2315 eam
1213 2270 1536 2317 servaturus
1578 2268 1729 2317 esset
1767 2258 1839 2317 ad
1872 2259 1930 2318 id
1959 2261 2253 2337 temporiS,
2281 2260 2524 2318 deducta

351 2367 522 2415 tamen
549 2360 922 2417 aestimatione
950 2358 1211 2435 periculi,
1240 2358 1330 2415 vel
1356 2376 1739 2433 expensarum
1768 2359 1825 2415 in
1866 2378 1925 2417 re
1964 2358 2261 2418 servanda.
2345 2359 2445 2419 Sic
2472 2358 2524 2416 si

349 2456 580 2533 agricola
617 2457 777 2517 alteri
817 2456 912 2514 det
949 2456 1294 2515 frumentum
1335 2457 1492 2529 quod
1532 2466 1855 2515 servaturus
1895 2467 2013 2515 erat
2057 2458 2239 2518 donec
2284 2476 2525 2518 annonoe

351 2554 536 2614 caritas
564 2556 726 2625 foret,
748 2554 934 2636 (haud
961 2564 1151 2614 tamen
1177 2574 1280 2614 sua
1307 2565 1422 2613 arte
1452 2574 1552 2613 seu
1583 2554 1749 2629 culpa
1776 2553 2049 2633 inducta4)
2078 2568 2266 2631 potest
2290 2558 2523 2633 exigere

350 2663 488 2712 uteo
515 2664 768 2731 tempore
793 2654 1089 2713 reddatur:
1119 2674 1252 2712 nam
1279 2656 1338 2712 in
1367 2655 1599 2711 alterius
1640 2653 1937 2711 utilitatem
1976 2672 2041 2711 se
2081 2656 2265 2730 privat
2302 2655 2403 2713 illa
2437 2655 2523 2711 lu-

353 2754 526 2811 crandi
555 2755 876 2825 occasione.
935 2754 1033 2811 Sic
1053 2753 1222 2813 etiam
1251 2754 1301 2811 si
1329 2753 1565 2811 dubium
1594 2753 1670 2809 sit
1696 2761 1885 2810 utrum
1911 2753 2145 2830 majoris
2172 2752 2264 2809 vel
2288 2736 2527 2811 minoris

352 2854 502 2937 pretii
539 2854 736 2911 futurae
783 2854 900 2910 sint
933 2871 1176 2920 merceS,
1225 2862 1469 2928 possunt
1507 2850 1911 2910 contrahentes
1948 2852 2161 2928 pacisci
2206 2863 2267 2911 ut
2310 2850 2527 2909 eaedem

355 2950 655 3019 reddantur,
697 2952 830 3024 quia
869 2970 1047 3024 quum
1085 2968 1176 3008 res
1217 2952 1292 3009 sit
1330 2952 1561 3019 incerta,
1604 2960 1844 3023 uterque
1884 2952 2009 3027 pari
2044 2951 2187 3010 lucri
2214 2952 2306 3009 vel
2332 2950 2529 3012 damni

358 3050 652 3109 conditioni
693 3050 1008 3127 subjicitur.
1093 3048 1210 3106 Sed
1251 3050 1301 3107 si
1347 3047 1499 3107 certo
1559 3050 1789 3107 noveris
1830 3069 1950 3107 rem
2004 3050 2181 3125 pluris
2234 3050 2529 3109 valituram

359 3158 494 3207 certo
539 3148 786 3221 quodam
827 3161 1104 3225 tempore,
1133 3142 1250 3205 tion
1290 3149 1427 3207 licet
1451 3148 1684 3227 exigere
1720 3158 1783 3206 ut
1820 3167 1887 3206 ea
1928 3159 2061 3207 tunc
2109 3149 2209 3207 tibi
2242 3149 2529 3215 reddatur,

353 3264 508 3317 quum
529 3248 667 3305 alias
689 3267 806 3307 non
823 3247 1070 3306 fueritin
1091 3248 1282 3305 anim-o
1299 3266 1423 3306 eam
1446 3248 1504 3305 in
1528 3247 1585 3305 id
1608 3266 1792 3320 usque
1824 3249 2094 3325 temporis
2124 3268 2371 3308 servare.
2462 3247 2530 3305 Si

359 3363 554 3404 mensae
607 3348 848 3425 alicujus
899 3346 1282 3423 chirographa
1333 3330 1588 3424 praesteS,
1642 3350 1856 3423 poteris
1899 3350 1967 3406 ab
2007 3349 2169 3407 initio
2204 3350 2417 3425 pacisci
2469 3356 2533 3407 ut

361 3444 600 3519 ejusdem
626 3464 838 3503 mensae
866 3444 1244 3522 chirographa
1271 3447 1372 3504 tibi
1399 3444 1725 3504 reddantur.

429 3548 520 3602 80.
564 3544 805 3603 Mutuos
839 3544 995 3602 danti
1033 3553 1330 3621 argenteos
1371 3545 1462 3603 vel
1503 3564 1705 3603 aureos
1740 3561 2007 3603 nummos
2046 3543 2181 3601 licet
2217 3542 2433 3617 pacisci
2472 3552 2537 3599 ut

366 3641 520 3701 simili
548 3644 790 3719 pecunia
817 3644 870 3701 ei
892 3643 1143 3710 satisfiat,
1173 3643 1306 3716 quia
1331 3644 1574 3721 pertinet
1600 3643 1669 3700 ad
1696 3640 2092 3715 aequalitatem.
2178 3641 2314 3698 Non
2342 3641 2478 3706 licet
2504 3660 2535 3699 e

365 3754 538 3799 contra
581 3750 841 3801 mutuam
886 3742 1041 3799 danti
1081 3751 1366 3801 monetam
1414 3759 1729 3819 papyream
1768 3741 1998 3815 exigere
2038 3746 2101 3795 ut
2150 3740 2401 3815 argentei
2446 3738 2539 3797 vel

367 3842 502 3899 aurei
526 3840 851 3909 reddantur,
868 3834 1003 3898 licet
1022 3850 1274 3917 tempore
1304 3841 1486 3899 mutui
1513 3858 1615 3897 eos
1642 3857 1772 3895 esse
1800 3838 1953 3915 paris
1980 3837 2188 3897 valoris
2208 3830 2531 3917 contin'gatt

369 3954 483 3996 nam
505 3959 657 3998 onus
686 3948 778 3997 est
803 3950 1088 3997 monetam
1116 3940 1344 3997 alterius
1379 3938 1595 4015 speciei
1633 3936 1867 3995 reddere
1908 3931 2166 3994 debere.⁴
2246 3937 2537 3998 Caeterum

367 4033 507 4113 leges
531 4048 740 4098 nostrae
769 4039 1004 4114 exigunt
1028 4048 1091 4095 ut
1116 4058 1194 4095 aes
1221 4056 1391 4095 omne
1421 4039 1667 4096 alienum
1709 4037 1961 4095 solvatur
1985 4055 2121 4095 auro
2154 4038 2243 4095 vel
2283 4050 2537 4115 argentO,

367 4133 412 4189 si
434 4136 504 4193 ita
531 4136 780 4213 postulet
803 4136 1086 4203 creditor;
1117 4145 1461 4213 quapropter
1487 4136 1699 4208 absque
1728 4135 1843 4194 ullo
1872 4146 2036 4212 pacto
2055 4136 2153 4213 jus
2176 4130 2315 4195 illud
2337 4156 2539 4197 conue-

373 4233 576 4301 quitur:
619 4234 723 4292 sed
750 4235 1025 4311 injustum
1053 4235 1222 4311 plane
1250 4234 1394 4292 foret
1433 4245 1655 4322 mutuas
1697 4232 1827 4291 dare
1880 4234 2161 4293 chartulas
2194 4237 2539 4294 nummarias

437 4434 515 4500 (l)
553 4435 606 4483 S.
629 4435 932 4500 Alpheum,
966 4436 1000 4483 l.
1021 4435 1092 4484 iii.
1113 4450 1166 4484 n.
1190 4439 1306 4484 77¹7.
1643 4438 1723 4502 (2)
1762 4434 1960 4496 Ibidem,
1983 4452 2035 4486 n.
2055 4437 2169 4486 779.

439 4518 517 4583 (3)
555 4522 602 4566 2·
625 4522 672 4567 2·
696 4534 780 4582 qu.
802 4518 992 4569 lxxviii.
1014 4525 1100 4567 art.
1121 4518 1171 4568 ii.
1193 4518 1269 4568 ad.
1291 4520 1342 4568 4.
1647 4522 1733 4585 (4)
1772 4520 1827 4568 S.
1848 4520 2148 4582 Alphonsus,
2170 4517 2203 4565 ι.
2224 4516 2292 4564 iii.
2314 4530 2365 4563 n.
2390 4517 2505 4562 782.
