3117 5217
955 1359 1617 1436 TRACTATUS
1672 1363 1889 1436 XIV.

1111 1612 1234 1674 DE
1293 1613 1761 1677 CENSURIS.

1252 2067 1538 2128 CAPUT
1580 2072 1630 2129 1.

813 2287 890 2326 DE
931 2285 1240 2326 ECGLBSIAE
1283 2285 1634 2326 PoTEsTA‘rss
1673 2288 2042 2328 sumcmua.

905 2455 958 2528 §.
986 2455 1036 2512 1.
1120 2454 1218 2512 DE
1247 2472 1598 2513 Po'rns'rarr.
1625 2476 1972 2515 mmmmm.

493 2541 520 2553 ⁸-

414 2628 470 2680 1.
515 2622 840 2694 Antequam
867 2621 940 2678 de
967 2623 1226 2680 censuris
1255 2641 1517 2698 agarum,
1547 2633 1779 2698 praestat
1814 2624 1885 2680 de
1917 2625 2219 2702 judiciaria
2246 2625 2529 2682 Ecclesiae

327 2731 612 2799 potestate
645 2739 828 2796 pauca
851 2719 1077 2789 dicere3
1121 2739 1300 2793 quum
1343 2722 1498 2780 enim
1537 2741 1903 2780 censurarum
1944 2723 2174 2780 nomine
2215 2725 2533 2801 intelligan-

328 2834 422 2880 tur
449 2839 636 2896 poenae
661 2818 1032 2876 medicinales
1071 2820 1140 2877 ab
1173 2819 1452 2898 Ecclesiae
1495 2822 1831 2896 praesulibus
1871 2822 2129 2898 irrogatae
2156 2821 2533 2895 delinquenti·

329 2922 463 2986 bus,
494 2929 744 2995 potestas
779 2921 906 2994 ipsa
931 2937 1046 2990 qua
1072 2918 1324 2976 feruntur
1347 2919 1688 2978 vindicanda
1726 2930 1833 2978 est.
1917 2919 2208 2994 Equidem
2250 2921 2531 2979 Ecclesiae

330 3022 526 3078 inesse
553 3025 889 3094 potestatem
915 3018 1072 3094 leges
1097 3015 1336 3083 ferendi,
1360 3017 1498 3074 alias
1525 3019 1923 3094 probavimus:
1960 3016 2105 3076 ¹haec
2133 3028 2317 3078 autem
2350 3021 2535 3078 inanis

334 3119 504 3184 foret,
535 3118 586 3174 si
613 3133 842 3190 poenam
872 3115 1121 3189 aliquam
1146 3117 1394 3192 irrogare
1415 3130 1532 3172 non
1558 3126 1755 3192 posset
1772 3137 1870 3176 eas
1898 3119 2273 3186 violantibus;
2304 3119 2535 3176 deesset

335 3217 495 3275 enim
541 3216 784 3281 sanctio,
823 3232 950 3286 quae
988 3214 1104 3290 legi
1144 3215 1303 3272 omni
1347 3214 1675 3273 adnectatur
1714 3235 1951 3276 necesse
1992 3229 2099 3280 est.
2184 3217 2537 3276 potestatem

336 3317 508 3373 etiam
539 3313 823 3391 plectendi
862 3313 1087 3380 delicta,
1119 3328 1245 3386 quae
1285 3314 1344 3370 in
1385 3313 1623 3374 aliorum
1664 3317 1876 3375 cedunt
1916 3317 2209 3384 damnum,
2252 3318 2535 3376 Ecclesiae

335 3423 664 3489 competere
689 3411 942 3470 dubitare
969 3430 1084 3472 non
1111 3413 1337 3488 poterit,
1357 3413 1458 3484 qui
1475 3414 1753 3471 rationem
1782 3433 1815 3470 a
1842 3415 2083 3472 Christo
2112 3414 2365 3472 Domino
2393 3435 2535 3490 prae-

337 3514 608 3589 scriptam
637 3513 698 3568 in
723 3509 1139 3588 prosequendis
1165 3511 1390 3588 injuriis
1415 3511 1753 3569 servandam
1780 3511 1929 3570 serie
1958 3511 2341 3588 perpenderit.
2402 3523 2441 3547 “
2464 3507 2531 3569 Si

339 3611 660 3688 peccaverit
685 3611 744 3668 in
783 3619 838 3666 te
865 3609 1032 3667 frater
1069 3620 1220 3678 tuus,
1262 3608 1403 3666 vade
1429 3619 1488 3666 et
1526 3610 1749 3684 corripe
1792 3628 1923 3668 eum
1966 3611 2113 3666 inter
2152 3620 2207 3667 te
2250 3621 2305 3666 et
2339 3612 2533 3686 ipsum

339 3709 572 3768 solum:
615 3710 748 3767 site
775 3708 1036 3775 audierit,
1061 3707 1312 3766 lucratus
1337 3709 1450 3766 eris
1492 3707 1721 3765 fratrem
1748 3717 1927 3766 tuum.
2012 3707 2078 3764 Si
2106 3719 2293 3765 autem
2335 3719 2390 3765 te
2417 3725 2537 3766 non

343 3809 608 3876 audierit,
635 3808 842 3866 adhibe
869 3818 1057 3866 tecum
1087 3807 1272 3866 adhuc
1307 3825 1508 3874 unum,
1536 3806 1632 3864 vel
1659 3805 1825 3874 duca,
1854 3816 1917 3866 ut
1942 3809 1999 3866 in
2030 3806 2420 3873 oreduorum,
2450 3806 2543 3862 vel

341 3908 510 3966 trium
557 3909 808 3974 testium,
829 3914 940 3964 stet
983 3924 1158 3964 omne
1195 3907 1453 3964 verbum.
1537 3905 1709 3972 Quod
1748 3906 1799 3962 si
1840 3925 1955 3965 non
2003 3905 2241 3965 audierit
2278 3923 2401 3972 οοε,
2445 3905 2539 3962 dic
2600 3949 2605 3953 .

341 4007 659 4065 Ecclesiae:
700 4007 752 4063 si
778 4015 965 4064 autem
990 4005 1316 4064 Ecclesiam
1345 4024 1464 4064 non
1503 4004 1765 4072 audierit,
1796 4006 1870 4063 sit
1894 4007 1995 4064 tibi
2022 4006 2171 4062 sicut
2194 4005 2458 4064 ethnicus
2482 4013 2539 4062 et

338 4106 703 4181 publicanus.
786 4105 976 4164 Amen
1003 4103 1133 4162 dico
1158 4105 1354 4164 vobis:
1398 4113 1779 4178 quaecumque
1820 4103 2192 4181 alligaveritis
2232 4122 2408 4180 super
2433 4113 2542 4160 ter·

343 4224 488 4272 ram,
517 4213 682 4262 erunt
707 4203 878 4280 ligata
916 4204 1058 4260 etin
1086 4197 1269 4262 coeld:
1312 4214 1371 4262 et
1394 4221 1773 4278 quaecumque
1801 4203 2085 4262 solveritis
2117 4221 2291 4279 super
2317 4214 2540 4267 terram,

345 4312 512 4360 erunt
535 4302 722 4363 soluta
748 4311 804 4359 et
829 4304 890 4360 in
917 4294 1168 4360 coelo.”¹
1231 4302 1348 4362 Hic
1376 4303 1544 4378 plane
1573 4302 1819 4376 querelae
1846 4303 2363 4374 controversiisque
2389 4301 2537 4356 inter

417 4505 506 4569 (l)
545 4502 658 4552 Vol.
679 4501 711 4552 i.
735 4500 898 4554 Tmct.
918 4503 990 4553 iv,
1012 4505 1072 4554 de
1096 4502 1215 4566 Leg.
1238 4503 1374 4554 Eccl.
1398 4521 1441 4589 c:
1462 4505 1496 4555 i.
1519 4513 1570 4554 et
1586 4522 1633 4553 v.
1944 4507 2031 4570 (2)
2074 4503 2213 4552 Matt-
2228 4500 2364 4550 xviii.
2395 4503 2471 4546 15.
