3117 5217
502 536 614 591 192
1286 532 1400 591 DE
1444 530 1913 591 MONTIBUS.

585 704 718 758 113.
775 700 1072 757 Tenentur
1113 718 1325 757 mensae
1369 710 1619 758 rectores
1658 700 1729 758 ad
1774 699 2153 775 chirographa
2202 717 2308 757 sua
2350 699 2685 758 redimenda

497 818 633 858 auro
661 799 753 855 vel
780 808 1046 875 argento:
1091 816 1244 875 saepe
1289 808 1474 857 autem
1521 800 1805 875 contingit
1844 798 1919 857 ob
1958 798 2205 874 plurima
2231 800 2443 857 emissa
2470 798 2529 856 id
2554 799 2678 855 fieri

498 918 614 957 non
659 916 853 974 posse,
897 908 1244 973 quapropter
1293 899 1607 976 suspensio
1648 897 1981 975 hujusmodi
2018 899 2255 957 rationis
2294 897 2554 957 solvendi
2594 897 2677 953 fit.

496 1000 736 1065 Quoties
763 996 822 1054 id
849 997 1056 1055 factum
1087 1006 1175 1054 est
1199 1016 1274 1055 ex
1299 1016 1371 1055 eo
1401 998 1552 1069 quod
1581 998 1795 1055 limites
1826 997 2005 1073 alege
2030 1006 2269 1055 statutos
2290 996 2679 1073 praeterierint,

496 1098 672 1155 nimia
698 1095 1205 1172 chirographorum
1231 1097 1560 1163 emissione,
1589 1097 1861 1172 injustitia
1900 1094 2225 1163 admittitur,
2254 1115 2430 1169 quum
2456 1095 2680 1153 nummi

497 1196 654 1253 valor
699 1214 812 1252 una
859 1214 986 1253 cum
1041 1195 1154 1253 fide
1209 1214 1421 1253 mensae
1469 1196 1774 1254 minuatur.
1860 1196 1975 1263 Qui
2018 1196 2189 1271 igitur
2226 1194 2379 1271 apud
2418 1210 2676 1252 mensam

497 1313 714 1362 aurum,
758 1295 846 1351 vel
895 1304 1209 1369 argentum,
1265 1295 1356 1352 vel
1396 1295 1779 1371 chirographa
1818 1295 1972 1370 paris
2014 1294 2219 1352 valoris
2268 1294 2673 1369 deposuerunt,

497 1392 768 1450 damnum
795 1411 964 1469 grave
993 1394 1298 1469 patiuntur,
1327 1394 1720 1471 chirographis
1747 1412 1873 1467 quae
1901 1394 2091 1451 minus
2108 1394 2299 1451 valent
2321 1393 2392 1450 iis
2419 1391 2673 1451 redditis.

585 1495 716 1549 114.
763 1491 879 1558 Qui
907 1494 1150 1568 pecunia
1177 1491 1436 1567 deposita
1461 1504 1693 1551 utuntur
1712 1493 1780 1551 ad
1804 1512 1935 1549 suas
1956 1493 2223 1550 utilitates
2240 1491 2675 1567 promovendae,

499 1592 590 1649 vel
619 1592 871 1649 actiones
899 1591 960 1647 in
987 1592 1186 1650 alienis
1214 1593 1430 1649 mensis
1475 1592 1741 1660 emendo,
1783 1592 1875 1649 vel
1920 1592 2035 1649 alio
2077 1603 2445 1665 quocumque
2486 1600 2673 1667 pacto,

498 1700 700 1766 praeter
741 1709 869 1748 eam
916 1692 1192 1748 rationem
1236 1709 1408 1762 quam
1444 1709 1659 1748 mensae
1702 1692 1861 1769 leges
1902 1690 2221 1759 admittunt,
2262 1700 2519 1767 peccant,
2548 1688 2681 1761 quia

496 1788 704 1847 fiducia
730 1788 1071 1847 creditorum
1101 1788 1192 1846 vel
1217 1791 1507 1847 sociorum
1535 1808 1748 1847 mensae
1776 1791 2095 1856 abutuntur,
2142 1799 2199 1847 et
2236 1807 2447 1865 magno
2472 1807 2534 1845 se
2562 1786 2675 1845 dis-

497 1889 721 1945 crimini
750 1888 1026 1963 objiciunt
1049 1888 1320 1946 damnum
1349 1888 1747 1963 gravissimum
1777 1890 1847 1947 iis
1874 1888 2171 1946 inferendi.
2256 1887 2545 1961 Equidem
2568 1896 2681 1943 tota

497 2006 621 2058 quae
663 2004 843 2061 penes
895 2001 1154 2043 mensam
1199 1996 1286 2043 est
1332 1986 1572 2061 pecunia
1618 1998 1705 2045 est
1756 1988 1829 2044 ita
1877 1985 2279 2063 impendenda,
2326 1997 2389 2044 ut
2432 1984 2675 2062 negotiis

495 2085 765 2160 legitimis
813 2094 1080 2161 augeatur
1127 2104 1218 2141 res
1265 2087 1592 2143 communis
1636 2105 1767 2143 cum
1806 2089 2094 2145 sociorum
2145 2088 2337 2145 lucro:
2398 2088 2679 2143 subtracta

500 2186 671 2261 igitur
698 2185 962 2259 pecunia,
993 2184 1253 2256 quaedam
1280 2186 1488 2261 injuria
1527 2186 1618 2242 his
1645 2186 1728 2252 fit,
1758 2195 1814 2242 et
1853 2187 2124 2262 gravioris
2160 2186 2484 2244 detrimenti
2510 2200 2679 2240 causa

501 2293 712 2340 temere
741 2284 984 2358 ponitur.
1004 2264 1070 2320 9
1551 2341 1560 2351 ,
1708 2342 1715 2349 ,

585 2386 719 2438 115.
762 2381 976 2439 Praeter
1027 2392 1249 2447 montes
1301 2382 1406 2440 hos
1461 2384 1731 2459 profanos
1777 2385 1835 2441 in
1888 2385 2096 2457 quibus
2136 2384 2377 2441 societas
2418 2381 2677 2455 quoedam

497 2481 688 2547 initur,
711 2492 798 2537 est
814 2500 940 2537 arca
958 2478 1247 2553 quaedam¹
1268 2483 1324 2539 in
1343 2483 1631 2557 plerisque
1656 2484 1909 2552 urbibus,
1938 2484 1997 2541 in
2020 2502 2190 2556 quam
2219 2484 2457 2559 opifices
2485 2479 2682 2538 famuli

501 2579 707 2651 aliique
753 2581 1052 2656 pecuniam
1097 2581 1414 2648 conferunt,
1458 2580 1744 2640 modicam
1798 2582 2083 2654 quandam
2133 2600 2385 2648 usuram,
2440 2590 2681 2653 quatuor

499 2679 718 2736 scilicet
743 2698 846 2755 pro
871 2690 1100 2737 centum
1143 2681 1412 2746 nummiS,
1460 2679 1594 2737 inde
1638 2679 1961 2739 derivaturi.
2045 2681 2301 2739 Pecunia
2339 2682 2423 2738 sic
2450 2679 2685 2735 collecta

501 2776 851 2853 impenditur
895 2798 930 2834 a
973 2790 1122 2835 coetu
1162 2778 1410 2835 virorum
1451 2779 1550 2850 qui
1591 2781 1845 2837 actiones
1886 2790 2164 2845 emerunt,
2217 2781 2311 2837 vel
2349 2780 2681 2838 societatem

499 2878 767 2943 inierunt,
829 2877 1014 2934 instar
1062 2876 1300 2934 aliarum
1351 2895 1681 2936 mensarum
1736 2881 2204 2945 nunimariarum‚
2272 2880 2485 2951 quique
2550 2894 2677 2933 eam

501 2984 753 3031 mutuam
807 2973 959 3043 dant,
1015 2975 1344 3051 hypotheca
1387 2975 1448 3031 in
1490 2976 1641 3033 bona
1692 2978 2009 3035 immobilia
2072 2988 2320 3053 accepta,
2387 2978 2476 3033 vel
2544 2976 2681 3031 alias

497 3075 718 3130 lucrum
783 3072 916 3131 inde
983 3083 1258 3159 quaerunt.
1366 3074 1488 3131 Sex
1541 3076 1771 3147 quidem
1828 3078 2048 3134 nummi
2099 3096 2203 3152 pro
2254 3088 2481 3134 centum
2540 3074 2680 3130 reci-

503 3174 745 3247 piuntur¹
785 3173 854 3230 ab
905 3191 1048 3229 arcae
1100 3172 1448 3229 curatoribus
1507 3176 1606 3246 qui
1671 3176 1975 3251 pecuniam
2038 3176 2148 3233 sibi
2211 3175 2485 3233 creditam
2549 3174 2685 3231 dant

416 3285 422 3291 ‘
501 3281 796 3336 mutuam;
852 3281 1092 3343 quatuor
1135 3270 1498 3329 collatoribus
1539 3272 1781 3341 dantur3
1850 3274 2073 3333 duobus
2136 3275 2196 3331 in
2261 3276 2573 3351 impensaS,
2626 3283 2683 3329 et

502 3370 710 3427 damna
753 3369 1024 3441 quaelibet
1062 3370 1312 3427 retentis,
1397 3371 1592 3437 Quum
1632 3372 1888 3449 plerique
1928 3374 2025 3445 qui
2064 3376 2369 3449 pecuniam
2396 3375 2480 3430 sic
2508 3372 2683 3447 depo·

503 3479 644 3539 nunt
670 3469 878 3527 nullam
907 3469 1072 3526 aliam
1116 3470 1360 3527 habeant
1397 3470 1653 3529 lucrandi
1692 3491 1767 3531 ex
1810 3483 1877 3529 ea
1902 3474 2200 3538 rationem,
2230 3472 2469 3531 dubitari
2497 3481 2684 3546 potest

503 3578 691 3626 utrum
719 3569 886 3625 liceat
912 3588 1142 3629 usuram
1169 3569 1324 3626 illam
1355 3565 1640 3628 modicam
1668 3571 1947 3648 accipere,
1990 3590 2095 3630 nec
2134 3572 2287 3632 enim
2330 3573 2572 3629 societas
2612 3571 2683 3626 ab

501 3670 574 3725 iis
597 3668 786 3735 initur,
816 3679 1030 3732 certum
1061 3669 1274 3744 quippe
1308 3668 1405 3743 jus
1434 3670 1697 3737 retinent,
1726 3672 1783 3728 in
1810 3671 1969 3727 omni
1993 3690 2187 3737 rerum
2210 3682 2436 3738 eventu,
2466 3681 2680 3727 sortem

405 3820 413 3824 .
503 3786 634 3823 cum
669 3784 839 3823 usura
878 3766 1192 3843 repetendi.
1275 3766 1450 3843 Legis
1493 3770 1655 3826 titulo
1700 3769 1951 3827 admisso
1998 3770 2165 3828 facile
2206 3772 2519 3829 vindicatur
2559 3769 2681 3825 haec

504 3863 707 3941 agendi
735 3866 875 3921 ratio
899 3885 914 3932 ;
943 3882 1069 3937 quae
1097 3866 1352 3937 alioquin
1377 3885 1611 3943 magnas
1634 3866 1797 3924 affert
1814 3868 2077 3933 utilitates
2092 3869 2414 3949 opificibus,
2432 3866 2681 3933 famulis,

505 3963 746 4047 aliisque
773 3964 1275 4030 minus-divitibus,
1305 3982 1549 4036 quorum
1576 3968 1820 4042 pecunia
1844 3976 2207 4027 conservatur
2244 3978 2301 4025 et
2344 3976 2594 4043 augetur,
2622 3974 2687 4023 ut

507 4069 772 4127 senectae,
800 4070 858 4117 et
881 4062 1188 4119 valetudini
1216 4061 1435 4120 afflictae
1463 4055 1822 4123 consulatur.’
1893 4066 1984 4123 De
2012 4068 2293 4126 similibus
2322 4068 2463 4123 arcis
2484 4082 2683 4122 mone-

507 4160 884 4232 talibus„quae
925 4161 982 4216 in
1033 4160 1236 4218 Galliis
1277 4162 1572 4238 habentur,
1616 4165 1680 4221 S.
1725 4166 2149 4224 Poenitentiaria
2188 4168 2541 4241 interrogata,
2586 4182 2686 4220 eas

505 4259 873 4335 approbavit:
917 4258 1018 4315 sed
1045 4278 1157 4317 non
1185 4271 1405 4318 constat
1429 4281 1526 4319 eas
1553 4263 1813 4340 ejusdem
1841 4284 2073 4339 prorsus
2099 4266 2325 4341 generis
2364 4282 2512 4330 esse,
2556 4280 2683 4319 sors

504 4359 718 4433 quippe
745 4358 803 4414 in
831 4358 900 4414 iis
929 4359 1163 4417 alienari
1197 4359 1420 4416 dicitur.
1455 4412 1459 4414 .
2462 4374 2468 4381 '

1159 4500 1241 4564 (1)
1283 4498 1478 4565 Saving
1489 4496 1660 4565 stands
1686 4502 1997 4553 Institution.
