3117 5217
999 562 1115 622 DE
1155 560 1687 633 JUDIOIORUM
1728 558 2075 619 ORDINE.
2512 559 2631 615 347

449 726 754 800 aliquando
769 726 1128 805 positiones,
1143 745 1248 786 seu
1263 726 1733 802 interrogationes
1750 734 2163 801 proponuntur,
2182 723 2387 796 quibus
2405 722 2628 799 juratus

448 826 794 903 respondere
839 825 1042 884 debet:
1085 827 1444 885 confessione
1467 825 1791 895 deficiente,
1812 824 2151 883 adhibentur
2176 832 2371 881 testes.
2442 821 2630 879 Unius

451 928 610 985 testis
633 925 780 983 fides
800 934 916 983 tuta
935 926 1092 985 nulla
1117 935 1222 995 est,
1251 926 1615 999 quantumvis
1642 926 1771 1002 ipse
1794 923 1908 983 fide
1934 924 2013 981 sit
2048 916 2307 1001 dignus.¹
2390 924 2633 983 Notario

400 1011 406 1015 ⁵
451 1036 642 1085 tamen
669 1026 896 1101 testanti
921 1025 994 1085 de
1035 1027 1130 1093 iis,
1157 1044 1284 1097 quae
1309 1026 1399 1083 sui
1439 1024 1619 1083 officii
1658 1034 1831 1092 sunt3
1876 1025 2149 1100 episcopo
2186 1024 2381 1091 etiam,
2420 1024 2631 1081 litteras

451 1126 642 1203 sigillo
667 1144 776 1183 suo
803 1126 1048 1183 munitas
1075 1124 1230 1183 danti
1252 1145 1269 1193 3
1311 1134 1368 1183 et
1393 1125 1667 1200 parocho,
1696 1126 1971 1201 scriptum
2013 1123 2401 1181 testimonium
2428 1122 2499 1179 de
2524 1122 2641 1179 vita

453 1244 687 1285 suorum
715 1226 1024 1300 praestanti,
1052 1225 1254 1283 merito
1279 1223 1544 1281 creditur.
1629 1223 1765 1281 Duo
1804 1222 2025 1290 saltem,
2055 1222 2148 1279 vel
2174 1232 2287 1279 tres
2316 1232 2489 1279 testes
2516 1222 2636 1297 ple-

451 1342 694 1397 rumque
723 1316 1114 1399 probationem
1143 1324 1368 1399 plenam
1396 1322 1671 1390 efficiunt,
1698 1324 1749 1381 si
1772 1324 1891 1380 sint
1914 1320 2083 1380 omni
2128 1321 2469 1398 exceptione
2511 1338 2637 1378 ma-

439 1422 634 1501 jores.
719 1424 789 1481 In
815 1421 1154 1494 quibusdam
1181 1432 1372 1481 tamen
1399 1422 1667 1499 negotiis,
1694 1422 1791 1487 ubi
1816 1420 1887 1479 de
1915 1420 2175 1497 personis
2202 1420 2471 1496 dignitate
2500 1438 2633 1478 con-

457 1520 672 1598 spicuis
699 1523 902 1599 agitur,
933 1522 1124 1598 plures
1143 1516 1502 1595 requiruntur
1528 1520 1757 1579 arbitrio
1774 1520 2009 1597 judicis.
2095 1520 2155 1576 N
2159 1538 2191 1575 e
2220 1519 2637 1576 accusationem

459 1619 688 1693 quidem
733 1620 1006 1679 adversus
1049 1623 1448 1697 presbyterum
1502 1618 1902 1695 excipiendam
1942 1619 2133 1676 sanxit
2170 1618 2484 1695 Apostolus
2524 1617 2637 1675 nisi

459 1718 684 1777 duobus
711 1729 806 1778 aut
832 1720 1004 1778 tribus
1033 1720 1362 1779 testantibus
1385 1740 1400 1778 ε
1432 1727 1471 1757 “
1489 1718 1783 1777 Adversus
1800 1719 2197 1795 presbyterum
2224 1717 2640 1775 accusationem

457 1818 574 1877 noli
601 1820 874 1895 recipere,
903 1818 1016 1877 nisi
1043 1821 1148 1877 sub
1173 1818 1418 1887 duobus,
1449 1827 1544 1875 aut
1568 1819 1745 1876 tribus
1774 1808 2111 1875 testibus.”²
2191 1817 2420 1882 Testes,
2450 1816 2548 1887 qui
2576 1832 2637 1871 se

457 1918 806 1985 subtrahunt,
835 1936 1038 1994 cogere
1065 1936 1183 1977 non
1207 1918 1506 1977 consuevit
1523 1917 1791 1975 Ecclesia
1816 1915 1889 1974 ad
1914 1916 2210 1975 serendum
2232 1915 2637 1981 testimonium,

455 2017 568 2075 nisi
595 2018 708 2075 alia
733 2017 882 2074 desit
907 2018 1194 2091 probatio}
1225 2027 1360 2077 tunc
1381 2016 1532 2075 enim
1551 2017 1952 2093 suspensionis
1978 2016 2151 2073 minis
2178 2015 2391 2080 clerici,
2408 2031 2639 2071 excom·

455 2116 852 2175 municationis
883 2125 1036 2172 metu
1066 2116 1199 2174 laici
1221 2116 1440 2193 impelli
1461 2109 1755 2191 possunt.³
1808 2116 2019 2173 Testes
2039 2115 2217 2191 jurati
2239 2113 2396 2185 loqui
2412 2113 2639 2179 debent,

457 2208 714 2290 exceptis
740 2214 1052 2290 episcopie,
1083 2215 1288 2288 quibus
1329 2213 1440 2272 fide
1481 2233 1587 2273 sua
1624 2215 1889 2290 praestita,
1932 2214 2241 2289 propositis
2284 2212 2639 2287 Evangeliis,

401 2297 406 2301 ’
457 2308 752 2373 creditur.¹⁴
839 2298 1204 2391 Singularee
1251 2324 1446 2381 testes,
1473 2314 1546 2371 de
1588 2312 1829 2372 diversis
1886 2314 2107 2370 scilicet
2158 2323 2215 2369 et
2260 2310 2641 2387 singularibus

459 2412 696 2480 actibuS‚
728 2422 844 2470 non
871 2423 1004 2471 sunt
1023 2413 1374 2479 admittendi,
1403 2414 1536 2485 quia
1563 2422 1695 2470 tunc
1720 2412 1933 2489 singuli
1962 2422 2120 2470 actus
2142 2412 2459 2488 probantur·
2472 2410 2643 2467 unlus

456 2521 671 2569 tantum
701 2505 1082 2572 testimonio.⁵
1139 2512 1353 2571 duriti
1381 2521 1573 2578 testes,
1589 2513 1701 2583 ‘qui
1726 2528 1849 2569 rem
1874 2530 1955 2569 ex
1976 2511 2213 2569 aliorum
2236 2510 2525 2577 relatione,
2549 2519 2645 2565 aut

455 2610 607 2669 fama
631 2612 926 2670 communi
951 2622 1176 2681 norunt,
1198 2631 1313 2670 non
1341 2610 1725 2687 excipiuntur,
1754 2610 1866 2667 nisi
1894 2618 2091 2686 agatur
2114 2608 2187 2666 de
2206 2628 2289 2676 re,
2308 2627 2433 2680 quae
2461 2606 2644 2665 homi-

459 2726 598 2768 num
625 2712 964 2769 memoriam
989 2720 1238 2787 superat,
1269 2711 1357 2768 vel
1385 2708 1456 2767 de
1497 2710 2007 2785 consanguinitate,
2050 2708 2240 2767 aliave*
2265 2726 2327 2775 re
2354 2726 2483 2779 quae
2510 2724 2644 2763 ocu-

453 2808 582 2867 latis
611 2809 846 2867 testibus
872 2809 1098 2885 probari
1119 2810 1436 2869 nullatenus
1457 2800 1693 2885 potest.⁶
1731 2807 1981 2875 Furiosi‚
2004 2816 2279 2871 amentes,
2300 2806 2643 2883 impuberes,

457 2906 626 2973 servi,
657 2908 892 2983 perjuri,
920 2906 1184 2977 infames,
1215 2918 1387 2965 testes
1413 2926 1542 2965 esse
1582 2916 1891 2980 nequeunt.
1972 2905 2045 2965 In
2083 2905 2433 2983 gravioribus
2459 2913 2648 2961 tamen

457 3005 794 3063 criminibus
819 3006 968 3064 laesae
995 3008 1326 3083 majestatis,
1347 3016 1406 3063 et
1423 2996 1707 3075 simoniae,
1736 3005 1979 3064 infames
2004 3004 2395 3074 testimonium
2420 3002 2641 3069 feruut3

459 3104 608 3161 sicut
631 3113 690 3163 et
714 3106 1002 3174 muliereS,
1031 3125 1158 3179 quae
1189 3107 1528 3183 plerumque
1568 3107 1628 3165 in
1672 3106 1857 3163 causis
1902 3104 2289 3164 criminalibus
2332 3102 2523 3161 testari
2550 3118 2645 3157 ne-

460 3213 692 3273 queunt.
777 3205 1058 3263 Patronus
1087 3216 1145 3263 et
1183 3206 1488 3265 advocatus
1515 3224 1635 3264 non
1670 3214 1911 3281 possunt
1948 3204 2141 3262 testari
2168 3204 2225 3261 in
2252 3220 2453 3269 causa,
2474 3218 2647 3274 quam

457 3299 788 3373 defendunt,
817 3322 924 3363 nec
941 3304 1126 3383 judex
1154 3306 1213 3364 in
1239 3322 1430 3375 causa,
1469 3324 1642 3377 quam
1674 3304 1927 3381 judicat;
1970 3322 2079 3363 nec
2104 3303 2307 3379 aliquis
2336 3304 2395 3362 in
2422 3300 2651 3377 propria

457 3396 679 3459 causa.⁷
758 3402 885 3463 Pro
918 3404 1096 3463 certis
1115 3404 1398 3483 personis
1425 3405 1980 3463 ferre·testimonium
2020 3410 2331 3475 nequeunt,
2355 3389 2473 3473 'qui
2508 3409 2643 3458 sunt

455 3497 526 3557 de
553 3500 746 3569 dome,
777 3521 880 3561 seu
905 3503 1142 3571 familia,
1171 3505 1283 3561 nisi
1309 3504 1424 3561 sint
1443 3512 1707 3580 spectatae
1736 3503 2051 3578 probitatis,
2070 3500 2162 3558 vel
2188 3500 2302 3558 nisi
2329 3500 2388 3556 in
2420 3507 2640 3557 contro-

456 3600 699 3657 versiam
725 3601 900 3667 venit,
930 3601 1082 3674 quod
1111 3602 1248 3660 alias
1275 3603 1502 3677 probari
1528 3619 1645 3659 non
1673 3610 1893 3677 potestz
1936 3620 1971 3656 v
1996 3620 2011 3656 ε
2056 3619 2127 3676 g:
2167 3600 2221 3655 vsi
2262 3606 2541 3670 quaeratur
2567 3596 2651 3653 de
2670 3612 2677 3617 ·
2699 3591 2711 3601 ”

333 3690 350 3727 '·
457 3698 814 3772 cognatione,
841 3699 1114 3778 legitimis
1140 3700 1440 3769 natalibus,
1469 3708 1651 3763 aetate.
1736 3699 1865 3757 Nec
1892 3714 2091 3757 eorum
2118 3696 2526 3775 excipiendum
2554 3707 2643 3753 est

459 3797 869 3867 testimonium,
917 3817 1160 3873 quorum
1197 3797 1480 3876 judicium
1525 3797 1669 3857 illud
1715 3792 1997 3856 interest.⁸
2074 3794 2288 3854 Clerici
2333 3796 2401 3861 vin
2454 3795 2641 3852 causis

457 3895 708 3971 profanis
757 3916 878 3957 non
927 3898 1135 3957 debent
1183 3900 1396 3965 testari,
1457 3899 1676 3971 absque
1724 3898 1988 3975 episcopi
2040 3897 2227 3955 venia.
2330 3894 2644 3953 Adversus

537 4080 624 4145 (1)
664 4078 726 4127 C.
747 4093 798 4128 x.
822 4084 872 4126 et
884 4076 1063 4127 xxviii.
1083 4076 1144 4127 de
1165 4075 1386 4129 testibus.
1968 4076 2055 4140 (2)
2092 4074 2131 4122 Ι.
2155 4074 2287 4135 Tim,
2309 4090 2355 4122 v.
2384 4074 2461 4121 19.

431 4174 438 4180 '
540 4165 625 4231 (3)
665 4164 790 4228 Gap
811 4165 844 4213 i.
866 4162 921 4213 ii.
939 4164 1009 4213 iii.
1025 4180 1072 4213 V.
1093 4164 1162 4213 ix.
1179 4162 1240 4214 de
1260 4162 1466 4213 testibus
1487 4162 1737 4229 cogendis.
1962 4162 2046 4226 (4)
2085 4160 2137 4217 N
2140 4160 2261 4210 ovel.
2278 4160 2445 4209 cxxiii.
2471 4164 2520 4209 7.

539 4252 621 4317 (5)
659 4250 784 4313 Cap.
804 4250 978 4299 xxxiii.
1001 4249 1060 4300 de
1084 4248 1306 4301 testibus.
1329 4264 1432 4312 cap.
1454 4247 1522 4296 ix.
1544 4246 1605 4299 de
1618 4245 1819 4315 probat.
1987 4261 1995 4270 ¹
2161 4251 2174 4262 ¹

537 4338 622 4403 (6)
663 4335 787 4399 Cap.
809 4350 856 4383 v.
877 4331 1028 4385 xxvii.
1047 4342 1098 4391 et
1117 4335 1252 4387 xlvii.
1275 4334 1332 4385 de
1355 4331 1576 4384 testibus.
1597 4349 1701 4397 cap.
1724 4333 1825 4382 xiii.
1846 4332 1907 4383 de
1918 4330 2120 4399 probat.

540 4424 626 4490 (⁷)
667 4421 794 4472 Gan.
811 4420 1014 4469 xxxviii.
1037 4436 1080 4470 c.
1102 4420 1160 4470 ii.
1180 4434 1262 4483 qu.
1284 4420 1348 4468 vi.
1369 4436 1476 4468 cmi.
1500 4419 1605 4469 icet
1626 4418 1663 4467 i.
1678 4434 1721 4467 c.
1739 4418 1805 4467 ἰν.
1828 4432 1910 4481 qu.
1934 4417 2002 4467 iv.
2020 4416 2080 4465 L.
2103 4417 2171 4465 ix.
2191 4416 2322 4464 eod.
2344 4414 2401 4465 de
2426 4412 2635 4465 testibus

529 4509 616 4575 (8)
655 4505 714 4557 L.
733 4506 764 4557 i.
787 4504 894 4556 cod.
915 4504 974 4557 de
995 4504 1214 4557 testibus.
1249 4503 1308 4553 L.
1333 4506 1381 4554 3.
1401 4502 1454 4553 ff.
1475 4502 1534 4555 de
1553 4502 1777 4557 testibus.
1810 4518 1917 4567 cap.
1938 4516 1992 4551 1.
2011 4516 2096 4550 xx.
2120 4500 2253 4549 xxiv.
2274 4498 2331 4549 de
2354 4496 2575 4549 testibus.
