3117 5217
1187 578 1300 638 DE
1343 578 1878 671 sAoRfflEefro.
2354 632 2360 639 .
2507 588 2627 643 243

439 746 740 803 istrorum:
783 743 990 804 deinde
1018 764 1087 802 ea
1112 743 1239 819 quie
1267 755 1402 803 sunt
1440 746 1703 823 deputata
1742 747 1813 805 ad
1847 748 2314 807 sustentationem
2340 751 2626 808 ministro-

439 862 586 911 rum,
615 846 735 902 sive
763 845 878 902 sint
902 844 1153 913 mobilia,
1202 846 1324 903 sive
1369 846 1701 903 immobilia.
1786 848 2153 920 Quicumque
2196 854 2386 906 autem
2430 858 2625 907 contra

439 942 836 1015 quodcumque
866 943 1265 1020 praedictorum
1286 953 1504 1019 peccat,
1534 946 1751 1003 crimen
1792 947 2076 1024 sacrilegii
2118 942 2450 1005 incurrit.'’¹
2531 947 2623 1005 De

440 1043 685 1115 peccatis
713 1061 1000 1100 sacrarum
1026 1061 1401 1118 personarum
1429 1043 1567 1107 dicit
1588 1063 1617 1099 :-
1656 1052 1883 1103 “omne
1928 1055 2224 1123 peccatum
2273 1046 2426 1119 quod
2468 1064 2627 1104 sacra

437 1158 684 1214 persona
729 1142 1048 1210 committit,
1093 1142 1456 1223 materiali-ter
1500 1142 1733 1213 quidem
1779 1153 1835 1200 et
1880 1146 2044 1217 quasi
2085 1164 2189 1220 per
2234 1145 2497 1203 accidens
2538 1155 2627 1203 est

436 1240 814 1316 sacrilegium.
900 1240 1070 1298 Unde
1099 1240 1500 1317 Hieronymus
1529 1240 1685 1307 dicit,
1717 1242 1865 1314 quod
1894 1262 2059 1321 nugae
2088 1244 2148 1301 in
2174 1262 2271 1301 ore
2317 1243 2625 1301 sacerdotis

437 1339 798 1414 sacrilegium
828 1348 960 1398 sunt
980 1340 1078 1397 vel
1102 1340 1476 1415 blasphemia.
1564 1340 1899 1399 Formaliter
1926 1353 2114 1401 autem
2142 1354 2198 1400 et
2223 1344 2453 1419 proprie
2482 1342 2623 1401 illud

439 1438 628 1495 solum
655 1448 954 1513 peccatum
981 1456 1154 1497 sacrae
1184 1457 1444 1516 personae
1475 1440 1837 1517 sacrilegium
1879 1451 1985 1510 est,
2016 1442 2171 1514 quod
2208 1442 2391 1518 agitur
2417 1442 2625 1500 directe

443 1545 636 1594 contra
663 1538 788 1613 ejus
816 1538 1164 1596 sanctitatem
1190 1558 1204 1594 ε
1251 1549 1406 1615 puta,
1435 1538 1484 1594 si
1513 1538 1693 1614 virgo,
1724 1539 1854 1597 Deo
1882 1539 2082 1608 dicata,
2111 1536 2519 1598 fornicetur-2⁹²

480 1638 577 1692 56.
604 1635 887 1712 TempuS,
903 1656 1018 1709 quo
1041 1639 1171 1709 quis
1182 1638 1455 1713 peccavit,
1472 1638 1755 1714 sacrilegii
1778 1639 1964 1697 labem
1984 1638 2273 1707 inducere,
2292 1638 2459 1715 Lugo
2481 1658 2612 1698 eum

437 1734 560 1792 aliis
589 1736 878 1811 plerisque
907 1747 1109 1813 negat:
1154 1737 1373 1811 exeipit
1416 1745 1605 1793 tamen
1654 1738 1717 1795 S.
1749 1737 2114 1813 Alphonsus:
2160 1738 2327 1796 “nisi
2356 1738 2617 1795 notabilis

435 1834 797 1893 irreverentia
823 1836 1101 1913 irrogetur
1125 1835 1300 1894 cultui
1327 1834 1544 1903 divim,
1574 1844 1635 1892 ut
1675 1837 1726 1893 si
1771 1838 1898 1910 quis
1934 1832 1993 1896 in
2040 1838 2131 1895 die
2160 1837 2406 1895 Veneris
2436 1836 2616 1894 sancti

433 1934 728 1992 exhiberet
753 1934 1084 2004 comoedias‚
1113 1934 1278 1993 ludos
1307 1927 1667 2011 publicOS.”³

639 2137 723 2200 (l)
761 2138 807 2183 2.
831 2138 878 2185 2.
901 2151 984 2199 qu.
1006 2135 1140 2189 xcix,
1158 2142 1244 2185 art.
1264 2135 1333 2184 iii.
1405 2127 1556 2201 Resp.
1762 2138 1847 2203 (2)
1885 2136 2085 2195 Ibidem,
2108 2134 2179 2203 qd
2196 2133 2416 2213 tertiaeqm.

817 2243 823 2247 -
1295 2220 1379 2285 (3)
1419 2219 1478 2268 L.
1501 2220 1568 2269 iii.
1591 2236 1640 2269 n.
1664 2222 1746 2268 46.
