3117 5217
524 577 603 633 74
856 571 971 632 DE
1016 569 1281 630 MODIS
1322 569 1857 639 ACQUIRENDI
1899 571 2370 632 DOMINIUM.

526 739 727 810 nequit
762 737 1147 798 haereditatem
1192 739 1486 816 accipere;
1528 736 1634 794 sed
1673 737 2076 796 constitutione
2103 739 2446 797 Americana
2485 749 2717 797 cavetur

524 857 599 897 ne
626 838 757 910 quis
778 845 1038 914 posteros
1064 855 1207 896 suos
1234 838 1371 894 vitio
1398 836 1640 895 inficere·
1663 845 1980 905 censeatur,
2003 837 2078 894 ob
2099 837 2253 909 quod
2279 838 2340 895 hi
2367 839 2486 896 suis
2513 839 2718 896 cadant

516 931 796 1014 juribus.¹
848 935 1075 995 Similia
1100 937 1460 1014 reperiuntur
1484 937 1543 992 in
1573 934 1784 994 charta
1811 933 2166 1020 Gallorum-²
2226 937 2420 996 Nemo
2440 938 2510 995 ab
2533 937 2709 994 haere-

524 1035 696 1096 ditate
724 1034 1016 1112 repellitur
1038 1037 1265 1114 legibus
1286 1035 1493 1093 nostris
1514 1043 1806 1107 tamquam
1827 1036 2128 1112 indignus:
2158 1035 2259 1093 sed
2281 1034 2710 1094 administrandi

524 1151 651 1194 eam
681 1133 915 1192 facultas
942 1153 1374 1208 nonnumquam
1402 1129 1694 1210 negatur.³

602 1237 702 1292 84.
746 1232 901 1291 Inter
926 1233 1179 1292 haeredes
1205 1235 1353 1292 bona
1376 1243 1511 1292 sunt
1536 1233 1828 1305 aequaliter
1853 1231 2259 1300 distribuenda,
2287 1233 2479 1290 habita
2517 1242 2708 1290 tamen

520 1333 739 1391 ratione
784 1349 983 1390 eorum
1024 1351 1152 1407 quae
1190 1353 1227 1390 a
1264 1331 1531 1390 defuncto
1570 1341 1882 1390 noscuntur
1927 1333 2252 1407 accepisse:
2307 1331 2516 1390 debent
2551 1332 2706 1389 enim

522 1432 715 1489 omnia
740 1432 801 1490 in
824 1449 1003 1491 unum
1028 1433 1203 1491 veluti
1228 1431 1505 1499 conferre,
1530 1440 1594 1488 ut
1619 1431 1884 1489 omnibus
1911 1450 2012 1507 par
2037 1431 2110 1489 sit
2129 1429 2470 1490 haereditatis
2499 1431 2705 1506 portio.

522 1529 591 1588 si
618 1531 787 1606 igitur
813 1539 973 1606 pater
996 1532 1127 1590 filiae
1152 1532 1455 1591 occasione
1483 1531 1808 1606 nuptiarum
1838 1547 2026 1606 agros,
2056 1530 2147 1587 vel
2173 1529 2398 1596 domos,
2427 1529 2519 1586 vel
2551 1549 2708 1605 mag-

522 1647 657 1688 nam
684 1631 865 1706 copiae
892 1631 1216 1706 pecuniam,
1244 1629 1569 1698 tradiderit;
1609 1629 1702 1686 vel
1727 1630 1775 1686 si
1817 1629 1936 1686 filio
1964 1627 2292 1705 hujusmodi
2331 1629 2484 1688 dona
2515 1637 2708 1686 contu-

518 1729 667 1794 lerit,
710 1739 772 1786 ut
814 1729 870 1786 ei
912 1729 1276 1804 provideret3
1319 1729 1419 1802 qui
1464 1727 1615 1804 apud
1656 1745 1788 1787 eum
1833 1733 2168 1785 manserunt
2209 1728 2335 1797 filii,
2372 1727 2528 1786 nullo
2555 1726 2706 1784 dono

522 1829 692 1893 aucti,
720 1827 951 1904 exigere
980 1837 1239 1902 possunt,
1278 1837 1343 1884 ut
1380 1845 1580 1885 eorum
1623 1826 1894 1884 habeatur
1929 1827 2076 1885 ratio
2115 1828 2174 1884 in
2216 1825 2541 1884 haereditate
2570 1825 2708 1882 divi·

520 1924 725 1983 denda.
810 1925 1087 1982 Poterunt
1136 1924 1367 1998 quidem
1417 1927 1515 1997 qui
1569 1943 1602 1982 a
1654 1935 1810 2001 patre
1852 1944 1919 1982 ea
1971 1939 2336 2001 acceperunt,
2385 1927 2544 1983 omni
2589 1924 2706 2000 juri

522 2022 916 2090 renuntiando,
946 2041 979 2079 a
1004 2022 1286 2082 divisione
1314 2023 1565 2082 ineunda
1591 2025 1908 2082 abstinere:
1940 2024 2093 2097 quod
2113 2027 2162 2084 si
2192 2024 2407 2098 aliquid
2433 2025 2578 2082 ultra
2596 2023 2705 2080 sibi

518 2122 699 2180 velint
721 2120 1027 2189 vindicare,
1056 2122 1116 2180 id
1142 2132 1357 2181 tantum
1379 2122 1676 2181 debebitur
1704 2122 1858 2194 quod
1885 2123 2123 2181 addatur
2147 2141 2382 2181 necesse
2409 2133 2498 2180 est
2522 2132 2584 2179 ut
2607 2141 2708 2198 par

518 2223 595 2280 sit
618 2222 879 2280 omnium
904 2216 1145 2297 portio.⁴
1224 2221 1578 2280 collationes
1607 2221 1752 2278 fiunt
1780 2224 1840 2280 in
1869 2223 2078 2281 Galliis
2105 2240 2258 2280 novo
2289 2225 2441 2300 jure,
2469 2221 2573 2278 sed
2599 2219 2705 2278 dif-

521 2321 709 2378 ferunt
732 2319 997 2378 nonnihil
1024 2321 1095 2378 ab
1124 2321 1199 2378 iis
1226 2339 1367 2393 quas
1392 2319 1552 2398 leges
1581 2331 1788 2379 nostrae
1817 2318 2242 2396 praescribunt!⁵

594 2423 695 2476 85.
739 2418 978 2477 Partitio
1019 2419 1295 2478 bonorum
1336 2420 1401 2476 fit
1437 2438 1512 2478 ex
1552 2420 1723 2478 curiae
1777 2422 2124 2478 auctoritate.
2210 2419 2706 2492 Quandocumque

518 2517 833 2577 immobilia
858 2527 1151 2591 nequeunt
1175 2517 1373 2586 dividi,
1403 2522 1754 2577 aestimantur
1789 2539 1820 2576 a
1845 2528 2065 2595 septem
2094 2519 2183 2576 vel
2223 2520 2480 2596 pluribus
2521 2520 2704 2577 homi·

517 2618 685 2676 nibus
720 2636 754 2673 a
796 2617 955 2675 curia
996 2615 1326 2694 designatis,
1366 2628 1425 2676 et
1470 2619 1630 2695 optio
1659 2617 1822 2676 datur
1865 2619 2202 2694 proximiori
2241 2617 2452 2675 haeredi
2492 2637 2562 2675 ea
2596 2617 2700 2674 sibi

516 2716 903 2794 comparandi,
932 2716 1211 2774 solvendo
1235 2714 1425 2775 ‘tamen
1454 2718 1600 2775 intra
1625 2736 1834 2775 annum
1865 2718 2154 2793 portiones
2182 2735 2306 2789 quae
2335 2716 2460 2772 aliis
2487 2717 2702 2774 contin-

512 2807 705 2892 gunt.⁶
785 2814 957 2881 Quod
1000 2814 1051 2869 si
1096 2815 1301 2873 divisio
1347 2814 1470 2873 fieri
1504 2815 1707 2891 possit,
1745 2817 1882 2886 quin
1922 2816 2210 2892 portiones
2251 2834 2428 2888 aequae
2469 2816 2699 2874 cuilibet

514 2913 889 2987 assignentur,
918 2912 1157 2987 singulae
1185 2913 1531 2972 aestimandae
1558 2921 1711 2980 sunt,
1739 2923 1796 2970 et
1836 2913 1904 2972 ad
1931 2916 2307 2990 aequalitatem
2340 2913 2696 2979 reducendae,

589 3129 674 3194 (1)
714 3136 743 3160 ‘⁶
761 3127 871 3177 The
894 3127 1139 3190 Congress
1161 3130 1283 3180 shall
1304 3131 1429 3180 have
1451 3148 1618 3195 power
1641 3140 1692 3182 to
1717 3134 1904 3183 declare
1926 3135 2009 3183 the
2046 3135 2362 3199 punishment
2396 3137 2452 3184 of
2481 3142 2671 3184 treason
2691 3157 2706 3198 ς

514 3212 605 3262 but
623 3228 691 3260 no
731 3213 965 3261 attainder
986 3213 1044 3261 os
1070 3220 1262 3262 treason
1285 3215 1408 3263 shall
1429 3218 1566 3264 work
1607 3219 1888 3281 corruption
1912 3219 1969 3267 of
1998 3201 2156 3278 blood,
2180 3235 2233 3268 or
2255 3220 2509 3280 forfeiture,
2532 3227 2706 3284 except

515 3294 693 3358 during
714 3296 796 3345 the
818 3297 898 3346 life
921 3298 978 3345 of
990 3296 1073 3346 the
1094 3314 1269 3361 person
1295 3299 1576 3348 attainted.”
1619 3301 1950 3352 Constitution
1975 3304 2032 3352 of
2045 3303 2128 3352 the
2145 3304 2327 3353 United
2338 3305 2512 3364 States,
2535 3313 2620 3354 art.
2635 3305 2703 3353 iii.

589 3386 674 3451 (2)
714 3384 841 3434 Vide
865 3383 1095 3446 Carriere,
1117 3388 1213 3436 vol.
1230 3387 1278 3436 ii.
1301 3403 1351 3436 11.
1376 3391 1491 3438 572.
2411 3387 2422 3396 ’

588 3471 673 3535 (3)
712 3478 741 3502 “
758 3469 843 3518 No
886 3485 1063 3534 person
1108 3472 1361 3521 convicted
1398 3473 1455 3521 of
1492 3489 1557 3524 an
1598 3474 1841 3525 infamous
1879 3476 2042 3536 crime,
2074 3492 2128 3525 or
2171 3478 2417 3540 incapable
2451 3479 2514 3541 by
2539 3479 2632 3527 law
2655 3479 2712 3526 of

519 3555 722 3618 making
742 3571 773 3604 a
806 3561 1033 3616 contract,
1054 3571 1144 3605 nor
1166 3573 1197 3604 a
1234 3557 1565 3607 non-resident
1586 3559 1728 3620 alien,
1751 3576 1805 3609 or
1826 3560 1997 3620 minor,
2020 3577 2074 3610 or
2107 3562 2424 3622 seme-covert,
2445 3579 2499 3611 or
2527 3578 2701 3625 person

520 3639 719 3690 deemed
757 3641 1084 3706 incompetent
1104 3643 1169 3705 by
1192 3641 1275 3690 the
1298 3649 1543 3704 surrogate
1567 3645 1630 3706 by
1654 3660 1824 3693 reason
1857 3646 1913 3694 of
1946 3646 2294 3708 drunkenness,
2333 3647 2701 3711 improvidence,

514 3740 568 3774 or
588 3733 723 3775 want
744 3727 1211 3790 osunderstanding,
1236 3727 1278 3776 is
1303 3728 1502 3778 entitled
1526 3736 1578 3777 ιο
1601 3729 1925 3778 administer.''
1999 3731 2173 3780 Kent’s
2189 3731 2330 3780 Com.
2344 3734 2438 3782 vol.
2455 3719 2506 3782 ii.
2521 3748 2570 3781 n.
2588 3734 2700 3780 612.

590 3813 676 3876 (4)
716 3820 745 3842 “
763 3812 813 3859 If
828 3813 911 3860 the
932 3814 1122 3876 portion
1145 3815 1202 3862 of
1230 3829 1327 3878 any
1346 3814 1477 3864 child
1498 3814 1613 3863 who
1635 3815 1754 3864 hath
1775 3817 1873 3865 had
1900 3817 2022 3866 such
2055 3819 2326 3867 settlement
2341 3834 2396 3866 or
2415 3819 2619 3882 portion,
2641 3820 2700 3867 116

518 3901 605 3943 not
626 3895 767 3957 equa]
790 3902 840 3943 to
862 3897 945 3944 the
974 3897 1111 3946 share
1134 3899 1229 3947 due
1251 3907 1301 3948 to
1324 3899 1407 3948 the
1430 3901 1566 3949 other
1600 3901 1814 3950 children
1836 3903 1901 3966 by
1923 3901 2007 3952 the
2040 3903 2356 3963 distribution,
2389 3903 2471 3952 the
2494 3903 2625 3952 child
2646 3919 2701 3951 so

517 3979 761 4028 advanced
784 3979 827 4028 is
848 3987 899 4028 ιο
920 3983 979 4030 116
1002 3983 1143 4032 made
1164 3986 1305 4047 equal
1328 3992 1379 4033 ιο
1400 3986 1481 4034 the
1504 3986 1647 4036 rest-’⁹
1703 3988 1878 4038 Kent‘s
1906 3988 2102 4040 Comm.
2125 3990 2218 4038 vol.
2241 3989 2290 4038 ii.
2313 4005 2363 4038 n.
2386 3991 2503 4036 422.
2561 3997 2590 4020 “
2609 3991 2695 4038 An

514 4059 862 4110 advancement
883 4063 936 4111 in
958 4064 1097 4114 landa
1118 4066 1183 4127 by
1209 4081 1240 4113 a
1271 4066 1425 4115 father
1446 4075 1496 4116 to
1518 4069 1598 4118 his
1621 4086 1726 4129 son,
1749 4070 1793 4118 is
1815 4079 1865 4118 to
1900 4072 1959 4120 be
2000 4071 2249 4120 estimated
2286 4071 2542 4133 according
2564 4079 2614 4120 to
2636 4071 2699 4120 its

513 4144 654 4192 velue
677 4151 727 4192 at
748 4143 831 4192 the
848 4146 965 4194 time
994 4147 1051 4195 of
1085 4147 1168 4196 the
1200 4148 1394 4198 father's
1427 4151 1618 4200 death.'’
1694 4156 1716 4199 1
1754 4153 1807 4201 S.
1830 4161 1880 4202 et
1901 4154 1960 4202 R.
1982 4155 2099 4203 422.
2169 4155 2315 4223 Note&
2351 4160 2399 4205 to
2436 4155 2616 4222 Digest
2645 4154 2711 4221 of

513 4227 894 4294 Penmyevania
912 4232 1080 4294 qua.
1149 4231 1255 4281 Art.
1287 4232 1537 4300 Otpltan's
1570 4236 1744 4288 court.

583 4315 658 4375 (5)
702 4313 819 4362 Vide
844 4314 1073 4376 Carriere,
1096 4318 1155 4368 de
1176 4319 1393 4386 justitia
1423 4322 1603 4388 etjure
1625 4323 1720 4371 vol.
1740 4321 1790 4370 ii.
1814 4337 1864 4370 n.
1884 4324 1998 4372 540.

587 4396 672 4464 (6)
713 4397 837 4446 Vide
854 4398 1093 4448 Purdon's
1111 4399 1297 4462 Digest,
1330 4410 1416 4452 art.
1447 4403 1682 4469 0171116113
1712 4405 1890 4466 court,
1913 4405 2186 4457 Partition.
