3117 5217
949 540 1064 600 DE
1111 540 1434 601 CAMBIO
1475 542 1593 601 ΕΤ
1634 541 1941 601 CENSU.
2384 546 2498 602 197

1161 1053 1444 1114 CAPUT
1488 1056 1653 1113 VIII.

1069 1268 1146 1308 DE
1187 1270 1410 1309 emmo
1438 1270 1517 1309 ΕΤ
1544 1270 1757 1309 cENsU.

412 1448 534 1502 124.
575 1443 879 1504 Cambium
906 1444 1110 1503 dicitur
1128 1449 1466 1523 permutatio
1495 1449 1755 1525 pecuniae
1784 1436 1887 1523 pro
1908 1447 2149 1524 pecunia
2174 1466 2304 1507 cum
2332 1450 2489 1507 lucro

333 1544 644 1619 campsorIS.
743 1541 959 1601 Verum
989 1545 1274 1605 cambium
1315 1555 1402 1605 est
1439 1546 1667 1619 quando
1706 1563 1907 1623 reapse
1948 1554 2294 1621 permutatur
2317 1566 2488 1623 pecu·

331 1642 446 1698 nia:
487 1641 727 1708 siccum,
756 1660 858 1699 seu
897 1642 1092 1700 fictum
1134 1642 1356 1712 dicitur,
1397 1645 1625 1717 quando
1668 1645 1849 1701 mutui
1888 1641 2113 1700 velandi
2153 1660 2319 1701 causa
2362 1644 2487 1703 fieri

331 1739 562 1815 fingitur.
620 1736 914 1797 Manuale
940 1742 1222 1800 cambium
1249 1742 1330 1809 fit,
1360 1742 1587 1815 quando
1614 1740 1684 1799 de
1712 1761 1883 1800 manu
1911 1739 1981 1797 ad
2008 1758 2238 1799 manum
2266 1742 2493 1817 permuss

331 1846 460 1893 tatur
491 1839 728 1912 pecunia
765 1837 976 1895 diversi
1015 1840 1273 1916 generis:
1305 1860 1377 1897 v.
1409 1860 1479 1917 g:
1524 1858 1691 1897 aurea
1729 1859 1859 1897 cum
1900 1848 2185 1915 argentea.
2268 1837 2489 1897 Locale

331 1936 592 1993 cambium
623 1946 712 1993 est
748 1938 1084 2012 permutatio
1123 1940 1379 2015 pecuniae
1421 1938 1715 2015 praesentis
1756 1957 1889 1997 cum
1917 1935 2180 1995 distanti:
2228 1956 2294 1993 v:
2324 1957 2395 2015 g:
2438 1939 2491 1995 si

331 2033 448 2103 quis
485 2036 768 2110 campsori
807 2035 962 2091 mille
1001 2054 1267 2094 nummos
1310 2036 1404 2094 det
1443 2035 1877 2112 philadelphiae,
1916 2035 2241 2107 litterasque
2282 2037 2490 2093 cambii

331 2131 561 2206 recipiat,
589 2142 650 2189 ut
675 2134 919 2209 pecunia
944 2132 1054 2191 sibi
1083 2135 1172 2191 vel
1196 2134 1311 2201 alii,
1331 2136 1498 2211 jussu
1519 2154 1647 2202 suo,
1678 2134 1913 2191 Parisiis
1942 2129 2239 2190 solvatur.¹
2317 2133 2491 2191 Cam-

331 2230 471 2286 bium
500 2229 818 2307 temporale
845 2240 930 2287 est
977 2230 1117 2289 illud
1161 2251 1281 2305 quo
1318 2234 1446 2305 quis
1490 2233 1587 2293 dat
1621 2232 1922 2308 pecuniam
1951 2240 2081 2306 post
2120 2240 2367 2306 tempus,
2396 2232 2490 2287 vel

337 2326 521 2384 eodem
557 2328 706 2397 loco,
739 2330 832 2387 vel
871 2329 1000 2386 alibi
1040 2330 1440 2407 recipiendam.
1527 2332 1626 2388 Sic
1666 2330 2005 2407 plerumque
2043 2329 2242 2387 litterae
2282 2330 2487 2416 cafnbii

334 2423 521 2482 dantur
544 2428 767 2503 triginta
792 2428 884 2484 vel
909 2430 1206 2505 sexaginta
1231 2439 1362 2505 post
1386 2429 1508 2487 dies
1536 2428 1843 2487 solvendae.

401 2528 530 2580 125.
571 2524 736 2583 Licet
762 2526 1046 2597 quoddam
1075 2528 1291 2584 lucrum
1333 2546 1407 2584 ex
1447 2528 1671 2584 cambio
1711 2544 1849 2583 vero
1891 2525 2141 2583 manuali
2183 2525 2477 2583 derivare:

330 2638 445 2679 nam
465 2621 697 2681 diversae
719 2643 1081 2682 nummorum
1102 2626 1322 2701 species
1343 2626 1574 2683 nonnisi
1600 2623 1813 2690 labore,
1835 2623 2136 2698 impensis,
2158 2632 2217 2677 et
2235 2622 2488 2696 periculo

330 2732 722 2795 comparantur,
776 2731 838 2779 ut
881 2724 1166 2798 campsori
1217 2734 1424 2797 praesto
1467 2724 1584 2780 sint
1633 2722 1694 2778 in
1746 2720 2035 2797 publicum
2080 2718 2485 2787 commodum;

327 2818 462 2886 quod
488 2820 536 2876 si
564 2819 622 2877 id
649 2839 781 2877 cum
808 2822 1127 2897 campsoris
1154 2822 1389 2878 utilitate
1417 2818 1721 2893 aliquando
1748 2818 2054 2895 contingat,
2084 2816 2141 2875 id
2168 2817 2331 2875 bonae
2359 2818 2485 2893 ejus

329 2913 544 2975 fortunae
573 2918 954 2986 tribuendum,
983 2920 1123 2991 quin
1150 2917 1369 2976 desinat
1393 2939 1496 2996 per
1521 2938 1583 2975 se
1612 2919 1794 2995 pretio
1820 2916 2109 2974 aestimari.
2173 2914 2328 2973 Hinc
2354 2915 2491 2973 licet

327 3029 573 3074 nummos
601 3035 804 3074 aureos
830 3016 1075 3075 vendere
1103 3028 1174 3075 'eo
1206 3034 1320 3089 quo
1342 3018 1528 3074 valent
1552 3018 1756 3092 pretio,
1784 3033 1998 3087 eosque
2026 3032 2236 3081 emere,
2267 3016 2487 3091 premio

329 3113 461 3180 quod
486 3115 783 3172 consuevit
809 3134 840 3171 a
866 3116 1152 3192 plerisque
1179 3113 1298 3172 dari
1328 3116 1599 3190 praestito.
1684 3114 1816 3190 Ipse
1857 3132 2221 3189 campsorum
2249 3131 2487 3170 consen-

327 3226 410 3265 sus
433 3231 535 3287 pro
563 3231 753 3273 rerum
782 3213 840 3271 in
879 3213 1001 3270 dies
1043 3215 1306 3271 varietate
1347 3232 1604 3271 normam
1648 3213 1859 3289 praebet
1897 3212 2103 3270 valoris
2134 3210 2486 3269 diversarum

331 3320 680 3369 monetarum.
765 3311 927 3369 Idem
955 3311 1026 3369 de
1069 3311 1462 3387 chirographis
1505 3330 1828 3369 mensarum
1866 3310 2193 3377 dicendum,
2236 3329 2368 3367 nam
2397 3329 2488 3367 va-

329 3403 430 3464 lent
453 3410 648 3481 quanti
675 3428 708 3465 a
732 3411 1022 3485 plerisque
1050 3411 1398 3468 aestimantur
1435 3428 1537 3484 pro
1579 3429 1794 3469 mensoe
1821 3408 2183 3466 conditione:
2228 3408 2329 3464 sed
2358 3425 2487 3483 pec-

330 3514 438 3561 cant
476 3508 576 3579 qui
621 3507 829 3565 artibus
876 3509 1088 3580 iniquis
1133 3517 1190 3565 et
1231 3507 1544 3565 mendaciis
1598 3526 1799 3565 eorum
1844 3506 2097 3562 valorem
2144 3512 2353 3579 augent
2397 3504 2489 3560 vel

331 3602 604 3663 minuunt:
661 3605 751 3661 vel
811 3607 908 3679 qui
948 3625 1015 3664 ea
1053 3617 1254 3665 emunt
1290 3605 1658 3677 venduntque
1699 3604 1881 3681 pretio
1923 3603 1992 3659 ab
2042 3620 2117 3659 eo·
2167 3600 2324 3671 quod
2374 3601 2494 3675 ple-

332 3715 545 3775 rumque
581 3704 840 3762 obtinent
878 3704 1124 3772 diverso,
1166 3704 1481 3781 ignorantia
1521 3713 1577 3760 et
1614 3701 1973 3777 simplicitate
2014 3699 2253 3755 aliorum
2293 3698 2484 3753 abusi:

337 3799 412 3855 vel
435 3803 529 3873 qui
557 3822 626 3860 ea
667 3803 936 3871 vendunt,
965 3812 1262 3879 postquam
1291 3820 1489 3863 mensa
1515 3800 1739 3867 cecidit,
1780 3797 1869 3855 vel
1896 3815 2069 3870 quam
2109 3794 2260 3855 certo
2288 3806 2495 3855 norunt

339 3912 453 3955 mox
477 3920 756 3959 casuram.

401 3998 523 4055 126.
568 3999 668 4056 Ex
695 4000 918 4057 cambio
943 3998 1108 4056 locali
1145 4000 1279 4057 licet
1316 3998 1572 4057 derivare
1612 3997 1852 4064 lucrum,
1895 4014 2027 4052 nam
2070 3995 2356 4069 campsori
2394 3996 2493 4055 nti-

333 4093 448 4158 quid
465 4094 699 4155 debetur
717 4098 790 4156 ob
810 4095 1163 4166 industriam,
1188 4117 1299 4170 qua
1318 4098 1545 4173 copiam
1566 4096 1821 4173 pecuniae
1843 4096 1902 4153 in
1922 4095 2235 4171 longinqua
2258 4095 2491 4171 regione

401 4292 473 4359 (l)
511 4304 540 4328 ‘⁸
558 4295 607 4344 A
629 4296 728 4346 Bill
751 4296 809 4345 of
833 4296 1106 4358 Exchange
1130 4332 1143 4345 .
1166 4331 1179 4344 .
1204 4331 1217 4344 .
1239 4296 1282 4345 is
1305 4312 1368 4345 an
1391 4312 1518 4359 open
1541 4297 1678 4345 letter
1712 4294 1769 4344 of
1794 4300 1986 4357 request
2019 4294 2142 4343 from
2177 4308 2270 4341 one
2293 4308 2408 4341 man
2441 4299 2491 4339 to

338 4375 528 4439 another,
549 4378 762 4441 desiring
783 4380 887 4431 him
909 4386 958 4435 to
981 4396 1077 4443 pay
1101 4398 1130 4429 a
1151 4396 1260 4429 sum
1282 4380 1459 4429 named
1480 4379 1667 4428 therein
1689 4386 1739 4427 to
1774 4396 1803 4427 a
1836 4378 1964 4426 third
1995 4393 2170 4440 person
2203 4391 2268 4423 on
2302 4374 2379 4422 his
2414 4390 2489 4422 ac-

348 4462 514 4510 county’
587 4464 871 4515 Blackston.
897 4464 1093 4520 Corum.
1115 4466 1147 4516 l.
1169 4466 1219 4515 ii.
1243 4481 1292 4513 n.
1317 4467 1432 4513 467.

1362 4546 1470 4600 18*
