3117 5217
1142 585 1256 645 DE
1302 585 1890 646 RESTITUTION
1894 585 1971 645 E.
2535 592 2650 646 115

472 754 836 812 avertendum
858 774 875 822 ;
916 755 1065 812 sicut
1103 762 1141 789 ‘⁶
1158 755 1259 828 qui
1284 756 1413 814 sine
1439 756 1608 832 culpa
1633 757 1791 834 gravi
1819 758 2014 834 ignem
2039 754 2360 813 accenderit
2386 757 2446 814 in
2472 757 2646 814 domo

469 853 670 921 atiena,
698 861 919 911 tenetur
942 871 1017 910 ex
1035 854 1255 930 justitia
1280 855 1578 930 impedire,
1620 856 1670 912 si
1711 865 1900 931 potest
1933 855 2062 912 ‘sine
2091 873 2301 931 magno
2327 855 2649 914 incommo-

469 951 565 1019 do,
594 971 665 1010 ne
693 972 768 1010 ex
795 971 899 1010 sua
924 953 1143 1010 actione
1182 952 1321 1010 alter
1356 947 1683 1012 laedatur.''¹
1767 954 2002 1012 Volenti
2043 953 2313 1011 damnum
2355 955 2538 1030 majus
2571 955 2656 1012 in-

469 1051 632 1117 ferre,
662 1051 885 1109 suaderi
912 1069 1105 1126 posse,
1146 1061 1209 1108 ut
1234 1051 1423 1136 minus
1451 1052 1721 1110 damnum
1763 1053 1948 1111 eidem
1976 1071 2238 1128 personae
2263 1052 2486 1120 inferat,
2517 1071 2651 1110 con·

468 1148 678 1208 cedunt
728 1150 919 1226 plures
974 1151 1261 1226 theologi3
1322 1151 1455 1222 quia
1506 1150 1808 1209 consilium
1861 1152 2194 1228 hujusmodi
2245 1169 2362 1209 non
2413 1151 2658 1210 habetur

468 1258 757 1320 tamquam
783 1249 1039 1324 probatio
1065 1248 1217 1306 illius
1260 1245 1456 1306 damni
1482 1249 1742 1317 minoriS,
1771 1249 1871 1307 sed
1899 1253 1982 1308 rei
2023 1251 2222 1308 alienae
2249 1251 2432 1327 gestio
2473 1251 2650 1307 utilis.

470 1345 759 1405 Caeterum
782 1366 905 1404 non
929 1347 1063 1404 licet
1088 1346 1324 1404 suadere
1366 1357 1425 1404 ut
1450 1348 1608 1406 alteri
1648 1348 1918 1406 inseratur
1955 1349 2246 1417 damnum,
2275 1349 2346 1406 ad
2379 1349 2650 1408 damnum

469 1446 621 1503 tertii
665 1445 906 1523 alicujus
951 1435 1317 1504 avertendum
1342 1466 1379 1503 :r
1414 1465 1547 1506 nam
1595 1448 1748 1505 illius
1795 1448 1988 1506 damni
2031 1467 2231 1506 suasor
2275 1465 2444 1506 causa
2482 1448 2652 1528 plane

470 1544 635 1602 soret.

554 1647 687 1702 186.
738 1641 1083 1701 Comen-ms
1110 1663 1215 1700 nos
1244 1643 1525 1702 obnoxios
1566 1646 1906 1704 restitutioni
1946 1645 2148 1714 reddit,
2179 1646 2650 1719 quotiescumque

470 1740 777 1800 efficaciter
803 1741 991 1799 influit
1008 1743 1067 1799 in
1096 1743 1366 1800 damnum
1396 1744 1555 1802 alteri
1585 1745 1796 1821 injuste
1823 1745 2058 1803 illatum.
2115 1745 2416 1821 suffragiis
2445 1745 2657 1816 iniquis

470 1859 785 1900 consensus
814 1840 1146 1918 hujusmodi
1173 1843 1511 1916 plerumque
1537 1853 1868 1919 praestatur:
1897 1846 1946 1902 si
1971 1862 2242 1903 numerus
2262 1843 2660 1921 suffragiorum

471 1942 849 2017 praecesserit,
880 1959 995 2012 quo
1022 1940 1294 2000 damnum
1314 1942 1437 2018 jam
1465 1952 1758 2010 statuatur,
1788 1943 1886 2016 qui
1913 1943 2251 2021 suffragium
2291 1953 2492 2020 postea
2517 1960 2658 2019 prae-

469 2041 582 2108 bet,
610 2038 819 2098 efficax
847 2057 1017 2096 causa
1044 2039 1239 2099 damni
1268 2040 1419 2099 haud
1440 2041 1699 2109 videtur3
1729 2042 1976 2116 ideoque
2004 2044 2266 2116 quamvis
2293 2053 2514 2119 peccet,
2537 2061 2656 2101 non

471 2139 692 2198 videtur
718 2138 788 2196 ad
816 2140 1227 2198 restituendum
1256 2140 1555 2218 obligatae.
1643 2141 1710 2200 Si
1736 2141 1971 2217 plurimi
1999 2134 2338 2201 concurrant
2363 2141 2654 2217 suffragiis

472 2240 595 2296 suis
620 2239 691 2296 ad
717 2238 987 2297 damnum
1032 2240 1308 2307 alienum,
1352 2242 1493 2312 quin
1538 2251 1806 2298 noscatur
1849 2259 2090 2313 quorum
2132 2240 2410 2318 suffragia
2453 2240 2666 2298 suerint

474 2339 599 2414 ejus
624 2355 817 2406 causa,
848 2355 1313 2411 unumquemque
1329 2356 1447 2416 pro
1476 2345 1615 2398 rata
1628 2348 1808 2417 parte
1835 2341 1906 2398 ad
1933 2339 2071 2399 illud
2089 2339 2464 2416 reparandum
2485 2339 2662 2396 teneri

470 2455 608 2494 vera
632 2437 833 2494 asserit
874 2439 1172 2506 sententia,
1210 2437 1407 2514 judice
1454 2437 1519 2495 S.
1550 2435 1908 2514 Alphonso,²
1947 2441 2141 2512 “quia
2179 2441 2423 2512 quisque
2451 2438 2656 2496 saltem

473 2553 580 2592 suo
602 2535 867 2612 suffragio
909 2535 1269 2594 deterioravit
1295 2538 1393 2613 jus
1435 2537 1592 2608 quod
1631 2536 2026 2596 damnificatus
2068 2539 2306 2595 habebat
2331 2537 2399 2595 ad
2429 2537 2662 2613 exigen-

474 2632 605 2692 dam
633 2636 1050 2694 restitutionem
1070 2635 1263 2693 damni
1292 2635 1361 2692 ab
1386 2635 1870 2711 aliissuffragium
1903 2634 2346 2711 proebentibus.”
2415 2633 2662 2700 Quando

466 2735 640 2811 jurati
666 2735 931 2793 homines
961 2734 1251 2812 suffragiis
1278 2736 1399 2792 suis
1428 2736 1487 2793 in
1506 2734 1732 2811 judicio
1761 2734 2032 2791 damnum
2058 2733 2224 2792 alicui
2253 2733 2504 2792 inserunt
2527 2751 2664 2791 con·

472 2831 645 2900 sulto,
672 2834 1067 2906 unusquisque
1096 2844 1317 2893 tenetur
1340 2833 1409 2892 in
1436 2833 1723 2902 solidum,
1752 2843 1972 2908 poterat
2007 2832 2160 2890 enim
2191 2833 2438 2906 quisque
2463 2831 2664 2890 suffra-

475 2934 633 3008 gium
661 2932 1019 3009 denegando,
1050 2935 1247 3006 iniqua
1272 2933 1507 2992 aliorum
1536 2933 1810 3010 suffragia
1835 2933 1893 2990 in
1922 2933 2138 2990 irritum
2167 2934 2407 2992 mittere.

560 3035 695 3090 187.
740 3030 960 3109 Palpo,
992 3033 1090 3105 qui
1132 3031 1436 3100 aduland0,
1478 3031 1895 3107 applaudendo,
1939 3031 2222 3090 offensum
2249 3032 2554 3099 irridendo,
2584 3031 2666 3109 ig-

476 3131 701 3190 naviam
730 3131 1149 3208 exprobrando,
1178 3132 1447 3210 injuriam
1488 3129 1914 3208 exaggerando,
1957 3131 2190 3189 alterum
2233 3131 2537 3189 efficaciter
2561 3131 2666 3188 im-

477 3230 641 3305 pellit
664 3230 735 3288 ad
756 3231 1031 3288 damnum
1057 3229 1435 3299 inferendum,
1466 3239 1689 3288 tenetur
1725 3231 1798 3288 ad
1837 3230 1962 3307 ejus
2008 3231 2461 3306 reparationem3
2504 3229 2668 3288 dum·

482 3328 663 3415 modo
674 3329 895 3407 judicet
919 3349 981 3387 se
1010 3331 1070 3388 in
1099 3329 1370 3388 damnum
1400 3331 1662 3399 influere,
1689 3331 1825 3388 licet
1849 3349 1962 3388 non
1992 3330 2264 3389 intendat.

562 3431 696 3486 188.
738 3428 1068 3497 Recursus,
1099 3447 1270 3500 quem
1298 3429 1577 3488 furtorum
1606 3439 1990 3505 receptatores
2029 3429 2254 3488 furibus
2278 3427 2554 3504 praebent,
2582 3427 2666 3484 eis

477 3526 757 3604 refugium
788 3528 937 3604 apud
964 3547 1027 3585 se
1055 3530 1394 3604 praebentes,
1422 3538 1479 3586 et
1504 3529 1648 3586 furta
1673 3528 1939 3595 celantes,
1969 3527 2060 3583 vel
2102 3527 2348 3603 pecunia
2385 3535 2663 3591 ementes,

477 3644 578 3684 eos
622 3636 775 3684 tenet
812 3627 879 3684 ad
926 3627 1335 3685 restituendum
1382 3627 1682 3704 obligatos,
1731 3626 2206 3698 quandocumque
2249 3623 2555 3680 efficaciter
2593 3622 2667 3680 ad

480 3723 691 3782 furtum
720 3725 996 3802 impellit:
1042 3735 1081 3761 “
1100 3726 1190 3784 Ad
1218 3725 1674 3784 restitutionem”
1703 3725 1892 3796 inquit
1932 3723 1967 3780 J
1975 3723 2315 3789 ustinianus,
2347 3729 2521 3777 “non
2549 3731 2667 3779 tan·

480 3833 595 3880 tum
625 3826 725 3896 qui
750 3825 955 3901 rapuit,
984 3843 1181 3882 verum
1209 3827 1259 3883 is
1287 3843 1517 3897 quoque
1546 3825 1644 3896 qui
1684 3823 1907 3898 recipit,
1937 3812 2254 3878 tenetur.”³
2333 3819 2451 3886 Qui
2479 3829 2666 3879 autem

479 3920 660 3980 furem
689 3922 1013 3982 nullatenus
1043 3923 1113 3981 ad
1142 3925 1289 3982 furta
1315 3923 1578 3998 impellit,
1606 3921 1811 3996 recipit
1836 3931 2023 3978 tamen
2063 3921 2344 3988 amicitiae,
2375 3920 2466 3978 vel
2491 3919 2667 3978 officii

478 4022 711 4088 ratione,
740 4023 821 4080 uti
848 4022 1206 4090 stabularius,
1239 4039 1487 4092 eumque
1510 4019 1582 4077 ad
1609 4019 1940 4096 fugiendum
1963 4019 2210 4097 adjuvat,
2241 4021 2376 4092 quin
2415 4019 2478 4077 in
2522 4019 2668 4078 furta

480 4117 665 4178 sutura
690 4120 807 4178 ulla
832 4123 1047 4180 ratione
1074 4120 1291 4187 influat,
1321 4138 1437 4177 non
1479 4119 1764 4177 contrahit
1802 4121 2050 4192 aliquam
2091 4119 2423 4178 restituendi
2461 4119 2670 4196 obliga-

482 4219 713 4277 tionem.
799 4221 914 4286 Qui
941 4221 1014 4278 ob
1039 4237 1239 4296 graves
1266 4218 1511 4276 rationes
1538 4221 1863 4295 suspicatur
1884 4238 1976 4276 res
1997 4219 2110 4277 sibi
2137 4219 2364 4276 venales
2385 4217 2668 4277 exhibitas

482 4317 629 4376 furto
656 4318 835 4377 fuisse
862 4320 1093 4387 ablatarr,
1123 4328 1319 4396 peccat
1342 4336 1441 4376 eas
1468 4318 1752 4377 emendo:
1795 4338 1912 4378 non
1953 4330 2140 4380 tamen
2168 4316 2389 4376 videtur
2415 4316 2486 4374 ad
2512 4315 2671 4372 resti-

560 4521 643 4585 (1)
688 4520 742 4568 a.
766 4519 914 4584 Alph.
932 4520 965 4570 1.
980 4519 1048 4568 iii.
1069 4535 1120 4569 n.
1144 4521 1259 4568 564.
1368 4521 1452 4586 (2)
1480 4519 1678 4578 maan,
1700 4535 1750 4568 n.
1773 4521 1888 4567 566.
1994 4520 2079 4584 (a)
2106 4516 2166 4565 L.
2187 4515 2256 4564 iii.
2277 4514 2328 4563 ff.
2350 4514 2411 4564 ‹10
2431 4511 2667 4563 incendio.
