3117 5217
492 576 613 633 278
1047 570 1163 631 DE
1204 569 1441 629 FIDEI
1481 567 2110 631 NECESSITATE.

494 741 583 799 vis
610 738 685 795 sit
708 744 904 796 contra
932 734 1121 813 legem
1162 736 1469 805 Ecclesiae,
1496 735 1633 794 fidei
1660 738 2026 813 negationem
2066 756 2184 797 non
2225 738 2510 815 importat,
2552 757 2687 797 nam

496 856 649 915 soepe
677 838 743 895 fit
785 854 861 893 ex
900 837 1261 905 necessitate,
1303 834 1393 893 vel
1433 834 1588 912 gula.
1671 836 1948 895 Peccaret
1985 846 2175 897 autem
2207 838 2320 895 nisi
2361 838 2550 913 gravis
2589 838 2690 896 ad·

494 936 731 997 modum
758 935 900 993 ratio
926 933 1187 993 ostendat
1212 933 1607 995 difficultatem
1650 934 1886 993 nimiam
1913 954 2043 994 eum
2073 954 2105 993 a
2133 937 2262 1013 lege
2288 936 2564 995 servanda
2589 936 2690 993 ha-

496 1038 630 1095 bere
658 1042 1016 1095 excusatum.
1086 1034 1188 1092 Sic
1215 1033 1478 1093 excusari
1505 1034 1716 1109 poterit
1741 1033 2090 1107 quandoque
2118 1035 2310 1112 puella
2333 1054 2460 1107 quae
2485 1053 2691 1093 carnes

494 1133 813 1200 manducat,
843 1152 1047 1192 verens
1082 1152 1155 1191 ne
1183 1142 1341 1210 pater
1359 1131 1733 1191 vehementer
1757 1131 2154 1203 excandescat,
2183 1152 2310 1193 eam
2335 1133 2406 1191 ad
2435 1132 2692 1191 Catholi-

498 1253 621 1293 cam
652 1232 977 1291 Ecclesiam
1006 1233 1295 1291 transiisse
1324 1231 1690 1309 percipiens:
1734 1250 1850 1290 non
1893 1242 2081 1291 tamen
2121 1234 2196 1292 ob
2223 1234 2566 1301 irrisionem,
2595 1233 2690 1290 vel

497 1334 684 1391 levem
713 1332 960 1404 aliquam
1002 1331 1347 1397 molestiam,
1390 1331 1499 1387 erit
1536 1329 1886 1387 excusanda.
1973 1330 2074 1389 Uti
2113 1332 2360 1389 vestibus
2389 1332 2688 1398 Quakero·

496 1450 625 1491 rum
654 1431 725 1489 ad
751 1449 814 1489 se
840 1429 1238 1489 occultandum
1268 1429 1560 1507 fugiendo,
1592 1448 1706 1487 non
1748 1438 1904 1487 esset
1941 1428 2078 1489 fidei
2113 1432 2358 1507 negatio,
2386 1449 2562 1502 quum
2591 1430 2692 1487 illa

499 1532 747 1591 vestium
776 1529 959 1589 forma
985 1548 1105 1589 non
1132 1529 1207 1588 sit
1232 1529 1469 1587 omnino
1496 1528 1652 1585 illius
1691 1538 1860 1587 sectoe
1903 1530 2168 1605 propria3
2207 1530 2302 1587 alii
2329 1530 2480 1587 enim
2509 1530 2696 1587 forma

498 1631 649 1692 haud
678 1629 929 1688 absimili
955 1638 1208 1688 utuntur.
1276 1629 1377 1687 Sic
1404 1636 1747 1686 excusantur
1773 1628 1870 1701 qui
1901 1626 2221 1687 Turcarum
2252 1629 2512 1686 vestibus
2531 1646 2688 1687 com·

498 1730 767 1791 munibus
806 1728 1133 1795 induuntur,
1162 1738 1223 1785 ut
1246 1744 1446 1786 secure
1474 1736 1791 1794 transeant3
1834 1736 1969 1785 sunt
2009 1728 2230 1787 scilicet
2267 1728 2452 1805 gentis
2497 1727 2692 1803 potius

501 1850 681 1905 quam
710 1827 895 1886 cultus
922 1819 1185 1885 indicia.¹

578 1934 677 1987 32.
720 1926 965 2003 Fugere,
992 1936 1055 1982 ut
1081 1925 1212 1997 quis
1231 1924 1477 1981 declinet
1493 1925 1971 1999 persecutionem,
1995 1924 2333 2001 plerumque
2351 1924 2504 1993 licet,
2525 1926 2697 2002 juxta

500 2024 721 2083 Christi
745 2024 1057 2081 monitum:
1102 2030 1291 2079 “cum
1330 2031 1744 2097 persequentur
1770 2042 1872 2081 vos
1913 2024 1975 2082 in
2014 2024 2238 2083 civitate
2269 2026 2394 2091 ista,
2423 2024 2602 2101 fugite
2637 2024 2700 2080 in

500 2116 767 2183 aliam.”²
846 2121 1136 2180 Caeterum
1177 2123 1225 2179 si
1268 2122 1570 2197 praesentia
1618 2122 1878 2197 praesulis
1925 2121 2086 2199 valde
2131 2124 2456 2181 necessaria
2499 2124 2573 2181 sit
2622 2120 2696 2178 ad

501 2223 699 2283 fideles
743 2210 1111 2288 roborandos,
1160 2222 1576 2280 mercenarium
1629 2238 1692 2278 se
1735 2220 2000 2297 proderet
2040 2220 2346 2299 fugiendo:
2433 2230 2473 2257 ‘⁴
2496 2222 2698 2279 Bonus

500 2333 693 2401 pastor
720 2321 967 2378 animam
996 2338 1157 2377 suam
1184 2318 1281 2376 dat
1304 2338 1406 2395 pro
1434 2321 1638 2378 ovibus
1666 2322 1808 2377 suis.
1895 2320 2288 2379 Mercenarius
2315 2332 2502 2379 autem
2531 2319 2696 2395 fugit,

502 2421 637 2494 quia
662 2419 1041 2478 mercenarius
1070 2426 1178 2484 est,
1206 2429 1265 2475 et
1288 2437 1405 2475 non
1432 2419 1677 2495 pertinet
1715 2418 1783 2475 ad
1826 2437 1962 2497 eum·
1984 2417 2054 2475 de
2095 2416 2396 2478 ovibus.'’³
2477 2420 2543 2476 Si
2569 2418 2698 2494 ejus

502 2521 616 2579 vita
641 2538 673 2575 e
703 2528 895 2575 contra
932 2516 1222 2594 profutura
1262 2518 1339 2574 sit
1364 2516 1434 2575 ad
1472 2517 1607 2576 fidei
1649 2515 2064 2585 defensionem,
2103 2537 2288 2591 eoque
2327 2518 2546 2577 sublato
2585 2516 2700 2573 dis-

502 2616 804 2699 pergendoe
831 2619 945 2675 sint
970 2635 1127 2683 oves,
1146 2618 1359 2693 optime
1381 2616 1549 2674 faciet
1567 2635 1630 2674 se
1651 2615 2007 2684 occultandO,
2033 2618 2122 2675 vel
2143 2616 2334 2693 fugam
2353 2615 2698 2693 arripiendo,

503 2722 687 2779 donee
712 2716 965 2775 hostium
998 2718 1081 2774 vis
1108 2715 1275 2773 fuerit
1301 2716 1574 2793 mitigata.
1660 2723 1699 2749 ‘⁴
1721 2713 2094 2773 Manifestum
2123 2725 2211 2773 est
2235 2715 2390 2788 quod
2409 2717 2462 2773 si
2481 2733 2698 2788 quaera·

505 2832 594 2878 tur
620 2816 745 2875 sola
770 2834 1015 2891 persona
1038 2814 1269 2890 praelati,
1298 2823 1542 2889 possunt
1567 2812 1665 2871 alii
1689 2814 1820 2871 loco
1845 2814 2030 2890 ipsius
2055 2814 2128 2871 ad
2165 2815 2354 2891 gregis
2381 2813 2700 2872 custodiam

506 2915 787 2993 deputari,
817 2914 915 2985 qui
942 2913 1064 2969 vice
1092 2913 1181 2969 sui
1206 2910 1591 2980 consolentur,
1620 2922 1680 2969 et
1713 2913 2030 2988 gubernent
2052 2932 2315 2989 gregem:
2358 2913 2510 2971 unde
2536 2912 2588 2969 si
2613 2912 2702 2969 sic

510 3017 711 3093 fugiat,
734 3032 849 3071 non
879 3011 1083 3068 dicitur
1107 3008 1388 3069 dimittere
1417 3030 1580 3079 oveS,
1599 3022 1660 3068 et
1681 3010 1795 3069 hoc
1822 3011 2014 3078 mod0,
2035 3021 2092 3069 et
2105 3031 2240 3069 casu
2261 3012 2454 3089 fugere
2473 3008 2704 3071 licet.”⁴

588 3118 687 3172 33.
733 3113 799 3169 Si
828 3110 961 3167 fidei
988 3108 1271 3185 professio
1299 3122 1356 3167 et
1382 3110 1641 3168 vindiciae
1683 3112 2019 3171 necessarias
2061 3112 2178 3168 sint
2215 3111 2286 3168 ad
2325 3111 2576 3170 hostium
2605 3128 2700 3167 su·

508 3213 761 3290 perbiam
788 3206 1229 3283 reprimendam,
1259 3218 1315 3264 et
1334 3209 1403 3265 ad
1431 3208 1774 3265 infirmiores
1802 3208 2200 3269 confortandos
2227 3211 2286 3267 in
2313 3210 2448 3277 fide,
2476 3218 2702 3286 oporte-

507 3313 593 3368 bit
632 3327 757 3365 eam
810 3305 1064 3381 profiteri
1114 3313 1171 3360 et
1214 3308 1373 3363 tueri.
1461 3314 1500 3341 ‘⁶
1525 3304 1806 3365 Confiteri
1856 3306 2097 3375 fidem‚”
2153 3308 2338 3380 inquit
2386 3308 2700 3385 Angelicus

511 3410 749 3474 Doctor,
792 3413 829 3440 ‘⁶
850 3422 964 3461 non
1006 3421 1257 3478 semper,
1286 3422 1469 3477 neque
1499 3406 1557 3463 in
1599 3406 1851 3477 quolibet
1882 3406 2014 3465 loco
2041 3417 2130 3465 est
2153 3406 2226 3465 de
2251 3408 2590 3467 necessitate
2616 3424 2703 3463 sa-

506 3509 662 3571 lutis,
692 3506 793 3563 sed
820 3505 878 3562 in
905 3502 1095 3575 aliquo
1122 3504 1249 3560 loco
1275 3514 1333 3562 et
1360 3514 1634 3581 tempore,
1665 3504 1892 3578 quando
1933 3506 2156 3564 scilicet
2185 3524 2288 3581 per
2325 3506 2702 3565 omissionem

510 3609 682 3685 hujus
709 3602 1087 3663 consessionis
1114 3602 1531 3661 subtraheretur
1557 3603 1744 3662 honor
1769 3602 1988 3662 debitus
2029 3605 2180 3671 De0‚
2209 3614 2266 3661 et
2300 3608 2465 3665 etiam
2494 3604 2705 3663 utilitas

511 3707 791 3786 proximis
818 3702 1235 3779 impendenda3
1266 3713 1399 3778 puta
1428 3703 1478 3759 si
1505 3702 1712 3775 aliquis
1752 3702 2126 3779 interrogatus
2155 3702 2226 3762 de
2251 3702 2366 3762 fide
2392 3712 2620 3769 taceret,
2649 3711 2706 3759 et

514 3825 589 3865 ex
628 3806 739 3861 hoc
780 3801 1119 3869 crederetur,
1149 3801 1240 3858 vel
1280 3800 1433 3873 quod
1474 3820 1588 3859 non
1619 3801 1848 3858 haberet
1871 3801 2068 3869 fidem,
2096 3803 2188 3860 vel
2223 3803 2378 3874 quod
2414 3802 2555 3860 fides
2584 3820 2704 3859 non

514 3913 667 3961 esset
705 3921 854 3966 vera,
899 3900 990 3957 vel
1027 3901 1121 3958 alii
1164 3919 1267 3976 per
1308 3901 1435 3977 ejus
1474 3900 1911 3959 taciturnitatem
1951 3911 2376 3959 removerentur
2400 3921 2432 3957 a
2457 3900 2602 3958 fide:
2641 3899 2704 3957 in

515 3999 844 4077 hujusmodi
872 3999 1024 4056 enim
1052 3999 1277 4058 casibus
1305 3999 1594 4057 confessio
1620 3998 1754 4056 fidei
1781 4008 1870 4055 est
1893 3999 1963 4056 de
1990 4000 2330 4057 necessitate
2361 3993 2658 4057 salutis.'’⁵
2687 4038 2702 4053 .

517 4108 555 4136 ‘⁶
573 4100 639 4156 In
662 4117 795 4155 casu
816 4098 1187 4165 necessitatiS,
1206 4099 1304 4155 ubi
1320 4097 1471 4167 fides,
1482 4098 1846 4173 periclitatur,
1863 4098 2100 4170 quilibet
2117 4108 2338 4157 tenetur
2351 4098 2524 4155 fidem
2539 4114 2704 4155 suam

592 4306 675 4369 (l)
717 4302 843 4351 Vide
867 4302 1048 4366 Mayol,
1070 4302 1223 4370 Disp.
1249 4302 1499 4355 Praeamb.
1522 4320 1605 4368 qu.
1627 4304 1659 4352 i.
1683 4310 1769 4352 art.
1793 4304 1844 4354 ii.
1870 4308 1917 4364 ς.
1939 4306 1987 4352 4.

592 4390 676 4453 (2)
718 4386 837 4434 Mat.
856 4402 905 4433 x.
929 4387 1011 4432 23.
1683 4389 1767 4451 (3)
1805 4387 1950 4435 Joan.
1971 4402 2021 4435 x.
2050 4389 2126 4446 11,
2155 4389 2232 4434 13.

593 4474 672 4537 (4)
710 4472 763 4519 S.
785 4470 963 4518 Thom.
985 4470 1018 4517 l.
1040 4468 1107 4517 iii.
1129 4468 1182 4516 in
1204 4484 1245 4517 c.
1268 4484 1318 4516 x.
1339 4469 1483 4518 Joan.
1688 4472 1773 4539 (5)
1814 4475 1861 4519 2.
1885 4474 1933 4521 2.
1957 4487 2038 4534 qu.
2061 4470 2129 4519 iii.
2154 4478 2241 4520 art.
2263 4471 2312 4521 ii.
