3117 5217
1206 554 1320 613 DE
1363 554 1872 613 BENEFICIIS.
2507 560 2628 614 259
2658 599 2662 604 -

532 724 665 783 105.
710 719 1045 795 Resignatio
1082 720 1141 775 in
1182 719 1456 787 favorem,
1498 720 1590 777 vel
1631 719 1738 777 alia
1775 720 2101 777 conditione
2140 706 2389 787 onerata,
2431 722 2630 792 nequit

452 818 595 885 fieri,
624 818 736 875 nisi
762 836 835 875 ex
862 818 1036 893 Papae
1066 818 1425 877 auctoritate:
1455 836 1589 877 nam
1609 820 1738 895 jure
1767 820 2062 877 communi
2087 818 2414 893 prohibetur
2439 821 2628 878 omnis

450 918 723 993 pactio-in
749 916 1042 975 beneficiis
1064 913 1110 973 :¹
1150 926 1495 992 quapropter
1519 918 1814 992 resignans
1843 936 1956 975 non
1979 916 2161 992 perdit
2177 918 2276 993 jus
2301 935 2488 985 suum,
2517 920 2631 975 nisi

453 1026 767 1094 postquam,
803 1016 966 1090 Papa
1010 1016 1383 1091 acceptaverit
1432 1008 1928 1091 resignationem.²
2027 1014 2365 1073 Consensus
2413 1018 2638 1091 patroni

449 1113 581 1171 laici
606 1115 927 1185 requiritur,
960 1132 1137 1185 quum
1162 1114 1413 1184 alioquin
1442 1133 1547 1171 suo
1565 1115 1696 1189 jure
1731 1113 2106 1189 praesentandi
2135 1114 2378 1178 fraudati
2415 1113 2630 1172 videre-

453 1223 561 1279 tur,
592 1211 703 1269 alio
742 1213 802 1268 in
841 1212 1181 1269 beneficium
1225 1213 1439 1284 absque
1480 1213 1604 1287 ejus
1645 1230 1926 1269 consensu
1969 1213 2250 1271 immisso.
2333 1213 2632 1289 Acceptari

452 1310 619 1368 debet
643 1312 833 1377 etiam,
864 1322 1166 1383 antequam
1210 1311 1508 1387 resignans
1551 1329 1656 1368 suo
1699 1310 1862 1367 cadat
1889 1312 2040 1387 jure.
2126 1313 2192 1369 Si
2217 1312 2516 1387 resignans
2556 1313 2630 1369 sit

454 1410 737 1475 infirmuS‚
766 1416 823 1464 et
848 1408 992 1466 intra
1016 1410 1217 1484 viginti
1244 1408 1367 1467 dies
1396 1430 1429 1466 a
1451 1409 1833 1486 resignatione
1862 1408 2114 1478 decedat,
2141 1411 2446 1487 resignatio
2473 1420 2627 1467 caret

456 1508 677 1573 robore,
707 1515 765 1565 et
787 1508 1123 1565 beneficium
1164 1527 1265 1583 per
1302 1510 1520 1566 obitum
1560 1515 1824 1565 censetur
1861 1504 2111 1565 vacare.³
2191 1509 2376 1566 Debet
2399 1509 2522 1565 fieri
2561 1498 2634 1566 ob

456 1606 752 1664 utilitatem
780 1605 1083 1673 Ecclesiae,
1112 1607 1265 1665 haud
1306 1609 1523 1684 privato
1564 1606 1752 1665 studio
1787 1614 1842 1662 et
1881 1606 2119 1664 affectu:
2163 1607 2317 1679 quod
2355 1608 2405 1664 si
2432 1607 2530 1664 fiat
2566 1608 2640 1664 ob

456 1705 697 1772 lucrum,
746 1704 838 1761 vel
878 1705 1243 1763 commodum
1292 1706 1624 1781 temporale,
1667 1705 1926 1763 simoniae
1972 1706 2155 1763 labem
2199 1726 2398 1763 secum
2443 1706 2632 1763 trahit.

459 1804 787 1879 AEgrotauti
830 1823 945 1862 non
973 1805 1108 1861 licet
1132 1806 1592 1881 resignatiocum
1611 1804 1936 1865 conditione
1963 1806 2132 1861 etiam
2159 1806 2324 1862 tacita
2345 1820 2636 1881 regressus

462 1904 513 1961 si
540 1899 938 1959 convaluerit.⁴

542 2005 675 2058 106.
719 2001 1020 2059 Reservari
1049 2003 1246 2073 nequit
1272 2002 1476 2078 pensio
1502 2002 1712 2073 absque
1741 2002 1916 2077 Papae
1945 2002 2286 2069 auctoritate,
2315 2002 2388 2058 ob
2413 2018 2634 2073 aequam

460 2092 741 2167 causam,⁵
768 2100 949 2171 qualis
977 2100 1121 2157 foret
1148 2101 1392 2166 senium,
1410 2100 1504 2157 vel-
1521 2100 1818 2157 infirmitas
1844 2101 2203 2176 resignantis.

508 2190 676 2257 107.
722 2196 1104 2281 Permutatio
1150 2197 1688 2266 beneficiorumfit,
1730 2191 1866 2255 dum
1909 2197 2022 2255 duo
2071 2200 2128 2255 in
2169 2200 2420 2255 favorem
2465 2199 2644 2274 resig-

460 2308 617 2363 nant,
646 2296 784 2352 alter
810 2297 1058 2364 alterius,
1088 2305 1145 2353 et
1170 2298 1444 2355 vicissim.
1530 2297 1802 2373 Exigitur
1828 2297 2004 2372 Papae
2041 2298 2339 2355 auctoritas
2363 2316 2382 2363 ς
2422 2306 2479 2354 et
2503 2299 2553 2355 si
2579 2298 2642 2353 in

432 2394 705 2451 'diversis
746 2393 1089 2451 dioecesibus
1130 2396 1239 2451 sita
1278 2396 1411 2461 sint,
1454 2396 1748 2466 utriusque
1790 2396 2047 2470 episcopi
2089 2414 2426 2453 consensus.
2511 2404 2550 2431 ‘⁴
2577 2395 2646 2452 In

466 2492 945 2566 permutatione,”
978 2491 1165 2563 inquit
1188 2492 1266 2549 D.
1296 2492 1582 2559 ThomaS,
1627 2500 1666 2528 ‘⁴
1690 2502 1780 2549 est
1817 2494 2082 2557 simonia,
2111 2495 2161 2549 si
2189 2512 2292 2568 pro
2321 2495 2509 2565 aliquo
2538 2505 2645 2551 ter-

464 2608 604 2647 reno
646 2589 951 2647 commodo
997 2590 1324 2663 utriusque;
1368 2589 1459 2646 vel
1498 2589 1746 2658 alteriuS‚
1795 2590 1922 2646 talis
1965 2591 2330 2648 commutatio
2375 2592 2490 2649 fiat.
2578 2591 2643 2648 Si

468 2697 653 2745 autem
682 2706 787 2763 pro
816 2689 1007 2760 aliquo
1036 2688 1333 2764 spirituali,
1362 2696 1557 2763 utpote
1587 2689 1718 2761 quia
1744 2688 1839 2745 hic
1866 2689 1928 2745 in
1953 2686 2052 2745 illo
2077 2688 2204 2746 loco
2231 2689 2435 2747 melius
2462 2690 2648 2764 possit

467 2786 597 2844 Deo
624 2787 857 2856 servire,
888 2806 1003 2845 non
1029 2796 1117 2845 est
1142 2778 1484 2845 simonia.’'⁶
2560 2797 2564 2801 ’

550 2889 683 2943 108.
730 2885 811 2941 Ut
835 2887 967 2957 quis
994 2904 1173 2961 capax
1216 2886 1289 2942 sit
1326 2885 1594 2943 beneficii
1631 2882 1968 2961 possidendi
2007 2886 2308 2956 requiritur
2361 2890 2412 2942 l.
2445 2885 2526 2943 Ut
2563 2904 2636 2943 ex

468 2982 635 3041 thoro
660 2983 915 3059 legitimo
955 2994 1119 3041 natus
1146 2985 1251 3041 sit:
1296 2985 1604 3059 episcopus
1633 2993 1821 3042 tamen
1860 2982 2191 3057 dispensare
2218 2993 2404 3059 potest
2428 2994 2492 3042 ut
2516 3004 2650 3060 spu-

466 3082 585 3139 rius
613 3082 849 3158 recipiat
872 3082 1211 3141 beneficium
1240 3082 1510 3159 simplex,
1539 3084 1686 3139 sicut
1723 3092 1782 3139 et
1821 3082 2070 3139 minores
2108 3082 2334 3140 ordines
2375 3102 2504 3141 cum
2531 3093 2652 3141 ton·

467 3174 667 3237 sura:⁷
706 3182 879 3257 Papae
908 3180 1257 3239 desideratur
1284 3182 1587 3239 auctoritas
1627 3191 1690 3238 ut
1713 3182 1860 3239 ultra
1885 3180 2267 3257 progediatur.
2351 3188 2412 3240 2.
2458 3183 2541 3240 Ut
2577 3183 2652 3239 sit

468 3280 730 3347 clericus,
755 3290 986 3339 tonsura
1012 3281 1231 3339 scilicet
1252 3281 1449 3339 saltem
1481 3281 1732 3339 initiatus
1751 3274 1799 3337 :⁸
1827 3279 1980 3351 quod
2000 3281 2048 3337 si
2067 3259 2406 3339 beneficium
2436 3290 2648 3338 certum

468 3378 750 3450 quendam
780 3381 974 3456 exigat
998 3379 1279 3445 ordinem,
1308 3378 1473 3437 debet
1497 3380 1695 3437 saltem
1725 3380 1868 3437 intra
1897 3397 2106 3436 annum
2141 3397 2273 3437 eum
2303 3370 2649 3454 suscip.ere.⁹

469 3482 527 3535 3.
571 3477 741 3535 AEtas
770 3478 975 3536 idonea
1002 3471 1399 3549 requiritur;¹⁰
1438 3476 1507 3534 ad
1534 3478 1928 3552 episcopatum
1957 3476 2176 3533 scilicet
2199 3477 2520 3551 trigesimus
2550 3496 2649 3533 an-

545 3644 629 3708 (1)
672 3642 796 3689 Can.
822 3641 1071 3707 Plerique,
1095 3645 1143 3689 8.
1167 3657 1249 3703 qu.
1272 3641 1304 3687 i.
1419 3652 1422 3655 ·
1644 3643 1728 3708 (2)
1771 3640 1894 3703 Cap.
1915 3641 2002 3689 ult.
2026 3640 2086 3688 de
2107 3645 2298 3688 renunt.

541 3724 625 3791 (3)
665 3726 788 3786 Reg.
810 3726 1120 3773 Cancellariae
1144 3724 1203 3773 de
1228 3723 1467 3789 infirmia.
1635 3722 1642 3728 ’

548 3811 631 3874 (4)
675 3808 827 3858 Cone.
851 3809 985 3857 Trid.
1010 3809 1139 3857 Sess.
1160 3824 1277 3857 xxv.
1300 3826 1342 3857 c.
1364 3809 1446 3857 vii.
1469 3814 1517 3857 et
1539 3808 1672 3857 Bull.
1696 3807 1893 3856 cxxxiv.
1917 3807 2010 3855 Pii.
2028 3808 2092 3855 V.

544 3896 630 3959 (5)
670 3894 796 3942 Vide
818 3894 1006 3942 constit.
1025 3893 1279 3942 Benedicti
1299 3893 1439 3940 XIV.
1491 3892 1555 3941 In
1576 3890 1785 3942 sublimi
1807 3890 1937 3943 beati
1961 3892 2105 3942 Petri
2143 3890 2389 3942 cathedra.
2421 3892 2600 3942 editam
2621 3896 2656 3941 4

473 3976 569 4025 kal.
592 3976 725 4040 Sept.
755 3979 898 4025 1741.
920 3978 1009 4025 t.i.
1031 3993 1079 4040 p.
1100 3980 1180 4025 71.

548 4063 633 4126 (6)
673 4062 817 4110 Iniv.
841 4062 949 4109 dist.
971 4076 1088 4109 xxm
1112 4077 1193 4123 qu.
1214 4061 1283 4109 iii.
1306 4068 1392 4109 art.
1414 4062 1481 4109 iii.
1506 4062 1638 4111 adS.

546 4146 630 4211 (7)
672 4146 731 4194 C.
750 4146 781 4194 i.
805 4146 863 4195 de
882 4145 1021 4211 filiis
1034 4144 1311 4211 presbyter.
1335 4146 1388 4195 in
1412 4149 1458 4194 6.
1481 4154 1529 4195 et
1550 4164 1592 4196 c.
1615 4164 1700 4195 xx.
1724 4147 1782 4197 de
1803 4146 2044 4198 elect-ione.

454 4229 457 4233 '
550 4231 635 4294 (8)
676 4228 736 4276 C.
760 4230 823 4276 vi.
846 4228 903 4278 de
926 4233 1167 4278 transact.
1190 4235 1301 4276 etc.
1322 4229 1373 4279 ii.
1396 4228 1453 4279 de
1476 4229 1637 4281 instit.

547 4314 632 4379 (9)
673 4312 733 4360 C.
756 4313 875 4361 xxii.
898 4312 956 4363 de
978 4310 1107 4363 elect.
1129 4319 1180 4361 et
1198 4328 1268 4362 ex.
1286 4312 1560 4363 Clement.
1547 4315 1596 4363 ii.
1621 4312 1680 4364 de
1701 4318 1858 4365 aetate.
1903 4321 1954 4362 et
1975 4314 2128 4364 Conc-
2151 4314 2287 4363 Trid.
2305 4314 2434 4363 Sess.
2461 4314 2582 4363 xxii.
2605 4330 2650 4364 c.

474 4397 537 4445 iv.
558 4396 619 4445 de
640 4397 725 4445 ref.

552 4481 670 4545 (10)
710 4478 771 4527 C.
792 4478 875 4528 vii.
896 4476 955 4529 de
976 4476 1105 4530 elect.
