3117 5217
539 578 614 631 52
1051 572 1164 633 DE
1209 570 1579 633 DOMINIO
1620 570 2205 641 ACQUIRENDO.

1411 1144 1697 1205 CAPUT
1736 1146 1845 1205 lv.

1207 1358 1286 1399 DE
1327 1358 1587 1400 nonnum
1624 1360 2042 1406 Acqvmnnno.

619 1538 718 1593 45.
763 1533 844 1593 Ut
869 1552 994 1606 quae
1023 1532 1092 1591 de
1120 1531 1358 1591 dominii
1386 1532 1761 1605 acquisitione
1800 1532 2045 1593 dicenda
2079 1540 2211 1589 sunt
2248 1532 2409 1589 omni
2448 1528 2729 1604 ambigui-

540 1644 650 1691 tate
676 1642 924 1699 careant,
952 1630 1022 1689 de
1041 1633 1170 1708 jure
1197 1632 1470 1690 nonnulla
1495 1642 1629 1690 sunt
1652 1630 2060 1708 premittenda,
2114 1628 2235 1687 Jus
2258 1638 2347 1687 est
2369 1629 2623 1704 legitima
2648 1627 2730 1684 fa-

541 1732 720 1792 cultas
743 1731 812 1789 ad
833 1728 1047 1802 aliquid
1067 1730 1158 1787 vel
1178 1729 1522 1797 faciendum,
1537 1731 1630 1787 vel
1652 1729 2093 1807 prohibendum,
2116 1729 2207 1786 vel
2222 1726 2613 1793 obtinendum,
2634 1726 2729 1782 vd

540 1830 934 1895 retinendum;
967 1828 1056 1885 vel
1082 1826 1152 1885 ad
1172 1826 1444 1885 utendum
1467 1846 1557 1896 eo,
1586 1829 1678 1886 vel
1705 1828 1777 1886 de
1802 1848 1873 1887 eo
1900 1817 2343 1905 disponendum.
2396 1824 2514 1883 Jus
2543 1824 2613 1881 in
2634 1816 2725 1881 νει

543 1926 748 1986 dicitur
772 1925 999 1999 quando
1025 1944 1116 1985 res
1145 1926 1290 1982 facta
1315 1936 1404 1983 est
1429 1945 1552 1995 sua,
1582 1926 1723 1985 adeo
1750 1938 1813 1985 ut
1838 1928 1983 1986 actio
2010 1928 2067 1984 in
2097 1945 2221 1983 eam
2251 1926 2433 1991 detur,
2465 1943 2532 1979 v:
2564 1942 2636 1999 g:
2669 1924 2728 1979 in

545 2041 666 2081 rem
693 2035 942 2099 emptam
969 2034 1027 2080 et
1065 2022 1321 2081 traditam
1343 2017 1518 2103 :²ju8
1545 2024 1629 2083 ad
1647 2044 1773 2084 rem
1798 2026 2003 2084 dicitur
2028 2026 2079 2083 si
2116 2044 2208 2081 res
2248 2023 2447 2082 tradita
2472 2040 2588 2079 non
2630 2022 2729 2089 sit,

541 2122 620 2179 ita
647 2132 708 2180 ut
733 2124 880 2180 actio
907 2122 1068 2179 detur
1092 2123 1152 2179 in
1180 2141 1482 2198 personam
1511 2125 1938 2184 tantummodo:
1970 2144 2005 2180 v
2028 2144 2041 2180 ε
2086 2142 2125 2201 g
2147 2143 2161 2179 z
2203 2124 2264 2181 in
2290 2122 2642 2181 venditorem
2669 2129 2731 2179 ut

542 2240 792 2280 mercem
835 2220 1050 2279 tradere
1097 2230 1346 2297 cogatur.
1432 2224 1515 2281 Ut
1545 2224 1645 2299 jus
1686 2224 1745 2281 in
1786 2242 1847 2281 re
1886 2223 2177 2290 habeatur,
2206 2222 2311 2279 tria
2342 2221 2727 2292 requiruntur,

543 2338 750 2396 nempe
773 2338 886 2387 res,
908 2318 1148 2387 titulus,
1177 2329 1234 2375 et
1251 2319 1525 2379 traditio.
1580 2322 1821 2379 Fructus
1838 2322 2011 2380 futuri
2032 2339 2183 2379 anno
2199 2320 2463 2396 proximo
2488 2318 2734 2394 pertine-

540 2416 680 2474 bunt
705 2418 774 2474 ad
799 2417 963 2476 fundi
989 2417 1308 2486 dominum,
1342 2421 1435 2476 vel
1458 2420 1724 2478 beneficii
1750 2438 2167 2497 possessorem,
2198 2420 2297 2492 qui
2324 2428 2513 2475 tamen
2541 2417 2641 2492 jus
2668 2416 2731 2471 in

541 2515 614 2573 iis
653 2534 772 2577 non
797 2518 984 2584 habet,
1014 2535 1192 2589 quum
1220 2516 1472 2575 nondum
1512 2520 1778 2575 existant.
1860 2518 2181 2575 Deficiente
2223 2516 2385 2575 titulo
2418 2535 2534 2573 non
2563 2513 2733 2570 habet

543 2613 636 2673 sur
667 2615 766 2691 j-us
800 2616 858 2671 in
901 2614 972 2671 iis
1013 2631 1140 2685 quae
1173 2612 1462 2689 surripuit.
1546 2613 1796 2691 Emptor
1835 2614 1933 2685 qui
1972 2614 2143 2671 solvit
2183 2614 2428 2688 pretium
2470 2630 2573 2687 pro
2614 2610 2731 2667 fru-

543 2716 722 2773 menti
747 2714 976 2781 modiiS,
1006 2713 1097 2771 vel
1139 2713 1246 2771 alia
1287 2713 1552 2788 quapiam
1592 2730 1803 2780 merce,
1832 2712 2087 2771 nondum
2128 2721 2319 2769 tamen
2345 2710 2641 2786 designata
2674 2718 2735 2765 et

547 2812 764 2881 tradita,
785 2814 916 2890 jure
943 2812 1000 2867 in
1029 2812 1099 2868 iis
1126 2819 1296 2876 caret,
1327 2808 1468 2866 adeo
1493 2818 1555 2866 ut
1581 2812 1633 2867 si
1672 2829 1807 2868 casu
1847 2820 2099 2886 pereant,
2128 2811 2210 2867 nil
2249 2810 2377 2886 ipse
2404 2809 2595 2866 damni
2630 2826 2733 2882 pa-

548 2913 731 2968 tiatur.
818 2908 932 2974 Qui
961 2907 1130 2963 habet
1146 2908 1243 2982 jus
1270 2908 1328 2963 in
1359 2925 1439 2974 re,
1469 2916 1657 2983 potest
1682 2926 1808 2967 eam
1836 2909 1946 2966 sibi
1976 2908 2261 2966 vindicare
2285 2909 2504 2966 action‘e
2533 2905 2729 2963 reali:

547 3008 646 3079 qui
671 3006 842 3063 habet
856 3007 953 3082 jus
981 3004 1052 3061 ad
1087 3023 1232 3071 rem,
1263 3014 1476 3063 tantum
1505 3006 1887 3083 personalem
1928 3010 2208 3066 actionem
2250 3008 2541 3065 instituere
2583 3005 2733 3062 valet

547 3106 610 3163 in
635 3123 766 3162 eum
796 3106 893 3175 qui
919 3122 1037 3160 rem
1067 3103 1302 3161 reddere
1329 3116 1571 3162 recusat.

624 3206 723 3259 46.
765 3202 857 3261 Ad
884 3202 1201 3259 dominium
1229 3203 1632 3274 acquirendum
1664 3205 1797 3281 jure
1823 3205 1977 3263 civili
2002 3206 2364 3277 requiruntur
2389 3204 2729 3280 plerumque

547 3300 764 3359 titulus
792 3311 849 3357 et
874 3299 1160 3359 traditio.-
1193 3310 1230 3336 “
1249 3300 1642 3359 traditionibus
1670 3302 1922 3361 dominia
1947 3322 2155 3370 rerum,
2185 3322 2299 3360 non
2339 3301 2507 3359 nudis
2548 3300 2729 3375 pactis

548 3395 1052 3459 transferuntur.’'⁴
1132 3398 1416 3457 Caeterum
1470 3401 1682 3473 absque
1743 3400 2036 3459 traditione
2102 3401 2418 3459 dominium
2472 3399 2729 3467 habetur,

550 3497 776 3571 quando
803 3496 1015 3569 aliquid
1043 3496 1203 3555 datur
1229 3506 1322 3553 aut
1350 3499 1613 3556 venditur
1638 3500 1976 3567 civitatibuS‚
2006 3501 2285 3567 ecclesiis-¹,
2322 3509 2417 3556 aut
2454 3498 2578 3555 aliis
2620 3497 2733 3572 piis

546 3598 710 3667 locis,
759 3608 855 3656 aut
898 3597 957 3653 in
995 3595 1446 3672 redemptionem
1491 3594 1898 3674 eaptivomm.⁵
1976 3598 2046 3656 In
2090 3598 2383 3655 beneficiis
2421 3598 2519 3674 jus
2565 3597 2626 3653 in
2669 3614 2731 3652 re

552 3698 856 3768 acquiritur
896 3695 1018 3753 sola
1060 3696 1364 3755 collatione
1410 3706 1468 3753 et
1511 3685 1948 3772 acceptatione.⁶
2030 3696 2412 3763 HaereditatiS,
2462 3696 2583 3752 sive
2628 3712 2735 3769 per

549 3803 967 3862 testamentum,
1015 3796 1136 3853 sive
1183 3796 1252 3853 ab
1297 3797 1581 3863 intestato,
1628 3794 1948 3852 dominium
1994 3796 2297 3867 acquiritur
2341 3792 2730 3852 haereditatem

819 3980 903 4043 (1)
942 3978 1062 4026 Mat.
1078 3994 1125 4023 v.
1149 3981 1196 4025 6.

824 4064 908 4126 (2)
947 4069 976 4093 “
996 4060 1249 4123 Complete
1271 4062 1369 4110 and
1389 4065 1567 4125 perfect
1584 4064 1761 4126 right!
1795 4064 2127 4123 *Blackstonm
2150 4065 2181 4113 l.
2206 4064 2259 4113 ii.
2273 4079 2327 4112 n.
2348 4065 2462 4111 312.

825 4145 908 4207 (3)
948 4152 977 4175 “
993 4142 1221 4191 Inchoate
1244 4143 1340 4192 and
1361 4144 1607 4207 imperfect
1623 4146 1802 4208 right.”
1867 4147 2064 4196 Ibidem.

825 4228 910 4292 (4)
949 4226 1047 4274 Ex.
1069 4227 1160 4287 leg.
1183 4227 1302 4275 aad.
1326 4226 1448 4276 Cod.
1471 4229 1531 4276 de
1553 4230 1719 4291 pactis.

826 4314 848 4371 (
853 4314 910 4377 5)
949 4308 1008 4359 L.
1032 4311 1118 4359 ult.
1144 4310 1267 4359 cod.
1289 4311 1349 4359 de
1372 4314 1687 4361 sacrosanctis
1709 4313 1959 4362 Ecclesiis.

824 4397 909 4461 (6)
949 4392 1072 4457 Cap.
1095 4394 1151 4443 Si
1172 4394 1258 4443 tibi
1277 4396 1477 4443 absenti.
1511 4395 1589 4444 De
1610 4398 1751 4459 praeb.
1767 4396 1821 4444 in
1844 4398 1891 4443 6.
