3117 5217
544 561 623 618 88
1384 557 1499 616 DE
1540 556 1904 618 INJURIA.

538 741 697 782 mors
720 724 879 784 casui
904 722 1199 784 tribuenda
1224 723 1402 782 videri
1426 726 1632 800 possit,
1661 725 1875 802 quippe
1901 723 2002 782 vix
2039 739 2290 796 unquam
2319 741 2395 782 ex
2421 741 2594 781 causa
2623 720 2726 780 hu·

532 823 790 898 jusmodi
828 824 1113 896 sequitur;
1154 841 1335 896 quum
1374 833 1566 883 tamen
1610 843 1682 882 ex
1715 843 1786 882 ea
1817 840 1950 880 vere
1983 833 2178 882 secuta
2215 823 2308 889 sit,
2355 833 2414 880 et
2449 840 2620 881 causa
2653 821 2728 878 sit

544 933 755 980 temere
782 935 841 980 et
866 923 1115 998 maligno
1140 923 1333 982 animo
1359 925 1566 999 posita,
1594 921 1928 1001 imputanda
1953 917 2090 980 est.¹
2171 922 2288 980 Alii
2313 922 2724 984 contradicunt,

549 1037 695 1092 quos
720 1023 1031 1094 sequimur.

624 1121 759 1176 111.
806 1121 1009 1180 Utrum
1052 1139 1179 1192 quae
1214 1120 1291 1178 -fit
1333 1139 1409 1180 ex
1449 1139 1638 1180 errore
1681 1121 1826 1180 actio
1861 1121 2055 1187 noxia,
2097 1119 2308 1197 injuria
2347 1118 2606 1177 habenda
2649 1117 2726 1174 sit

545 1219 831 1289 quaeritur,
860 1240 934 1277 v:
964 1241 1035 1298 gt
1066 1220 1117 1278 si
1142 1220 1273 1292 quis
1306 1219 1542 1280 domum
1571 1219 1905 1288 incenderit,
1935 1228 2136 1296 putans
2176 1236 2304 1276 esse
2331 1219 2572 1284 inimici,
2601 1235 2727 1288 quae

541 1327 731 1376 tamen
763 1319 1011 1378 hominis
1057 1317 1287 1378 alterius
1332 1319 1534 1380 fuerit:
1575 1321 1626 1378 si
1667 1321 1796 1394 quis
1839 1329 2012 1378 noctu
2051 1316 2408 1394 agg-rediatur
2451 1318 2722 1390 aliquem,

544 1433 791 1490 eumque
818 1419 1133 1486 interficiat,
1162 1419 1336 1480 alium
1362 1438 1491 1479 esse
1514 1419 1870 1479 existimans.
1957 1417 2134 1476 Nulla
2159 1426 2248 1476 est
2269 1417 2412 1475 ratio
2439 1413 2731 1475 dubitandi

544 1533 677 1574 eum
716 1537 877 1577 reum
912 1538 1039 1578 esse
1074 1517 1325 1578 incendii
1366 1529 1425 1578 et
1457 1518 1775 1587 homicidii,
1821 1518 1922 1591 qui
1964 1520 2042 1576 ita
2079 1517 2278 1593 egerit,
2306 1535 2368 1574 re
2407 1517 2562 1574 enim
2597 1533 2732 1571 vera

542 1625 845 1692 utrumque
880 1619 988 1676 sibi
1026 1618 1219 1676 animo
1251 1620 1568 1696 proposuit.
1652 1618 1895 1678 Videtur
1931 1617 2102 1675 etiam
2143 1614 2424 1692 obligatus
2463 1614 2533 1673 ad
2571 1614 2732 1672 satis-

540 1713 867 1776 faciendum
907 1737 1013 1795 pro
1044 1718 1291 1774 viribus:
1330 1727 1539 1777 temere
1579 1719 1734 1778 enim
1773 1729 1832 1777 et
1868 1719 2007 1777 vitio
2047 1715 2222 1775 animi
2259 1733 2488 1773 causam
2533 1713 2728 1772 damni

546 1816 757 1890 posuit,
806 1819 1067 1889 quamvis
1108 1815 1350 1874 defuerit
1378 1818 1615 1877 intentio
1650 1819 1788 1876 huic
1824 1816 2091 1876 nocendi.
2176 1813 2493 1873 Contrariae
2540 1823 2729 1871 tamen

546 1916 839 1973 sententiae
882 1916 1073 1988 aliqua
1110 1933 1185 1972 ex
1223 1925 1381 1991 parte
1408 1916 1746 1994 suffragatur
1771 1917 1837 1976 S.
1867 1917 2222 1994 Alphonsus,
2251 1914 2446 1972 dicens
2485 1912 2557 1970 ad
2586 1931 2733 1971 onus

542 2014 913 2071 restitutionis
940 2018 1157 2074 ratione
1184 2013 1662 2076 damnificationis
1701 2017 1918 2090 requiri
1945 2017 2230 2074 actionem
2270 2013 2598 2080 formaliter,
2627 2031 2732 2070 seu

546 2111 861 2172 voluntarie
890 2113 1223 2191 injuriosam
1252 2115 1311 2172 in
1350 2114 1588 2174 alterum
1615 2117 1714 2189 qui
1740 2106 2016 2174 laeditur-²
2095 2114 2163 2173 In
2189 2114 2336 2172 furto
2365 2121 2555 2171 autem
2582 2131 2732 2170 erro-

544 2229 665 2270 rem
694 2231 953 2288 personae
978 2234 1096 2273 non
1122 2214 1345 2272 obstare
1366 2214 1588 2284 fatetur,
1618 2216 1754 2289 quia
1777 2235 1870 2274 res
1898 2215 2084 2274 aliena
2109 2223 2198 2272 est
2223 2215 2573 2290 praecipuum
2600 2211 2732 2270 furti

542 2312 865 2387 objectum:
910 2332 1089 2386 quum
1126 2313 1398 2372 damnum
1438 2315 1672 2373 inimico
1699 2313 2056 2374 inferendum
2086 2315 2370 2391 praecipue
2397 2312 2732 2387 respiciatur

546 2411 855 2488 inactione
882 2412 1205 2472 damnifica.
1287 2412 1324 2470 J
1328 2431 1395 2471 us
1422 2414 1590 2472 civile
1617 2416 1676 2472 in
1701 2424 1943 2488 utroque
1983 2432 2120 2472 casu
2145 2411 2418 2471 damnum
2449 2412 2616 2489 jubet
2645 2429 2732 2468 re-

544 2507 890 2585 parandum:
952 2521 991 2548 “
1014 2513 1082 2570 Si
1108 2512 1313 2588 injuria
1340 2513 1483 2570 mihi
1510 2514 1605 2572 fiat
1631 2515 1700 2571 ab
1740 2533 1812 2572 eo
1850 2515 1945 2572 cui
1969 2514 2080 2572 sim
2107 2513 2369 2588 ignotus:
2401 2520 2496 2569 aut
2519 2511 2571 2567 si
2599 2511 2726 2583 quis

544 2619 704 2685 putet
730 2627 822 2666 me
849 2611 1093 2671 Lucium
1120 2613 1341 2671 Titium
1366 2631 1516 2681 esse,
1538 2633 1672 2672 cum
1699 2615 1809 2671 sim
1839 2611 2018 2670 Caius
2045 2613 2250 2670 Seius:
2283 2611 2548 2688 praevalet
2573 2607 2727 2683 quod

540 2709 857 2788 principale
882 2723 989 2779 est,
1008 2713 1275 2790 injuriam
1302 2732 1431 2772 eum
1462 2713 1605 2771 mihi
1631 2713 1818 2770 facere
1842 2713 2008 2770 velle.
2063 2713 2218 2770 Nam
2241 2720 2426 2768 certus
2447 2728 2556 2787 ego
2575 2727 2726 2774 sum,

539 2806 677 2866 licet
701 2809 795 2866 ille
823 2819 985 2885 putet
1008 2829 1099 2868 me
1120 2812 1291 2868 alium
1313 2830 1440 2868 esse
1460 2829 1631 2883 quam
1647 2829 1796 2878 sum,
1819 2820 1876 2868 et
1896 2811 2027 2869 ideo
2042 2811 2372 2888 injuriarum
2396 2803 2726 2889 (actionem)

548 2900 832 2963 habeo.”³

892 3105 943 3178 §.
986 3110 1045 3164 2.
1090 3107 1185 3164 Du
1228 3125 1608 3165 mmmnurru
1651 3126 1691 3164 A
1728 3125 2169 3173 consanum-nno
2211 3125 2388 3164 nono.

629 3282 764 3338 112.
807 3280 923 3346 Qui
948 3282 1149 3340 litteris
1178 3285 1501 3361 interceptis
1530 3284 1771 3361 impedit
1807 3308 1880 3348 ne
1909 3287 2052 3346 alius
2085 3292 2465 3357 consequatur
2491 3299 2727 3349 munuS,

544 3378 765 3455 injuriae
793 3398 923 3437 reus
950 3390 1071 3438 est:
1117 3382 1359 3456 quilibet
1384 3385 1536 3442 enim
1570 3385 1668 3461 jus
1695 3384 1866 3447 habet
1905 3406 1977 3446 ne
2016 3385 2212 3444 litterae
2253 3403 2381 3457 quae
2410 3401 2542 3441 eum
2567 3399 2731 3456 spec·

544 3488 665 3536 tant
709 3488 921 3537 temere
965 3482 1410 3559 intercipiantur.
1496 3483 1654 3541 Hinc
1695 3486 1878 3545 scriba
1922 3486 2331 3543 Gubernatoris
2374 3483 2473 3555 qui
2517 3481 2732 3538 litteras

498 3569 503 3574 ’
542 3579 771 3656 seponit
810 3579 1242 3652 aliquantulum,
1286 3591 1349 3640 ut
1387 3600 1594 3639 munus
1640 3582 1797 3641 alteri
1838 3585 2066 3644 interim
2105 3585 2441 3650 conferatur,
2485 3580 2731 3657 injustus

543 3679 816 3746 noscitur,
864 3688 921 3736 et
962 3683 1491 3759 compensationem
1536 3679 1724 3750 debet,
1773 3705 1878 3762 pro
1915 3684 2042 3761 spei
2071 3684 2308 3750 ratione,
2352 3699 2479 3753 quae
2516 3678 2732 3755 petenti

544 3776 873 3854 affligebat,
902 3781 1308 3840 aestimandam.
1394 3780 1458 3838 Si
1485 3781 1624 3870 quis
1645 3781 1874 3844 alterius
1900 3785 2111 3842 litteras
2140 3802 2270 3840 casu
2308 3789 2531 3856 apertas
2557 3778 2729 3854 legat,

542 3882 601 3929 et
627 3885 811 3932 utatur
834 3878 1033 3934 notitia
1058 3881 1190 3939 inde
1230 3881 1497 3948 derivata,
1528 3878 1601 3937 ad
1641 3883 1760 3940 suis
1788 3882 2118 3941 utilitatibus
2145 3878 2580 3944 consulendum,
2611 3895 2733 3934 non

542 3970 763 4030 videtur
802 3975 1021 4050 injuriae
1048 3998 1201 4046 reus,
1234 3979 1548 4038 dummodo
1577 3981 1634 4037 in
1672 3981 1844 4051 illius,
1881 3998 2058 4058 penes
2100 3999 2269 4052 quam
2311 3990 2470 4038 erant
2506 3978 2730 4043 litterae,

544 4067 941 4129 detrimentum
979 4091 1045 4129 ea
1078 4095 1195 4134 non
1234 4087 1437 4135 utatur.
1522 4079 1770 4148 Famuli,
1799 4083 1998 4140 scribae
2039 4079 2247 4152 aliique
2289 4077 2440 4154 apud
2475 4075 2728 4148 aliquem

543 4169 726 4244 pretio
753 4169 1015 4227 conducti
1042 4174 1331 4250 injustitiae
1358 4176 1440 4232 rei
1466 4187 1617 4245 sunt,
1645 4181 1694 4236 si
1735 4190 1957 4240 utantur
1983 4179 2181 4238 notitia
2207 4197 2276 4235 ea
2301 4176 2604 4248 occasione
2632 4175 2730 4232 ha-

686 4320 770 4385 (1)
810 4320 939 4369 Vide
954 4323 1083 4384 apud
1107 4323 1339 4386 Can-iere,
1361 4329 1454 4376 vol.
1477 4328 1527 4377 ii.
1550 4345 1601 4378 n.
1626 4334 1742 4380 ⁷22.
2104 4333 2188 4396 (2)
2229 4329 2288 4378 L.
2310 4329 2379 4378 iii.
2401 4344 2451 4377 n.
2475 4330 2590 4376 629.

953 4405 1037 4471 (3)
1072 4404 1130 4454 L.
1158 4410 1234 4457 18.
1265 4413 1311 4468 ς.
1336 4413 1383 4458 3.
1405 4409 1455 4459 ff.
1480 4411 1614 4460 xlvii.
1636 4428 1686 4461 x.
1708 4413 1768 4462 de
1792 4413 1962 4482 Injtm·
1973 4418 2022 4464 et
2029 4413 2167 4482 fam.
2190 4412 2336 4466 libell.
