3117 5217
1073 573 1189 632 DE
1230 574 1903 634 RESTITUTIONE.
2469 581 2582 635 117

412 744 723 818 praesertim
750 744 968 810 mortis,
998 752 1055 801 et
1098 744 1313 816 absque
1354 743 1545 816 aliquo
1587 743 1771 801 furem
1799 743 2103 820 adjuvandi
2137 743 2368 812 affectu,
2397 745 2603 820 poterit

412 843 691 909 excusari,
722 861 896 914 quum
934 842 1201 900 dominus
1246 852 1495 915 nequeat
1532 842 1678 899 velle
1704 861 1796 900 res
1825 861 1958 901 suas
1985 843 2196 900 servari
2225 861 2356 900 cum
2385 844 2598 918 gravis-

412 941 562 998 simo
601 941 829 998 alterius
891 940 1249 1009 detrimento,
1290 942 1468 1001 multo
1521 942 1714 1000 minus
1767 961 1900 999 cum
1951 942 2078 998 vitae
2122 943 2362 1019 jactura.
2446 941 2598 998 Vide

414 1048 603 1097 tamen
628 1041 809 1098 varias
837 1041 945 1098 hac
972 1040 1042 1098 de
1062 1059 1121 1098 re
1150 1041 1455 1098 sententias
1476 1040 1630 1118 apud
1658 1040 1722 1098 S.
1754 1040 2118 1117 Alphonsum
2147 1039 2218 1098 de
2247 1035 2532 1116 Ligorio.¹

496 1143 628 1198 190.
672 1138 913 1206 Mutua,
954 1157 1078 1198 non
1105 1139 1375 1206 obstans,
1406 1157 1530 1198 non
1570 1139 1996 1221 manifestam,
2039 1149 2302 1197 tenentur
2339 1158 2598 1215 reparare

412 1235 680 1297 damnum
710 1239 779 1295 ab
804 1239 936 1296 aliis·
960 1239 1199 1306 illatum,
1229 1256 1290 1295 se
1331 1239 1483 1296 haud
1524 1240 1996 1314 repugnantibus,
2025 1237 2498 1310 quandocumque
2525 1256 2601 1295 ex

410 1335 605 1394 officio
632 1348 691 1393 et
707 1337 929 1414 justitia
954 1336 1025 1392 ad
1062 1335 1499 1412 repugnandum
1541 1337 1884 1413 obligantur.
1969 1337 2069 1396 Sic
2109 1338 2474 1414 magistratus
2504 1338 2602 1409 qui
2638 1351 2647 1359 ·

412 1433 643 1502 damna,
674 1454 799 1506 quae
827 1435 1105 1510 impedire
1132 1419 1394 1510 possunt,
1436 1436 1654 1493 civibus
1681 1437 1878 1494 inferri
1907 1436 2119 1503 sinunt,
2149 1445 2411 1494 tenentur
2436 1435 2508 1493 ad
2535 1455 2606 1492 ea

407 1532 790 1591 resarcienda.
875 1533 1101 1592 Famuli
1130 1535 1231 1606 qui
1257 1553 1351 1591 res
1372 1525 1481 1593 sibi
1514 1534 1872 1594 concreditas
1892 1536 1962 1591 ab
1987 1534 2114 1592 aliis
2139 1535 2351 1611 surripi
2377 1536 2600 1610 patiun-

408 1642 519 1700 tur,
552 1631 751 1690 eadem
782 1641 1043 1691 tenentur
1068 1633 1435 1710 obligatione.
1520 1632 1811 1692 Custodes
1851 1632 2172 1700 domorum,
2202 1633 2294 1690 vel
2319 1651 2602 1709 agrorum,

411 1732 509 1802 qui
540 1730 891 1807 stipendium
924 1749 993 1788 ea
1018 1731 1089 1789 de
1130 1750 1301 1790 causa
1346 1733 1654 1808 accipiunt,
1699 1732 1900 1790 eadem
1941 1732 2158 1791 ratione
2187 1732 2452 1809 ligantur.
2539 1732 2606 1788 Si

410 1829 543 1887 vero
573 1831 703 1903 quis
730 1829 923 1888 officio
958 1840 1016 1887 et
1049 1831 1271 1907 justitia
1309 1829 1379 1888 ad
1425 1830 1846 1889 reclamandum
1890 1848 2004 1890 non
2049 1840 2323 1898 teneatur,
2367 1831 2610 1906 graviter

416 1946 845 2001 nonnumquam
874 1939 1073 2004 peccat
1096 1939 1291 1988 contra
1310 1929 1660 1998 charitatem,
1683 1930 1818 1988 dum
1839 1948 1958 1988 non
1985 1930 2213 1999 clamat,
2241 1947 2350 1986 nec
2369 1930 2604 1995 resistit,

407 2027 517 2084 alio
543 2028 817 2085 inferente
845 2027 1117 2086 damnum
1141 2048 1158 2095 3
1202 2028 1437 2096 nullam,
1469 2041 1661 2088 tamen
1688 2029 1856 2086 debet
1879 2030 2322 2088 restitutionem.

498 2130 631 2184 191.
694 2126 939 2193 Quando
986 2124 1203 2184 dubitat
1244 2129 1374 2199 quis
1420 2137 1608 2186 utrum
1655 2146 1822 2187 suum
1876 2127 2200 2196 consilium,
2248 2127 2599 2194 mandatum,

414 2244 749 2294 consensuS‚
780 2243 1064 2290 recursus,
1094 2226 1365 2302 palpatio,
1393 2227 1764 2294 taciturnitas,
1786 2244 1959 2284 causa
1983 2225 2386 2283 fuerit-efficax
2407 2224 2602 2282 damni

414 2325 603 2392 alieni,
632 2335 894 2397 quaerunt
916 2325 1064 2382 inter
1102 2344 1165 2382 se
1206 2324 1459 2400 theologi
1503 2324 1575 2382 de
1613 2323 1947 2383 restituendi
1986 2325 2351 2402 obligatione.
2435 2323 2603 2382 Affir-

411 2441 577 2480 mans
602 2424 880 2481 sententia
906 2423 1069 2481 valde
1096 2424 1407 2500 probabilis
1442 2423 1682 2482 habetur
1707 2443 1740 2480 a
1759 2424 1825 2481 S.
1850 2423 2188 2499 Alphonso:
2232 2441 2448 2499 negans
2467 2423 2602 2480 satis

416 2522 585 2578 etiam
612 2521 953 2597 probabilis3
997 2522 1258 2593 quamvis
1285 2523 1439 2578 enim
1482 2522 1671 2604 gravis
1709 2525 1786 2579 sit
1822 2523 2196 2597 praesumptio
2221 2522 2490 2579 effectum
2531 2539 2607 2578 ex

420 2638 599 2695 pravo
639 2621 901 2688 consilio,
946 2630 1041 2678 aut
1083 2621 1191 2678 alia
1228 2618 1561 2696 hujusmodi
1603 2637 1793 2687 causa,
1837 2617 2114 2686 fluxisse3
2155 2628 2400 2678 attamen
2438 2637 2612 2678 nemo

412 2717 635 2775 videtur
660 2718 728 2775 ad
755 2719 1166 2785 restituendum
1194 2718 1502 2794 obligatae,
1530 2717 1646 2775 nisi
1672 2719 1810 2775 satis
1837 2725 2062 2774 constet
2085 2735 2220 2774 eum
2246 2717 2425 2774 fuisse
2455 2716 2610 2773 dam-

416 2818 476 2874 ni
502 2809 790 2875 causam.52
868 2818 933 2874 S.
964 2818 1227 2876 Thomas
1256 2815 1397 2874 dicit
1412 2816 1708 2892 jubentem
1729 2816 1990 2887 aliosque
2017 2833 2247 2891 semper
2271 2815 2508 2892 obligari
2534 2813 2606 2872 ad

417 2915 827 2974 restituendum
855 2936 870 2972 ε
916 2924 954 2950 “
977 2917 1037 2972 in
1064 2916 1191 2975 aliis
1218 2925 1408 2974 autem
1450 2915 1674 2972 casibus
1717 2913 2084 2982 enumeratis,
2114 2933 2230 2972 non
2259 2932 2488 2990 semper
2513 2915 2610 2972 ob-

416 3013 623 3090 ligatur
667 3014 873 3087 aliquis
900 3013 971 3071 ad
997 3013 1429 3072 restituendum.
1513 3013 1651 3070 Non
1693 3015 1846 3072 enim
1889 3032 2122 3088 semper
2164 3013 2488 3081 consilium,
2519 3012 2612 3070 vel

413 3112 677 3180 adulatio,
718 3112 1065 3185 velaliquid
1105 3112 1458 3189 hujusmodi,
1504 3121 1595 3170 est
1631 3113 1838 3170 efficax
1884 3131 2056 3170 causa
2093 3113 2325 3188 rapinae.
2433 3112 2604 3170 Unde

416 3222 551 3268 tunc
578 3211 767 3269 solum
796 3220 1019 3270 tenetur
1044 3211 1391 3286 consiliator,
1421 3221 1517 3268 aut
1544 3211 1736 3288 palpo,
1765 3211 1826 3269 id
1864 3221 1953 3269 est
1991 3210 2264 3279 adulator,
2294 3211 2364 3268 ad
2390 3211 2613 3269 restitu-

416 3309 651 3378 endum,
706 3311 933 3383 quando
978 3310 1343 3386 probabiliter
1386 3311 1655 3368 aestimari
1699 3320 1906 3388 potest,
1956 3311 2110 3384 quod
2155 3328 2231 3368 ex
2275 3309 2638 3386 hujusmodi·

420 3409 605 3466 causis
627 3409 796 3466 fuerit
819 3410 1029 3487 injusta
1056 3409 1313 3485 acceptio
1340 3393 1740 3467 subsecutam

497 3511 631 3564 192.
677 3507 755 3566 In
793 3507 1057 3566 solidum-
1094 3508 1168 3566 ad
1207 3508 1623 3567 restitutionem
1663 3508 1840 3566 teneri
1887 3509 2173 3572 dicuntur,
2201 3524 2442 3577 quorum
2491 3507 2608 3562 sin-

419 3606 539 3682 guli
567 3605 637 3662 ad
663 3615 841 3664 totum
869 3606 1139 3666 damnum
1178 3605 1574 3683 reparandum,
1615 3606 1832 3664 coeteris
1877 3603 2313 3680 negligentibus,
2358 3602 2612 3678 obligan-

419 3714 525 3762 tur.
612 3704 742 3761 Hac
766 3705 983 3763 ratione
1026 3715 1288 3764 tenentur
1326 3706 1409 3764 illi
1451 3705 1549 3777 qui
1591 3715 1936 3762 concurrunt
1975 3701 2046 3758 ad
2087 3719 2210 3758 rem
2253 3699 2606 3760 individuam

418 3802 844 3872 destruendam,
873 3823 941 3862 v:
973 3823 1043 3880 g:
1088 3803 1158 3860 ad
1183 3803 1599 3864 incendendam
1629 3802 1883 3868 domum,
1913 3799 1980 3856 ad
2023 3797 2396 3859 occidendum
2426 3801 2610 3858 homi-

420 3921 571 3970 nem,
600 3905 651 3960 si
678 3903 803 3960 sine
844 3903 985 3980 ipsis
1018 3902 1108 3961 vel
1149 3903 1273 3960 aliis
1314 3902 1559 3960 similem
1603 3917 1839 3975 operam
1880 3899 2293 3974 praestantibus,
2338 3899 2609 3958 damnum

418 4019 534 4060 non
562 3976 881 4060 inferretur.
926 4002 1097 4067 Quod
1124 4002 1174 4059 si
1200 4001 1471 4058 damnum
1492 4015 1654 4069 aeque
1677 3998 1928 4057 eveniret
1947 3998 2158 4068 absque
2185 4016 2384 4058 eorum
2413 4017 2608 4075 opera,

418 4100 675 4176 singulos
690 4118 807 4178 pro
836 4107 975 4160 rata
1001 4110 1155 4176 parte
1184 4099 1366 4157 teneri
1391 4096 1584 4173 plures
1613 4096 1861 4173 theologi
1894 4096 2120 4164 docent,
2150 4097 2276 4155 aliis
2304 4099 2606 4156 asserenti-

415 4198 521 4256 bus
548 4217 649 4257 eos
676 4201 735 4258 in
762 4200 1011 4259 solidum
1040 4197 1299 4275 obligari.
1384 4197 1587 4254 Mitior
1627 4198 1906 4256 sententia
1947 4196 2104 4274 gravi
2145 4197 2338 4254 nititur
2363 4198 2600 4261 ratione,
2648 4193 2658 4196 ’

694 4426 703 4434 “
753 4425 838 4490 (1)
876 4422 937 4472 L.
959 4423 1027 4472 iii.
1047 4438 1098 4472 n.
1121 4425 1237 4472 571.
1788 4421 1872 4486 (2)
1911 4418 1972 4468 L.
1992 4419 2061 4469 iii.
2083 4435 2132 4468 n.
2156 4421 2274 4470 562.

1060 4509 1150 4574 (3)
1190 4509 1237 4556 2.
1261 4511 1308 4556 2.
1331 4523 1412 4571 qu.
1434 4505 1539 4556 lxii.
1563 4510 1649 4556 art.
1671 4503 1751 4553 vii.
1819 4503 1970 4571 Κεφ.
