3117 5217
1261 571 1374 631 DE
1419 572 1797 632 SIMONIA.
2508 576 2629 633 245

439 736 592 810 quod
617 738 818 811 aliquis
846 736 942 795 det
977 754 1100 795 rem
1126 737 1474 815 spiritualem
1515 757 1623 815 pro
1664 736 1856 810 aliquo
1879 736 2159 809 obsequio
2200 737 2497 815 temporali
2521 758 2620 799 ex-

437 836 638 905 hibito,
667 837 758 895 vel
783 836 1128 905 exhibendO,
1160 856 1224 894 ae
1251 838 1302 894 si
1322 837 1479 895 daret
1503 856 1609 913 pro
1636 837 1877 913 pecunia
1903 833 2032 893 data
2058 836 2151 894 vel
2175 838 2479 911 promissa,
2509 858 2621 912 qua

439 936 582 994 illud
607 937 944 1009 obsequium
972 936 1236 995 aestimari
1254 945 1467 1012 posset.
1552 936 1831 994 Similiter
1848 936 2020 993 etiam
2048 934 2201 1009 quod
2228 936 2431 1009 aliquis
2460 938 2619 995 satis-

437 1035 606 1093 faciat
647 1036 908 1111 precibus
955 1035 1196 1113 alicujus
1237 1035 1308 1093 ad
1353 1036 1721 1112 temporalem
1760 1036 1995 1111 gratiam
2038 1033 2419 1108 quaerendam,
2468 1036 2645 1095 ordi-·

435 1144 598 1192 natur
623 1134 693 1191 ad
735 1135 985 1207 aliquam
1023 1134 1358 1194 utilitatem:
1404 1154 1530 1208 quae
1574 1142 1762 1211 potest
1802 1135 2057 1209 pecuniae
2099 1136 2282 1211 pretio
2306 1136 2614 1204 ,aestimari

438 1234 518 1291 Et
542 1234 675 1291 ideo
696 1234 842 1291 sicut
865 1233 1213 1292 contrahitur
1232 1236 1478 1292 simonia
1498 1232 1837 1308 accipiendo
1849 1234 2170 1309 pecuniam,
2194 1234 2283 1291 vel
2310 1236 2618 1306 quamlibet

438 1334 606 1391 aliam
633 1351 754 1390 rem
781 1333 1144 1399 exteriorem,
1187 1333 1341 1405 quod
1369 1334 1613 1409 pertinet
1653 1331 1722 1389 ad
1762 1351 1970 1390 munus
2015 1352 2047 1389 a
2086 1352 2291 1400 manu;
2335 1335 2411 1391 ita
2448 1335 2616 1392 etiam

436 1432 779 1490 contrahitur
804 1448 907 1506 per
932 1450 1137 1489 munus
1179 1450 1212 1487 a
1236 1433 1447 1508 lingua,
1487 1432 1579 1489 vel
1619 1432 1687 1488 ab
1726 1427 2101 1504 obsequio.”¹
2185 1433 2514 1504 Nequidem
2543 1434 2614 1491 ob

435 1532 687 1589 laborem
723 1514 827 1603 ‘qui
867 1531 1016 1587 actui
1063 1538 1224 1588 sacro
1262 1529 1585 1589 necessario
1631 1530 1997 1606 impenditur,
2027 1530 2164 1603 quid
2207 1541 2395 1607 potest
2438 1533 2613 1608 exigi,

435 1631 696 1702 quamvis
725 1631 796 1687 ob
824 1630 1181 1688 extrinsecus
1211 1630 1605 1689 advenientem
1628 1627 2037 1696 difficultatem,
2066 1648 2133 1687 v:
2163 1650 2232 1707 g:
2264 1631 2369 1687 iter
2394 1632 2616 1708 longin-

435 1748 647 1802 quum;
694 1730 784 1787 vel
809 1730 882 1787 ob
924 1747 1070 1787 onus
1109 1736 1313 1787 statuta
1350 1729 1491 1788 hora
1531 1746 1739 1787 munus
1782 1726 2109 1805 peragendi,
2154 1728 2367 1802 aliquid
2406 1731 2617 1801 absque

435 1828 559 1886 labe
587 1829 844 1887 simoniae
877 1828 1086 1904 accipit
1111 1829 1293 1909 possit
1316 1848 1340 1885 ι
1380 1848 1452 1885 v:
1483 1848 1559 1905 g:
1604 1828 1654 1886 si
1695 1828 1824 1901 quis
1852 1828 2098 1885 Missam
2138 1830 2291 1887 circa
2316 1828 2614 1896 meridiem

435 1928 698 1985 celebret.

512 2031 608 2084 59.
653 2025 1098 2105 Simoniajuris
1126 2025 1323 2085 divini
1343 2046 1411 2084 ea
1437 2036 1524 2085 est
1549 2046 1676 2099 quae
1705 2029 1765 2085 in
1790 2046 1853 2085 se
1882 2028 2028 2091 mala
2048 2036 2154 2095 est,
2184 2036 2377 2103 utpote
2398 2028 2613 2102 emptio

431 2126 520 2202 vel
549 2126 799 2185 venditio
825 2126 907 2183 rei
933 2144 1138 2182 sacrae:
1169 2127 1416 2184 simonia
1425 2126 1601 2205 juris
1631 2124 2014 2189 ecclesiastici
2036 2126 2361 2193 admittitur,
2392 2127 2612 2198 quoties

435 2226 656 2297 aliquid
698 2226 760 2282 fit
785 2233 994 2282 ‘contra
1039 2225 1294 2281 ecclesiae
1333 2226 1591 2293 vetitum,
1617 2223 1770 2297 quod
1808 2225 1881 2282 ob
1907 2225 2165 2282 simoniae
2208 2224 2522 2300 periculum
2563 2233 2619 2281 et

435 2324 684 2397 speciem
705 2324 877 2380 latum
903 2332 1008 2379 est.
1094 2323 1275 2382 Porro
1303 2342 1536 2382 necesse
1570 2343 1687 2381 non
1714 2334 1802 2381 est
1826 2333 1889 2381 ut
1913 2303 2079 2399 pretii
2107 2324 2383 2382 rationem
2410 2324 2614 2381 habeat

433 2422 676 2496 pecunia
715 2440 819 2496 pro
861 2440 921 2498 re
965 2421 1243 2496 spirituali
1287 2421 1450 2490 data;
1491 2424 1541 2479 si
1584 2424 1737 2481 enim
1781 2432 2066 2494 tamquam
2093 2422 2391 2481 motivum
2419 2422 2610 2481 confe-

430 2520 591 2576 rendi
621 2519 910 2597 spirituale
940 2518 1120 2585 detur,
1152 2522 1348 2577 vitium
1391 2520 1550 2578 adest
1588 2521 1868 2587 simoniae,
1900 2521 1980 2578 uti
2022 2531 2242 2578 constat
2282 2540 2355 2578 ex
2383 2521 2611 2579 damna-

430 2618 585 2676 tione
613 2618 903 2676 contrariae
943 2619 1392 2693 propositionis:
1439 2627 1478 2653 ‘⁴
1501 2620 1656 2676 Dare
1686 2618 1995 2693 temporale
2036 2637 2139 2693 pro
2178 2619 2455 2695 spirituali
2493 2639 2610 2678 non

428 2729 514 2774 est
558 2720 820 2785 simonia,
869 2716 1096 2789 quaudo
1135 2718 1444 2792 temporale
1490 2736 1606 2776 non
1652 2716 1814 2773 datur
1860 2726 2146 2789 tamquam
2194 2709 2459 2793 pretium,
2508 2716 2609 2775 sed

429 2815 722 2875 dumtaxat
748 2827 1034 2889 tamquam
1063 2818 1339 2874 motivum
1369 2816 1719 2883 conserendi,
1750 2804 1841 2873 vel
1868 2814 2156 2873 efficiendi
2183 2816 2491 2893 spirituale,
2516 2819 2607 2876 vel

427 2916 595 2973 etiam
625 2915 851 2987 quando
880 2916 1190 2991 temporale
1211 2916 1286 2971 sit
1311 2916 1495 2974 solum
1517 2916 1755 2993 gratuita
1777 2916 2167 2991 compensatio
2188 2936 2291 2991 pro
2313 2916 2608 2991 spirituali,

427 3014 518 3071 vel
545 3032 575 3070 e
603 3014 860 3075 eontra‚”
947 3022 986 3048 ‘⁶
1010 3014 1090 3071 Et
1129 3013 1188 3071 id
1228 3033 1454 3085 quoque
1495 3016 1685 3073 locum
1726 3014 1916 3082 habet,
1946 3015 2171 3071 etiamsi
2200 3016 2507 3090 temporale
2536 3018 2610 3075 sit

424 3114 738 3189 principale
765 3111 1037 3171 motivum
1063 3112 1234 3173 dandi
1276 3114 1593 3189 spirituale,
1636 3114 1751 3171 imo
1792 3115 2015 3171 etiamsi
2044 3114 2117 3171 sit
2141 3114 2272 3171 finis
2301 3114 2481 3189 ipsius
2523 3116 2605 3173 rei

421 3213 750 3287 spiritualiS,
781 3214 866 3270 sic
891 3222 952 3270 ut
977 3212 1116 3270 illud
1144 3213 1324 3289 pluris
1350 3215 1674 3289 aestimetur,
1705 3232 1874 3286 quam
1906 3196 2432 3294 res'spiritualis.'’²

503 3316 599 3369 60.
645 3310 936 3389 ,Marandis
963 3312 1209 3371 simonia
1233 3331 1302 3369 ea
1345 3323 1432 3370 est
1469 3332 1596 3386 quae
1638 3322 1824 3371 mente
1860 3313 2089 3381 celatur,
2133 3312 2274 3371 adeo
2300 3321 2362 3369 ut
2386 3314 2605 3371 nullum

425 3410 732 3469 intercedat
755 3413 900 3469 inter
937 3410 1164 3469 dantem
1206 3421 1264 3468 et
1301 3413 1665 3487 recipientem
1709 3422 1957 3487 pactum,
2002 3412 2261 3484 quamvis
2304 3429 2373 3467 eo
2415 3414 2605 3469 animo

424 3508 586 3567 detur
610 3529 701 3567 res
742 3510 1088 3585 temporali&
1132 3520 1193 3567 ut
1233 3509 1539 3584 spiritualis
1582 3519 1963 3585 comparetur.
2047 3510 2147 3565 Sic
2189 3509 2289 3581 qui
2329 3509 2478 3566 bona
2504 3528 2606 3566 sua

423 3608 516 3665 dat
553 3609 809 3666 ecclesiae
839 3607 910 3665 ad
950 3607 1356 3665 instituendum
1379 3594 1763 3674 beneficium,
1808 3607 2029 3665 occulto
2058 3607 2233 3665 animi
2275 3606 2516 3663 consilio
2544 3603 2630 3661 ut'

419 3706 556 3764 illud
586 3710 712 3782 ipse
741 3708 818 3763 ita
843 3715 1150 3781 comparet,
1196 3706 1497 3765 mentalem
1527 3706 1831 3763 simoniam
1861 3704 2137 3762 admittit:
2183 3723 2297 3761 non
2325 3714 2511 3762 autem
2555 3706 2604 3760 si

420 3804 478 3861 id
518 3805 809 3863 humiliter
847 3798 1057 3881 roget.³
1143 3803 1634 3863 Conventionolis
1662 3804 1867 3861 dicitur
1906 3804 2169 3871 simonia,
2200 3802 2429 3875 quando
2469 3823 2598 3879 pac-

424 3913 541 3961 tum
571 3905 771 3962 saltem
800 3905 1026 3961 tacitum
1066 3904 1402 3971 intercessit,
1432 3902 1586 3976 quod
1611 3911 1801 3960 tamen
1826 3921 1942 3960 non
1970 3912 2058 3959 est
2086 3912 2318 3975 utraque
2347 3921 2419 3960 ex
2447 3914 2601 3979 parte

419 4004 740 4064 executioni
769 4002 1190 4061 demandatum.
1273 4001 1482 4059 Realis
1511 4012 1601 4059 est
1626 4002 1674 4060 si
1711 4020 1785 4060 ex
1827 4012 2063 4074 utraque
2103 4010 2259 4078 parte
2301 4003 2598 4079 impletum
2693 4056 2699 4066 ,

420 4100 514 4166 sit,
557 4102 758 4158 saltem
799 4120 874 4159 ex
916 4112 1093 4178 parte.
1179 4100 1278 4158 Sic
1325 4102 1376 4165 si
1415 4101 1544 4175 quis
1591 4120 1722 4159 cum
1762 4101 1937 4160 altero
1978 4110 2174 4177 pactus
2220 4103 2295 4159 sit
2332 4122 2599 4181 magnam

419 4199 678 4274 pecuniae
707 4202 936 4277 copiam
964 4199 1046 4258 illi
1073 4218 1134 4257 se
1160 4199 1441 4268 daturum,
1470 4200 1781 4259 dummodo
1807 4202 2198 4277 episcopatum
2226 4202 2279 4259 ei
2306 4202 2382 4259 im
2390 4211 2598 4278 petret;

765 4378 850 4443 (1)
891 4380 938 4425 2.
961 4381 1008 4425 2.
1032 4393 1114 4441 qu.
1135 4393 1178 4427 c.
1197 4384 1282 4426 art.
1305 4393 1351 4426 V.

763 4464 848 4529 (2)
887 4463 984 4511 xlv.
1006 4469 1056 4511 et
1075 4462 1190 4513 xlvi.
1212 4463 1336 4513 inter
1355 4462 1606 4513 damnatas
1622 4466 1683 4514 ab
1704 4464 1872 4515 Innoc.
1893 4464 1984 4515 XI.
2007 4460 2137 4515 anno
2166 4467 2259 4513 w?
2264 4466 2311 4514 9

757 4550 836 4613 (3)
875 4548 935 4596 C.
959 4549 1126 4598 xxxiV.
1149 4547 1208 4599 de
1231 4548 1462 4600 simmia.

1497 4631 1616 4687 22*
