3117 5217
915 573 1033 634 DE·
1072 551 1658 633 CONTRAGTUS
1699 572 2074 632 NATURA.
2482 575 2596 632 143

406 739 699 802 vinculum
724 739 1136 815 iniquitatis.”²
1216 742 1315 800 Sic
1342 741 1596 819 pupillus
1629 743 1830 819 jurans
1855 759 1920 800 se
1949 751 2295 802 contractum
2337 744 2599 820 impletu·

403 857 550 906 rum,
592 841 739 916 legis
782 841 1065 900 beneficio
1100 841 1384 918 neglecto,
1420 851 1644 899 tenetur
1681 842 1752 899 ad
1791 859 1926 898 eum
1969 842 2343 917 implendum,
2385 844 2438 900 si
2476 861 2599 900 rem

402 937 673 1012 respiciat
696 957 801 1014 per
838 958 901 998 se
939 940 1148 998 bonam
1188 949 1249 996 et
1283 941 1515 997 utilem:
1545 940 1698 1012 quod
1725 940 1776 998 si
1808 942 1884 998 ita
1913 941 2206 1015 juraverit,
2243 954 2309 998 ut
2345 940 2602 999 subsidia

407 1037 611 1107 quibus
640 1037 961 1114 indulgeret
995 1037 1399 1115 cupiditatibus
1438 1049 1816 1114 compararet,
1845 1048 1902 1096 et
1939 1057 2058 1096 rem
2099 1038 2404 1115 dissiparet
2441 1039 2605 1097 fami·

407 1134 626 1204 liarem,
654 1135 821 1194 bonis
846 1139 1103 1197 moribus
1143 1135 1444 1194 adversum
1478 1138 1862 1213 juramentum
1901 1137 2041 1222 inud
2081 1138 2352 1195 noscitur.
2435 1137 2472 1196 J
2479 1157 2602 1194 ura-

409 1241 663 1292 mentum
692 1235 847 1302 dolo,
876 1235 969 1292 vel
1007 1238 1085 1305 vi,
1120 1235 1211 1293 vel
1248 1243 1403 1292 metu
1446 1235 1604 1310 gravi
1643 1235 1852 1310 injuste
1893 1235 2136 1293 inonsso·
2164 1245 2448 1294 extortum
2477 1237 2598 1294 vim

408 1331 621 1390 nullam
664 1333 857 1390 tribuit
880 1342 1067 1409 pacto,
1096 1351 1227 1390 nam
1266 1333 1509 1390 relaxari
1547 1343 1736 1408 potest
1775 1334 1848 1391 ob
1883 1333 2146 1409 injuriam
2179 1328 2447 1392 illatam?
2524 1335 2596 1393 In

408 1429 535 1486 foro
560 1439 821 1496 externo,
840 1431 1009 1506 juxta
1026 1432 1125 1508 jus
1156 1429 1345 1497 civile,
1372 1430 1628 1488 firmatur
1653 1441 1880 1506 pactum
1909 1431 2034 1490 solo
2051 1433 2182 1508 jure
2208 1433 2452 1507 positivo
2481 1434 2602 1490 irri-

410 1535 550 1594 tum,
568 1528 616 1584 si
635 1529 836 1604 jurans
863 1528 1039 1588 libere
1068 1527 1209 1587 illud
1230 1545 1292 1585 se
1320 1537 1672 1588 servaturum
1697 1530 1980 1604 pollicitus
2001 1529 2187 1597 fuerit,
2209 1531 2344 1589 etin
2365 1531 2602 1589 aliorum

410 1623 816 1684 detrimentum
844 1645 959 1685 non
986 1627 1183 1686 cedat:
1227 1636 1495 1684 caeterum
1522 1646 1640 1685 non
1679 1628 1826 1685 hanc
1864 1627 2034 1686 habet
2058 1629 2176 1686 vim
2202 1628 2604 1705 jusjurandum

402 1723 535 1798 jure
575 1726 873 1783 communi
912 1736 1127 1785 nostro.
1214 1723 1373 1784 Hinc
1406 1725 1561 1783 nulla
1601 1726 1840 1784 habetur
1878 1725 2022 1784 ratio
2053 1727 2364 1802 juramenti
2401 1727 2608 1784 latroni

298 1899 307 1912 .
380 1832 651 1880 .m0rtem
680 1824 917 1882 minanti
950 1825 1223 1900 praestiti:
1268 1824 1422 1897 quod
1462 1833 1652 1882 tamen
1694 1823 2032 1882 catholicus
2069 1843 2295 1883 servare
2333 1826 2496 1883 decet
2533 1826 2608 1882 ob

413 1917 527 1978 Dei
560 1907 862 1992 honorem,
902 1923 1015 1982 nisi
1063 1923 1549 2000 dispensationem
1589 1924 1664 1982 ob
1706 1933 1920 1982 metum
1959 1924 2254 1983 incussum
2291 1943 2324 1981 a
2365 1923 2608 2002 praesule

416 2033 713 2096 acceperit.

964 2227 1020 2301 §.
1060 2227 1133 2285 V.
1220 2226 1650 2286 Oonnrrromcs
1688 2245 2018 2286 APPosrrAE.

503 2396 595 2449 15.
640 2391 1019 2453 Conditiones
1072 2415 1199 2468 quae
1250 2399 1628 2456 contractibus
1677 2398 1982 2472 aliquando
2027 2397 2398 2458 adnectuntur
2442 2397 2610 2456 variae

421 2500 583 2558 sunt;
614 2492 737 2551 aliae
767 2494 981 2569 quippe
1008 2503 1143 2551 sunt
1166 2494 1237 2552 de
1266 2497 1559 2570 praesenti,
1589 2496 1710 2553 aliae
1731 2496 1800 2553 de
1831 2498 2134 2571 praeterito,
2164 2496 2284 2553 aliae
2306 2495 2377 2552 (le
2403 2496 2613 2564 futuro,

421 2589 541 2647 sive
572 2593 916 2659 necessarie,
948 2593 1069 2649 SIve
1107 2593 1481 2669 contingenti.
1567 2593 1710 2650 Aliae
1751 2605 1886 2651 sunt
1923 2595 2334 2670 impossibiles,
2365 2594 2486 2652 aliae
2514 2594 2616 2650 ho-

422 2697 618 2762 nesus,
647 2691 772 2747 aliae
803 2701 1019 2766 turpes.
1105 2691 1251 2758 Quae
1291 2692 1503 2750 bonum
1546 2690 1886 2767 impediunt,
1915 2692 2007 2749 vel
2046 2692 2218 2767 priori
2246 2691 2618 2749 adversantur

424 2787 759 2864 obligationi
798 2800 991 2864 turpes
1031 2787 1327 2848 habentur.
1414 2789 1572 2848 Hinc
1614 2791 1796 2866 turpis
1837 2799 2100 2848 censetur
2141 2788 2392 2847 conditio
2431 2789 2618 2866 legato

423 2886 627 2962 puellae
654 2885 804 2943 facto
830 2888 1113 2962 apposita,
1142 2907 1216 2946 ne
1256 2890 1449 2958 nubat,
1480 2907 1658 2961 quum
1699 2889 1978 2965 impediat
2015 2890 2338 2964 nuptiarum
2377 2887 2614 2955 bonum,

424 3001 552 3054 quoe
582 2984 641 3041 in
666 2983 994 3058 reipublicae
1020 2986 1318 3043 utilitatem
1346 2988 1577 3046 cedunt.
1662 2988 1718 3046 E
1755 2999 1949 3046 contra
1988 2988 2227 3047 honesta
2251 2999 2340 3044 est
2365 2987 2618 3048 conditio

426 3081 477 3138 si
505 3080 577 3137 de
603 3081 777 3140 vidua
803 3090 1019 3158 agatur,
1046 3100 1177 3141 nam
1206 3103 1339 3144 cum
1366 3087 1606 3144 utilitate
1632 3087 1811 3163 prolis
1840 3089 2026 3146 mariti
2055 3087 2262 3164 prioris
2291 3086 2382 3144 vel
2409 3086 2616 3150 decore

426 3180 657 3239 familiae
685 3181 1059 3239 connectitur.

512 3283 605 3338 16.
650 3278 923 3338 Conditio
950 3279 1020 3338 de
1047 3284 1337 3356 proesenti,
1365 3283 1457 3341 vel
1498 3283 1570 3342 de
1607 3285 1915 3361 praeterito‚
1943 3294 2294 3344 contractum
2337 3303 2454 3344 non
2495 3302 2620 3342 sus·

429 3379 649 3454 pendit,
676 3380 727 3438 si
754 3379 907 3437 enim
949 3381 1179 3448 existat,
1208 3384 1400 3440 statim
1429 3384 1583 3441 valet
1619 3384 1976 3451 contractns3
2017 3385 2068 3442 si
2108 3402 2225 3442 non
2251 3385 2462 3442 existat
2484 3401 2620 3441 con-

428 3476 589 3546 ditio,
620 3489 939 3537 contractus
967 3480 1160 3537 nullus
1188 3475 1327 3556 est,³
1382 3483 1484 3540 Sic
1510 3483 1564 3540 si
1588 3485 1719 3554 quis
1747 3481 1950 3539 dubius
1977 3494 2164 3539 utrum
2193 3482 2336 3538 alius
2355 3482 2476 3556 jam
2506 3499 2624 3538 non

432 3579 846 3654 comparaverit
872 3596 1091 3656 merc-es
1120 3579 1417 3651 quasdam,
1448 3598 1544 3638 eas
1587 3583 1746 3648 emit,
1775 3599 1844 3637 ea
1883 3589 2071 3636 tamen
2111 3578 2440 3636 conditione
2465 3587 2530 3634 ut
2569 3579 2622 3634 si

433 3675 711 3734 invenerit
734 3695 953 3734 merces
986 3677 1107 3754 jam
1136 3677 1315 3735 fuisse
1341 3679 1569 3737 aliunde
1597 3687 1972 3754 comparataS‚
2002 3686 2354 3734 contractum
2396 3675 2619 3736 nullum

434 3791 561 3830 esse
588 3774 933 3843 habendum,
978 3793 1053 3832 ex
1092 3776 1261 3852 hujus
1303 3778 1383 3834 rei
1417 3779 1619 3836 notitia
1656 3775 1930 3853 pendebit
1968 3783 2286 3832 contractus
2314 3775 2620 3842 executio;

432 3873 531 3944 qui
582 3873 771 3931 nullus
823 3882 911 3930 est
962 3874 1031 3931 ab
1083 3875 1269 3943 initio,
1316 3877 1366 3932 si
1405 3894 1602 3932 revera
1643 3891 1862 3932 merces
1909 3873 1986 3930 ita
2031 3873 2147 3931 sint
2191 3873 2260 3930 ab
2307 3873 2418 3931 alio
2466 3892 2622 3947 com-

436 3986 658 4046 paratae.
743 3971 1019 4032 Conditio
1046 3972 1117 4031 de
1150 3993 1209 4032 re
1253 3971 1574 4032 necessario
1615 3973 1802 4032 futura
1839 3983 2125 4045 tamquam
2166 3990 2421 4049 praesens
2448 3972 2621 4030 habe-

433 4067 571 4126 tur.⁴
611 4070 676 4129 Si
704 4072 835 4143 quis
862 4089 925 4128 se
952 4071 1021 4129 ad
1050 4071 1269 4143 aliquid
1294 4071 1526 4148 obliget,
1556 4071 1609 4128 si
1635 4070 1723 4129 sol
1751 4080 1978 4148 postero
2014 4071 2106 4129 die
2133 4071 2366 4139 oriatur,
2395 4080 2618 4130 tenetur

514 4250 600 4312 (1)
640 4247 763 4313 Cap.
784 4248 920 4299 xviii.
941 4246 1002 4300 de
1017 4245 1379 4318 jurejurando.

502 4333 583 4398 (2)
622 4333 849 4382 Panorm.
870 4350 976 4398 cap.
998 4349 1112 4384 cum
1133 4335 1396 4396 contingat,
1412 4330 1838 4402 &jurejurando-
1855 4349 1962 4399 cap.
1984 4333 2155 4385 xxviii.
2177 4333 2237 4386 dc
2254 4329 2619 4400 jurejurando.

502 4418 585 4480 (3)
622 4415 683 4464 L.
713 4417 849 4467 Cum
872 4419 943 4470 ad
953 4434 1192 4485 prosena,
1213 4417 1265 4468 fl:
1286 4434 1349 4469 ne
1370 4424 1566 4471 eertum
1581 4425 1691 4488 pet.

502 4500 583 4566 (4)
620 4499 683 4549 1..
704 4501 765 4553 Si
780 4501 1017 4570 pupillus
1038 4502 1090 4552 ff.
1109 4503 1168 4556 de
1188 4503 1554 4556 uacationibus.
