3117 5217
485 566 613 623 310
930 559 1045 621 DE
1088 558 1704 621 conRzPTIONE
1747 556 2228 619 FRATERNA.

488 730 687 787 stituto
712 727 869 801 quod
894 746 1097 787 omnes
1124 728 1481 805 profitentur,
1514 726 1700 803 culpae
1727 744 1928 785 omnes
1953 726 2140 785 statim
2169 722 2574 785 denuntiantur
2599 740 2696 781 su·

486 828 718 907 periori,
746 839 809 885 ut
832 829 1088 887 omnium
1116 826 1378 885 consulat
1412 825 1732 902 profectui:
1775 824 1906 885 ideo
1943 826 2340 899 unusquisque
2371 840 2490 880 suae
2517 822 2687 881 famae

488 928 793 995 renuntiat,
818 936 883 983 ut
906 928 1193 987 societatis
1236 924 1463 985 utilitati
1500 935 1559 985 et
1583 944 1702 985 suae
1729 926 2066 1003 perfectioni
2097 924 2342 985 studeat.
2424 921 2694 980 Attamen

490 1028 544 1086 si
584 1027 875 1085 occultum
923 1027 1090 1085 fuerit
1120 1034 1437 1103 peccatum,
1478 1034 1537 1083 et
1581 1026 1914 1102 poenitentia
1951 1025 2226 1101 deinceps
2263 1023 2534 1090 deletum,
2575 1038 2686 1079 nec

490 1126 786 1185 immineat
810 1126 1067 1203 relapsus
1096 1125 1438 1203 periculum,
1465 1125 1557 1183 vel
1593 1125 1996 1186 detrimentum
2024 1125 2292 1191 alienum,
2321 1140 2438 1181 non
2477 1130 2566 1179 est
2591 1120 2692 1179 de·

488 1223 807 1293 serendum,
854 1225 1161 1299 nequidem
1202 1226 1261 1284 in
1306 1225 1405 1283 illa
1447 1226 1753 1284 societate:
1800 1226 1938 1298 quia
1975 1234 2162 1283 cessat
2199 1222 2500 1283 delationis
2532 1221 2693 1299 J‘usta

488 1326 653 1383 ratio.
726 1325 827 1385 Sic
868 1327 921 1385 si
957 1326 1307 1386 denuntiatio
1349 1324 1620 1402 proximo
1665 1324 1951 1403 superiori
1997 1324 2262 1391 sufficiat,
2307 1341 2426 1381 non
2465 1321 2572 1381 erit
2615 1317 2687 1377 ad

492 1425 847 1501 precipuum
876 1427 1227 1503 superiorem
1256 1423 1684 1483 recurrendum.

577 1528 712 1583 116.
756 1525 983 1585 Proelati
1009 1526 1343 1603 plerumque
1372 1524 1583 1583 debent
1603 1523 1892 1596 inquirere
1931 1523 1992 1581 in
2031 1520 2380 1581 subditorum
2413 1526 2684 1598 peccata:

490 1640 607 1683 non
634 1632 823 1685 tamen
850 1624 921 1683 de
962 1625 1200 1703 singulis
1240 1625 1467 1683 curiose
1502 1625 1870 1701 interrogare,
1899 1623 2014 1681 nisi
2053 1622 2242 1699 gravis
2281 1623 2358 1680 sit
2393 1621 2558 1686 ratio,
2595 1615 2688 1675 vel

490 1725 739 1799 speciale
786 1724 1084 1784 indicium·-
1162 1725 1539 1783 Accusatores
1585 1736 1772 1782 autem
1811 1739 1926 1805 non
1957 1732 2092 1781 sunt
2128 1720 2292 1779 facile
2337 1716 2686 1797 excipiendi,

494 1842 569 1881 ne
594 1823 759 1882 detur
780 1826 943 1883 locus
968 1825 1293 1892 calumniis,
1320 1834 1379 1881 et
1402 1824 1618 1896 iniquis
1645 1822 1994 1881 criminibus.

576 1928 712 1983 117.
754 1923 933 1983 Omni
958 1943 1071 2002 ope
1097 1925 1202 1981 niti
1242 1923 1450 1982 debent
1486 1922 1724 1998 praelati,
1755 1932 2126 1999 pastoresque
2155 1921 2491 1985 animarum,
2517 1918 2691 1977 etiam

492 2039 626 2078 cum
652 2041 761 2081 suo
788 2021 1173 2090 incommod0‚
1200 2023 1319 2081 imo
1346 2022 1654 2095 aliquando
1679 2040 1810 2081 cum
1839 2022 1966 2079 vitae
1993 2020 2344 2089 discrimine,
2371 2029 2434 2077 ut
2459 2026 2694 2095 peccata

492 2118 719 2196 publica
746 2133 803 2179 et
826 2122 1049 2182 occulta
1085 2120 1499 2199 impediantur:
1542 2121 1676 2181 ideo
1713 2122 1864 2180 enim
1894 2140 1928 2179 a
1953 2121 2191 2179 Christo
2230 2120 2405 2197 positi
2441 2130 2592 2187 sunt,
2631 2123 2692 2173 ut

494 2219 633 2277 vitia
654 2220 919 2295 evellant,
948 2233 1005 2280 et
1032 2222 1329 2282 hominum
1358 2222 1525 2281 saluti
1550 2222 1834 2281 studeant.
2077 2210 2084 2223 ’

582 2324 607 2376 l
624 2325 717 2378 18.
761 2323 977 2379 Praeter
1014 2323 1431 2395 correptionem
1458 2321 1783 2389 fraternam,
1811 2339 1918 2379 sex
1945 2320 2056 2377 alia
2079 2327 2446 2377 recensentur
2469 2316 2689 2377 miseri-

496 2418 707 2477 cordiae
747 2421 1057 2497 spiritualis
1091 2439 1304 2496 opera3
1334 2438 1545 2497 nempe
1571 2421 1874 2480 consilium
1909 2421 2158 2495 praebere
2199 2417 2605 2484 dubitantibus,
2631 2423 2693 2473 ut

496 2518 557 2575 in
585 2519 803 2577 virtutis
830 2521 1031 2579 semita
1058 2522 1161 2579 tuti
1187 2516 1487 2589 incedant:
1516 2519 1757 2579 edocere
1784 2521 2046 2596 ignaros:
2087 2518 2258 2577 solari
2285 2516 2562 2585 afflictos;
2605 2534 2689 2575 re·

496 2619 718 2679 mittere
745 2618 1031 2689 offensas3
1060 2620 1205 2680 ferre
1233 2622 1511 2697 patienter
1536 2622 1804 2698 injurias;
1833 2629 1892 2678 et
1917 2638 2080 2678 orare
2099 2628 2161 2677 ut
2179 2619 2306 2677 aliis
2327 2618 2476 2677 bene
2496 2624 2692 2675 cuncta

496 2719 736 2778 cedant:
767 2740 895 2794 quae
920 2720 1031 2779 hoc
1058 2740 1223 2779 versu
1252 2721 1629 2779 enuntiantur.

1006 2894 1237 2955 Consule,
1259 2910 1415 2959 carpe,
1437 2893 1571 2953 doce,
1592 2894 1762 2955 solare,
1777 2894 1978 2955 remitte,
2001 2895 2084 2954 fer,
2107 2910 2202 2943 ora.

579 3096 715 3152 119.
759 3089 1011 3149 Consilii
1037 3099 1093 3148 et
1118 3089 1386 3148 doctrina:
1413 3109 1651 3149 munera
1675 3089 1916 3149 docendi
1943 3092 2174 3149 nomine
2215 3098 2346 3166 apte
2375 3086 2693 3163 intelligun-

498 3200 617 3249 tur:
662 3200 701 3226 “
726 3191 824 3261 qui
868 3189 937 3245 ad
975 3190 1253 3265 justitiam
1295 3188 1559 3246 erudiunt
1595 3190 1831 3259 multoe,
1861 3192 2026 3263 quasi
2061 3190 2237 3249 stellae
2283 3192 2342 3247 in
2387 3196 2690 3265 perpetuas

503 3277 940 3347 aeternitates.''¹
980 3287 1215 3345 Solandi
1243 3286 1497 3346 officium
1518 3307 1592 3346 ex
1611 3288 1882 3348 charitate
1908 3291 2177 3359 nascitur,
2195 3291 2361 3368 cujus
2381 3298 2470 3348 est
2496 3298 2534 3325 ⁶⁴
2556 3288 2696 3347 flere

496 3407 626 3447 cum
654 3380 1021 3445 flentibus.'’²
1098 3385 1189 3444 Ad
1216 3387 1369 3445 illius
1396 3390 1732 3447 exercitium
1761 3390 2012 3449 hortatur
2039 3390 2348 3468 Apostolus
2376 3389 2598 3459 fideles,
2619 3388 2695 3448 de

496 3488 911 3549 resurrectione
957 3486 1279 3545 disserens:
1367 3487 1626 3560 “Itaque
1674 3491 2049 3559 consolamini
2095 3491 2340 3549 invicem
2393 3490 2456 3549 in
2505 3488 2692 3548 verbis

494 3583 720 3649 istis.''³
797 3586 1045 3647 Veniam
1086 3586 1217 3646 dare
1258 3588 1508 3646 inimicis
1548 3588 1834 3647 charitatis
1875 3591 2150 3648 eximium
2193 3599 2281 3647 est
2314 3591 2686 3650 exercitium:

496 3698 538 3725 “
562 3691 629 3748 Si
676 3689 829 3748 enim
878 3688 1206 3747 dimiseritis
1248 3688 1576 3747 hominibus
1621 3698 1852 3765 peccata
1896 3708 2114 3757 eorum,
2157 3689 2401 3748 dimittet
2431 3698 2490 3747 et
2530 3689 2690 3747 vobis

496 3789 669 3848 Pater
696 3800 882 3847 vester
908 3790 1155 3847 coelestis
1182 3788 1389 3847 delicta
1417 3782 1698 3846 vestra.’'⁴
1779 3787 2025 3846 Ferendi
2065 3789 2302 3848 aliorum
2342 3790 2690 3848 infirmitates

498 3888 756 3946 officium
811 3888 880 3947 ab
937 3888 1217 3965 Apostolo
1270 3889 1483 3966 saepius
1535 3886 2002 3947 commendatur:
2089 3898 2130 3924 ‘⁶
2153 3888 2451 3949 Debemus
2505 3897 2690 3947 autem

498 4004 605 4044 nos
633 3987 913 4046 firmiores
957 3988 1368 4046 imbecillitates
1407 3988 1764 4045 infirmorum
1803 3988 2104 4057 sustinere,
2133 3996 2190 4047 et
2205 4002 2343 4048 ·non
2383 3989 2547 4047 nobis
2575 3988 2692 4066 pla-

496 4080 723 4143 cere.'’⁵
761 4090 767 4096 ‘
806 4085 1021 4143 “Alter
1066 4087 1295 4144 alterius
1342 4105 1515 4144 onera
1556 4096 1798 4163 portate,
1843 4096 1902 4145 et
1943 4088 2028 4145 sic
2073 4086 2454 4165 adimplebitis
2503 4088 2690 4165 legem

499 4177 818 4241 Christi.”⁶
900 4184 1076 4243 Orare
1104 4204 1209 4262 pro
1236 4186 1471 4244 aliorum
1500 4186 1682 4245 salute
1707 4186 1854 4245 sacri
1894 4206 2002 4246 nos
2029 4186 2322 4247 hortantur
2347 4188 2689 4263 scriptores:

586 4425 671 4491 (1)
712 4423 841 4473 Dan.
864 4423 949 4473 xii.
972 4426 1020 4472 3.
1315 4428 1400 4492 (2)
1440 4427 1580 4476 Rom.
1603 4427 1691 4479 xii.
1719 4430 1796 4477 15.
2140 4430 2225 4495 (3)
2265 4427 2304 4478 1.
2327 4428 2500 4479 Thess.
2523 4429 2587 4478 iv.
2615 4431 2694 4477 17.

574 4510 661 4575 (4)
700 4508 841 4559 Matt„
859 4508 923 4558 vi.
952 4510 1029 4556 14.
1314 4511 1398 4577 (5)
1437 4510 1580 4561 Rom.
1602 4528 1681 4563 xv.
1709 4514 1753 4559 1.
2134 4516 2220 4580 (6)
2260 4513 2369 4564 Gal.
2392 4514 2454 4564 vi.
2479 4516 2527 4562 2.
