3117 5217
1125 482 1238 545 DE
1283 485 1927 545 TEMPERANTIA.
2541 488 2615 543 21

1103 745 1154 817 §.
1183 722 1292 802 Vi.
1376 744 1472 802 Dr.
1501 763 1923 805 cumosrrx'rn.

517 948 615 999 41.
647 942 909 1000 Studium
933 939 1149 998 sciendi
1165 942 1338 998 virtus
1357 950 1474 1008 est3
1504 942 1606 999 sed
1622 941 1937 1001 curandum
1956 944 2279 1015 utquisque
2308 944 2379 1001 iis
2396 942 2617 999 studeat

441 1060 565 1114 quae
611 1042 720 1099 sibi
746 1058 978 1113 suaeque
1005 1040 1318 1098 conditioni
1343 1042 1713 1109 conveniunt,
1754 1052 1812 1097 et
1854 1040 2205 1117 diligentiam
2234 1042 2501 1100 adhibeat
2524 1058 2621 1097 ne-

440 1140 765 1198 cessariam.
851 1139 940 1197 Ad
979 1138 1231 1196 studium
1271 1139 1565 1215 sapientiae
1606 1158 1713 1198 nos
1754 1138 2009 1197 hortat’ur
2046 1140 2295 1219 Spiritus
2336 1141 2618 1197 Sanctus:

441 1247 480 1274 ‘⁶
505 1238 681 1296 Stude
709 1239 1024 1315 sapientiae,
1040 1236 1122 1295 fili
1149 1238 1249 1304 mi,
1273 1247 1330 1294 et
1354 1238 1577 1295 laetifica
1602 1258 1699 1296 cor
1726 1256 1939 1306 meum,
1960 1248 2022 1296 ut
2046 1240 2236 1315 possis
2263 1239 2625 1316 exprobranti

437 1330 782 1413 respondere
823 1330 1244 1395 sermonem.”¹
1329 1335 1522 1402 Quum
1563 1337 1740 1396 homo
1784 1338 1931 1395 scire
1982 1354 2057 1395 ex
2094 1350 2305 1397 naturae
2351 1338 2620 1395 instinctu

441 1437 656 1511 cupiat,
705 1434 885 1495 virtus
939 1434 1064 1491 haec
1103 1432 1236 1491 facit
1279 1444 1341 1491 ut
1379 1453 1569 1493 rerum
1606 1436 1924 1513 cognitioni
1964 1454 2080 1495 non
2124 1437 2297 1496 nimis
2340 1435 2622 1493 intendat:

444 1552 734 1606 quumque
780 1534 1026 1591 laborem
1073 1531 1334 1591 discendi
1378 1534 1623 1607 quisque
1670 1534 1958 1603 detrectet,
2000 1533 2201 1593 eadem
2251 1535 2315 1591 fit
2367 1546 2427 1591 ut
2475 1535 2627 1591 hunc

440 1642 710 1701 assumat,
741 1642 798 1690 et
821 1632 1115 1691 sustineat.
1203 1631 1394 1690 Grave
1415 1643 1504 1691 est
1527 1642 1827 1711 peccatum
1854 1634 2021 1703 rebus
2038 1634 2373 1709 perniciosis
2400 1632 2627 1690 studen-

441 1731 528 1788 dis
556 1750 786 1799 vacare;
829 1732 920 1789 vel
963 1730 1076 1789 Dei
1121 1750 1324 1789 arcana
1364 1731 1509 1789 velle
1551 1732 1811 1799 scrutari,
1848 1732 2105 1792 humano
2150 1733 2327 1791 veluti
2372 1730 2626 1790 modulo.

446 1829 706 1889 Graviter
734 1848 964 1904 quoque
991 1840 1191 1907 peccat
1209 1832 1310 1903 qui
1335 1830 1584 1891 studium
1612 1831 2001 1891 necessarium
2024 1831 2095 1889 ad
2116 1832 2309 1889 munia
2328 1850 2433 1890 sua
2448 1829 2633 1887 addis·

441 1928 620 1986 cenda
644 1938 700 1985 et
719 1928 1002 2007 explenda
1026 1929 1283 2007 negligit.

520 2033 619 2085 42.
664 2027 986 2087 curiositas
1012 2030 1210 2087 vitium
1237 2038 1324 2087 est
1350 2010 1621 2103 quo'quis
1650 2048 1716 2087 ea
1742 2031 1889 2088 scire
1916 2029 2105 2087 studet
2137 2048 2264 2103 quae
2292 2048 2425 2087 eum
2452 2044 2627 2086 nosse

444 2126 596 2184 haud
621 2138 864 2204 oportet.
951 2127 1158 2185 Gravis
1204 2138 1292 2187 est
1330 2128 1500 2205 culpa
1537 2148 1607 2186 ea
1630 2129 1779 2187 scire
1808 2128 1955 2187 velle
1982 2147 2111 2205 quae
2138 2126 2415 2205 peccandi
2440 2125 2631 2202 proxi·

445 2244 597 2284 mam
625 2229 988 2287 occasionem
1015 2228 1284 2303 praebent,
1313 2228 1396 2285 uti
1414 2228 1739 2305 junioribus
1766 2228 2165 2287 obscoenorum
2190 2226 2441 2303 cog-nitio
2461 2223 2629 2281 facile

446 2324 640 2383 affert:
683 2328 774 2385 vel
799 2346 868 2385 ea
894 2345 1020 2400 quae
1048 2325 1209 2385 Deus
1237 2328 1415 2385 vetuit
1453 2326 1949 2395 communicanda,
1975 2345 2103 2385 -exz
2148 2344 2249 2403 gr:
2293 2343 2420 2398 quae
2461 2321 2635 2381 confi·

449 2424 621 2490 tendo
645 2408 938 2485 dicuntur:
970 2425 1062 2486 vel
1089 2444 1156 2482 ea
1182 2444 1308 2499 quae
1335 2427 1586 2501 proximi
1606 2426 1814 2484 famam
1842 2434 1901 2483 et
1924 2426 2191 2485 utilitates
2218 2423 2381 2482 valde
2400 2420 2632 2481 laedunt.

453 2523 721 2581 Graviter
747 2526 914 2583 etiam
951 2533 1218 2599 peccatur
1258 2524 1396 2581 dum
1437 2524 1565 2595 quis
1606 2542 1699 2581 res
1726 2524 1945 2594 aliquas
1972 2532 2271 2589 scrutatur,
2298 2521 2555 2597 seposita
2580 2530 2639 2577 et
2672 2504 2691 2525 ⁴

449 2622 668 2699 abJecta
695 2621 1012 2681 divinorum
1038 2623 1313 2680 librorum
1343 2621 1694 2687 auctoritate,
1722 2620 1873 2677 sicut
1910 2620 2189 2693 aliquibus
2218 2619 2495 2695 geologiae
2522 2617 2639 2682 cul-

449 2722 666 2779 toribus
718 2722 1017 2797 contingit,
1079 2722 1180 2793 qui
1245 2740 1373 2779 eam
1427 2719 1595 2778 nihili
1646 2716 1881 2787 faciunt,
1934 2718 2329 2777 existimantes
2382 2716 2639 2791 Moysen

450 2820 700 2878 humano
734 2820 1004 2878 instinctu
1043 2814 1366 2895 scripsisse,
1411 2828 1470 2877 et
1510 2839 1703 2878 rerum
1750 2818 1931 2881 fuisse
1972 2819 2253 2895 ignarum.
2338 2813 2636 2883 Quosdam

449 2918 597 2976 haud
627 2918 872 2978 absimili
920 2918 1117 2977 ductos
1164 2920 1398 2997 ingenio
1439 2916 1804 2996 reprehendit
1842 2918 2235 2995 Augustinus:
2287 2926 2327 2953 ‘⁵
2352 2916 2503 2974 Sunt
2538 2915 2637 2986 qui

451 3018 688 3076 desertis
719 3018 1038 3085 virtutibus,
1067 3026 1124 3074 et
1141 3019 1460 3076 nescientes
1491 3018 1629 3091 quid
1654 3020 1730 3075 sit
1748 3016 1933 3084 Deus,
1954 3026 2013 3073 et
2037 3026 2247 3089 quanta
2265 3018 2345 3075 sit
2370 3015 2637 3093 majestas

452 3135 682 3193 semper
723 3117 928 3177 eodem
970 3116 1143 3175 modo
1184 3119 1469 3175 manentis
1512 3126 1749 3185 naturae,
1800 3134 2071 3192 magnum
2118 3115 2333 3189 aliquid
2374 3133 2437 3172 se
2466 3131 2636 3191 agere

417 3232 432 3243 ·
449 3226 665 3293 putant,
695 3219 746 3275 si
785 3218 1110 3287 universam
1151 3217 1317 3275 istam
1359 3217 1619 3293 corporis
1646 3216 1881 3283 molem,
1910 3233 2081 3288 quam
2108 3214 2385 3274 mundum
2416 3231 2635 3272 nuncu-

451 3334 676 3393 pamm,
733 3315 1122 3373 curiosissime
1178 3316 1680 3387 intensissimeque
1732 3308 2154 3391 perquirant.'’³
2253 3315 2396 3373 Nou
2448 3322 2637 3370 autem

453 3426 713 3491 peccant,
743 3416 864 3487 qui,
890 3414 1052 3473 libris
1092 3416 1268 3488 ¹{meris
1297 3424 1517 3473 servata
1543 3414 1879 3481 reverentia,
1921 3424 1978 3471 et
2003 3413 2285 3471 Ecclesiae
2317 3410 2537 3489 judicio
2564 3428 2639 3467 ex

455 3515 647 3571 animo
689 3532 752 3571 se
796 3514 1183 3590 subjicientes,
1237 3533 1328 3571 res
1373 3525 1585 3571 naturae
1626 3514 1979 3589 investigant
2024 3510 2259 3570 rationis
2301 3509 2540 3574 lumine,
2584 3516 2643 3563 et

453 3613 872 3680 observatione,
902 3621 1161 3670 etrerum
1190 3612 1441 3689 periculo
1464 3631 1479 3680 ;
1508 3613 1565 3670 id
1584 3614 1689 3671 sibi
1718 3628 2051 3689 persuasum
2070 3610 2342 3667 habentes
2368 3608 2637 3683 pleraque

455 3731 487 3768 a
513 3712 685 3769 sacris
714 3712 1038 3770 auctoribus
1066 3710 1135 3768 de
1163 3710 1382 3770 eisdem
1401 3713 1637 3789 prolata,
1660 3730 1735 3768 ex
1753 3716 1983 3783 recepta
2008 3706 2161 3783 apud
2180 3724 2315 3767 suos
2336 3704 2636 3772 sententia,

453 3822 511 3867 et
549 3829 736 3869 rerum
784 3812 999 3887 specie.
1083 3808 1399 3869 curiositas
1445 3829 1615 3885 grave
1658 3808 1877 3866 inducit
1915 3816 2209 3881 peccatum
2249 3805 2481 3881 quando
2510 3805 2639 3878 quis

457 3909 702 3967 consulit
727 3908 971 3979 divinos,
1001 3908 1257 3981 aliosque
1286 3907 1619 3986 hujusmodi
1646 3907 1743 3979 qui
1768 3924 1971 3965 arcana
1996 3905 2245 3965 revelare
2266 3906 2636 3983 profitentur:

455 4018 544 4065 est
567 4009 721 4066 enim
761 4008 1005 4067 nefanda
1045 4008 1396 4083 superstitio.
1491 4005 1683 4063 Habet
1727 4008 1897 4065 etiam
1943 4005 2215 4083 gravioris
2256 4007 2453 4081 lapsus
2495 4004 2643 4079 peri·

457 4106 666 4175 culum,
695 4107 917 4179 quoties
944 4108 1075 4179 quis
1103 4105 1292 4164 studet
1329 4105 1401 4163 iis
1442 4123 1568 4177 quae
1596 4115 1822 4185 captum
1850 4124 2019 4163 suum
2048 4112 2353 4180 superant:
2400 4110 2439 4137 “
2464 4100 2637 4161 Unde

533 4301 614 4365 (1)
655 4300 797 4350 ProV.
819 4300 971 4350 xxvii.
999 4304 1075 4348 11.
1648 4302 1732 4366 (2)
1773 4298 1832 4347 L.
1854 4298 1913 4347 de
1936 4297 2151 4347 moribus
2176 4296 2311 4345 Eccl.
2334 4312 2377 4343 c.
2405 4295 2507 4344 xxi.
