3117 5217
478 558 598 611 218
1101 572 1106 577 ·
1261 547 1374 605 DE
1419 544 1881 605 ORATIONE.

1378 1058 1661 1117 CAPUT
1690 1059 1768 1116 ΙΙ.

1365 1275 1441 1313 ΒΕ
1481 1274 1813 1313 ORATIONE.

561 1446 619 1501 8.
663 1440 862 1501 Oratio
887 1452 977 1500 est
1004 1442 1214 1503 mentis
1255 1442 1324 1500 ad
1363 1441 1552 1500 Deum
1595 1440 1812 1498 evectio
1847 1439 1918 1496 ad
1952 1438 2233 1495 beneficia
2277 1432 2660 1511 impetranda;

480 1541 646 1599 latius
675 1552 861 1600 tamen
904 1543 1143 1599 sumitur
1169 1560 1273 1617 pro
1310 1541 1406 1616 pio
1434 1540 1707 1617 quopiam
1754 1538 1929 1596 animi
1972 1550 2129 1595 motu
2175 1537 2234 1593 in
2274 1534 2390 1593 Dei
2414 1532 2662 1599 laudem,

480 1640 1042 1717 contemplationem,
1087 1650 1145 1696 et
1184 1659 1456 1698 amorem.
1543 1639 1653 1696 Est
1692 1648 1846 1696 actus
1885 1636 2200 1714 religionis,
2235 1654 2365 1691 nam
2410 1632 2665 1689 “omnia

480 1738 576 1796 illa
601 1757 704 1814 per
729 1758 855 1811 quae
889 1739 1019 1797 Deo
1044 1740 1360 1796 reverentia
1386 1737 1684 1795 exhibetur
1714 1738 1993 1814 pertinent
2011 1733 2082 1792 ad
2107 1734 2465 1811 religionem.
2549 1729 2664 1785 Per

479 1838 792 1894 orationem
820 1848 1004 1894 autem
1033 1837 1208 1894 homo
1236 1836 1366 1895 Deo
1393 1837 1764 1894 reverentiam
1791 1835 2045 1901 exhibet,
2068 1834 2126 1891 in
2150 1844 2419 1905 quantum
2448 1828 2665 1885 scilicet

482 1936 536 1991 ei
564 1953 626 1990 se
654 1918 898 2011 subjicit,
925 1944 982 1991 et
1006 1935 1304 2010 profitetur
1329 1933 1541 1992 orando
1570 1953 1632 1990 se
1659 1932 1730 1991 eo
1757 1934 2032 2011 indigere,
2060 1933 2209 1989 sicut
2234 1940 2458 1988 auctore
2484 1929 2660 1984 bono-

479 2051 606 2090 rum
633 2025 964 2089 suorum.’'¹
1032 2032 1187 2090 Hinc
1204 2034 1426 2091 dicebat
1445 2034 1704 2091 Psaltes:
1777 2042 1815 2068 “
1835 2033 2129 2109 Dirigatur
2155 2031 2333 2089 oratio
2362 2047 2490 2086 mea
2514 2026 2663 2082 sicut

480 2132 776 2189 incensum
803 2131 862 2187 in
887 2141 1193 2207 conspectu
1223 2127 1418 2190 tuo.”⁵²
1498 2132 1671 2198 Quod
1703 2133 1887 2189 verbis
1927 2150 1989 2189 se
2018 2129 2207 2205 prodit
2230 2130 2407 2187 animi
2444 2122 2662 2184 deside-

479 2231 625 2287 rium
654 2239 715 2286 ut
735 2228 984 2287 divinam
1003 2248 1171 2306 opem
1192 2232 1475 2307 impetret,
1497 2230 1703 2289 dicitur
1726 2231 1903 2288 oratio
1929 2228 2175 2296 vocali-3,
2199 2248 2325 2301 quae
2352 2223 2660 2304 praesertim

479 2327 549 2384 de
590 2327 847 2385 formulis
887 2330 1054 2385 certis
1095 2329 1452 2405 intelligitur:
1497 2348 1565 2387 v:
1613 2348 1695 2405 gr.
1726 2328 1797 2386 de
1836 2329 2087 2386 oratione
2130 2328 2469 2387 Dominica:
2510 2323 2663 2396 quod

481 2436 669 2483 mente
697 2435 910 2484 tantum
938 2428 1275 2504 concipitur,
1307 2428 1396 2485 vel
1425 2429 1626 2485 saltem
1653 2428 1880 2485 nonnisi
1908 2428 2144 2485 vocibus
2172 2447 2245 2485 ex
2276 2426 2481 2485 mentis
2508 2434 2663 2481 motu

479 2534 682 2600 sponte
711 2524 909 2582 effusis
939 2546 1042 2602 pro
1085 2528 1405 2594 occasione,
1432 2524 1717 2585 mentalis
1758 2528 1937 2584 oratio
1978 2536 2083 2584 est.
2170 2526 2362 2601 Hujus
2389 2522 2661 2599 perfectio

479 2624 763 2681 invenitur
788 2623 847 2681 in
875 2624 986 2682 Dei
1013 2626 1448 2701 contemplanda
1486 2627 1751 2693 essentia,
1784 2626 1974 2682 animo
2015 2624 2335 2698 tranquil10,
2364 2632 2419 2678 et
2446 2624 2505 2679 in
2532 2622 2659 2697 ipso

481 2723 829 2794 quiescente,
857 2743 1066 2800 magno
1091 2724 1414 2783 dilectionis
1442 2718 1701 2781 affectu.³
1779 2721 2041 2781 Privata
2068 2725 2247 2781 oratio
2272 2740 2342 2778 ea
2368 2730 2457 2777 est
2481 2738 2605 2792 quae
2626 2739 2659 2776 a

480 2821 719 2896 singulis
747 2822 812 2877 fit
836 2840 940 2879 suo
967 2824 1220 2889 nomine,
1250 2840 1350 2879 seu
1380 2823 1644 2889 seorsim,
1686 2839 1787 2879 seu
1827 2822 1886 2879 iu
1925 2841 2103 2879 unum
2144 2820 2416 2885 collectis,
2449 2820 2529 2876 uti
2564 2817 2660 2875 do·

481 2919 668 2975 mibus
712 2920 944 2995 integris
986 2921 1282 2996 contingit,
1325 2940 1426 2978 seu
1467 2921 1751 2996 privatim,
1793 2938 1894 2977 seu
1937 2921 1995 2977 in
2020 2922 2149 2979 loco
2177 2919 2437 2995 publico:
2481 2918 2659 2975 oratio

480 3018 630 3074 enim
663 3016 910 3095 publica
947 3037 1016 3076 ea
1056 3028 1270 3077 tantum
1311 3018 1514 3078 dicitur
1556 3038 1681 3091 quae
1710 3019 1775 3075 fit
1812 3020 1882 3076 ab
1921 3019 2198 3076 Ecclesiae
2226 3018 2504 3083 ministre,
2535 3018 2659 3092 ejus

480 3116 714 3173 nomine
755 3135 820 3173 ac
859 3118 1202 3175 auctoritate.
1287 3118 1563 3175 Breviarii
1603 3118 1854 3189 recitatio
1889 3118 2107 3193 privata
2145 3138 2177 3176 a
2216 3114 2528 3182 sacerdote,
2573 3115 2661 3171 vel

479 3213 705 3281 clerico,
735 3214 804 3270 ad
831 3213 888 3271 id
916 3215 1165 3273 muneris
1193 3215 1458 3291 obligato,
1488 3216 1730 3292 publicae
1758 3217 2030 3273 orationis
2058 3218 2174 3274 vim
2204 3216 2388 3272 habet.

559 3314 616 3368 9.
649 3311 954 3378 Quomodo
981 3312 1177 3370 orandi
1204 3313 1396 3371 Deum
1423 3316 1635 3372 utilitas
1664 3334 1795 3372 cum
1839 3316 2006 3372 certis
2048 3315 2253 3372 divinae
2294 3310 2661 3391 providentiae

481 3410 734 3470 consiliis
763 3413 1054 3478 consistat,
1083 3414 1332 3489 explicat
1353 3414 1663 3489 Angelicus
1688 3412 1933 3471 Doctor:
1966 3422 2005 3449 ‘⁴
2024 3414 2263 3489 Oportet
2287 3413 2369 3469 sic
2396 3410 2663 3469 inducere

483 3510 754 3569 orationis
807 3511 1120 3578 utilitatem,
1166 3521 1226 3569 ut
1265 3530 1451 3585 neque
1503 3514 1673 3596 rebus
1721 3513 1986 3571 humanis
2032 3513 2238 3570 divinae
2291 3510 2665 3587 providentiae

482 3609 753 3685 subjectis
787 3612 1183 3668 necessitatem
1215 3594 1817 3687 imponamusstteque
1855 3613 2026 3670 etiam
2060 3612 2313 3669 divinam
2344 3608 2666 3684 dispositio-

483 3726 612 3764 nem
635 3709 960 3766 mutabilem
977 3709 1344 3767 aestimemuS.
1385 3709 1477 3767 Ad
1497 3710 1669 3787 hujus
1687 3728 1822 3787 ergo
1838 3711 2177 3768 evidentiam
2192 3705 2664 3767 considerandum

483 3816 606 3872 est3
651 3806 805 3876 quod
829 3824 903 3863 ex
931 3806 1124 3865 divina
1150 3808 1502 3884 providentia
1539 3828 1657 3866 non
1701 3809 1889 3865 solum
1936 3809 2253 3886 disponitur
2290 3807 2388 3880 qui
2426 3804 2665 3862 effectus

483 3902 638 3968 fiant,
678 3903 781 3960 sed
805 3904 972 3962 etiam
999 3924 1073 3962 ex
1101 3907 1306 3978 quibus
1344 3908 1554 3974 causiS,
1585 3915 1643 3964 et
1680 3926 1796 3979 quo
1834 3908 2031 3965 ordine
2075 3907 2426 3983 proveniant.
2509 3902 2665 3960 Inter

485 4000 625 4057 alias
671 3988 855 4057 autem
895 4022 1116 4070 causas,
1157 4014 1292 4061 sunt
1329 4006 1499 4062 etiam
1540 4004 1913 4077 quorumdam
1959 4025 2141 4064 causae
2188 4015 2344 4063 actus
2391 4002 2658 4061 humani:

484 4097 636 4156 unde
665 4109 889 4173 oportet
923 4101 1187 4159 homines
1217 4121 1382 4179 agere
1411 4104 1621 4176 aliqua,
1648 4123 1764 4161 non
1805 4114 1867 4161 ut
1911 4124 2013 4181 per
2050 4123 2185 4162 suos
2214 4112 2369 4161 actus
2410 4101 2663 4159 divinam

488 4196 921 4273 dispositionem
969 4201 1287 4267 immutent,
1315 4200 1416 4259 sed
1453 4210 1516 4258 ut
1559 4220 1663 4278 per
1706 4212 1863 4260 actus
1904 4222 2039 4261 suos
2085 4202 2357 4278 impleant
2382 4199 2664 4274 quosdam

579 4382 662 4447 (1)
702 4380 754 4429 S.
778 4380 955 4430 Thom-
979 4386 1026 4433 2.
1050 4386 1096 4430 2·
1115 4400 1196 4446 qu.
1220 4385 1408 4435 lxxxiii.
1430 4393 1513 4435 art.
1531 4386 1599 4434 iii.
1667 4388 1816 4454 Καρ.
2177 4390 2261 4452 (2)
2300 4388 2383 4435 Pa.
2404 4388 2497 4437 cxl.
2521 4387 2569 4432 2.

930 4468 1014 4533 (3)
1054 4467 1106 4517 S.
1128 4468 1306 4517 Thom.
1329 4473 1375 4519 2.
1392 4473 1439 4520 2.
1461 4486 1543 4534 qu.
1566 4473 1730 4521 clxxx.
1751 4473 1935 4522 clxxxi.
1955 4479 2005 4521 et
2023 4474 2224 4523 clxxxii.
