3117 5217
521 550 640 607 3⁴8
1077 546 1192 605 DE
1233 544 1767 605 JUDICIORUM
1808 545 2155 607 ORDINE.

527 720 720 773 certae
775 730 1074 793 personat
1125 712 1358 785 quidam
1413 714 1607 771 testari
1658 732 1777 773 non
1842 723 2115 790 possunt:
2183 730 2317 772 reus
2368 709 2569 785 nequit
2603 720 2717 769 tes·

525 815 632 873 tari
657 824 854 871 contra
883 813 1072 871 socios
1099 807 1406 885 eriminis,¹
1445 814 1558 871 nisi
1586 814 1645 870 in
1693 814 2027 872 criminibus
2066 812 2321 880 haeresis,
2349 812 2629 878 simoniae,
2658 820 2717 869 et

519 914 668 971 laesae
709 912 1056 989 majestatisz
1099 911 1366 969 inimicus
1405 913 1605 984 nequit
1642 914 1831 971 testari
1868 922 2065 971 contra
2102 913 2421 979 inimicum,
2474 910 2710 969 libertus

521 1020 718 1071 contra
743 1020 1064 1087 patronum,
1095 1011 1248 1069 filius
1273 1020 1468 1069 contra
1495 1023 1735 1087 patrem,
1762 1021 1821 1069 et
1840 1021 1999 1089 pater
2016 1021 2211 1071 eontra
2229 1011 2433 1077 filium,
2452 1012 2710 1085 exceptis

519 1111 709 1169 causis
735 1110 1280 1176 matrimonialibus;
1303 1109 1589 1177 ethnicus,
1614 1112 1651 1169 J
1658 1110 1875 1179 udaeus,
1898 1113 2017 1170 imo
2034 1112 2203 1189 juxta
2218 1110 2367 1187 juris
2388 1110 2709 1168 sanctiones

521 1210 820 1267 haereticus
847 1218 1040 1267 contra
1067 1204 1476 1268 orthodoxos?¹
1556 1210 1767 1267 Testes
1806 1229 2009 1269 omnes
2048 1228 2237 1269 coram
2280 1208 2601 1267 adversario
2629 1210 2712 1267 in-

523 1308 844 1385 terrogandi
869 1302 1053 1366 sunt.³
1093 1309 1304 1365 Testes
1325 1308 1394 1365 ab
1415 1317 1603 1367 actore
1630 1308 1882 1386 prolatos
1908 1309 2169 1369 refellere
2190 1317 2379 1385 potest
2402 1326 2555 1376 reus,
2578 1309 2706 1366 aliis

521 1407 812 1485 productis
843 1409 1114 1475 testibus3
1157 1426 1302 1479 quos
1327 1408 1502 1465 actori
1527 1408 1661 1465 lieet
1684 1410 1857 1467 etiam
1882 1410 2157 1476 refellere,
2182 1418 2240 1466 et
2276 1409 2337 1466 in
2376 1427 2507 1466 eum
2534 1407 2711 1465 finem

517 1526 702 1567 novos
729 1518 900 1565 testes
929 1506 1260 1583 producere.
1346 1504 1464 1563 Hic
1489 1509 1719 1567 testium
1748 1497 2043 1583 productio
2062 1508 2401 1584 plerumque
2428 1508 2705 1574 consistit,

515 1608 628 1665 nisi
673 1606 825 1664 aliud
862 1605 1046 1684 judici
1085 1601 1388 1665 videatur.⁴
1465 1606 1609 1664 Post
1648 1608 1873 1665 testium
1900 1608 2167 1675 examen}
2208 1617 2351 1667 acta.
2382 1606 2709 1665 exbibenda

514 1719 654 1765 sunt
677 1706 1048 1783 litigantibus,
1075 1716 1138 1763 ut
1161 1706 1211 1763 si
1239 1704 1377 1778 quid
1403 1705 1647 1764 habeant
1670 1706 2052 1785 objiciendum
2080 1716 2387 1783 exponant.

607 1811 702 1863 13.
745 1806 1126 1864 Instrumenta
1151 1806 1344 1870 etiam,
1371 1805 1667 1880 scriptura„-
1706 1806 1925 1864 scihcet
1962 1808 2085 1864 sive
2128 1806 2394 1883 publicae,
2434 1806 2560 1863 sive
2589 1806 2704 1882 pri-

534 1915 694 1971 vatae,
725 1906 872 1962 inter
909 1906 1274 1979 probationes
1311 1914 1699 1963 recensentur.
1783 1906 2023 1963 Publica
2060 1907 2431 1976 instrumenta
2456 1906 2715 1964 confecta

533 2004 760 2079 publiea
798 2004 1146 2070 auctoritate,
1174 2002 1434 2077 sigillove
1472 2005 1691 2061 munita
1728 2004 2037 2082 Principis,
2084 2006 2367 2081 episcopi,
2413 2006 2711 2063 Universi-

529 2102 676 2169 tatis,
699 2103 950 2174 itemque
974 2101 1101 2160 libri
1129 2100 1528 2179 parochorum,
1549 2104 1610 2161 in
1638 2104 1841 2177 quibus
1866 2105 2217 2181 baptismata,
2244 2106 2625 2171 matrimonia,
2652 2114 2709 2161 et

528 2202 728 2260 funera
755 2202 1172 2269 describuntur,
1202 2201 1430 2277 plenam
1473 2204 1865 2277 probationem
1904 2204 2179 2272 efficiunt,
2209 2203 2521 2261 dummodo
2554 2215 2708 2261 auto-

523 2302 739 2378 grapha
765 2296 1198 2377 producantur.⁵
1281 2300 1484 2357 Fidem
1527 2311 1713 2360 tamen
1754 2303 1825 2359 iis
1864 2302 2165 2361 detrahunt
2190 2314 2363 2361 testes
2392 2304 2583 2379 plures
2610 2322 2707 2361 ex-

521 2402 784 2475 ceptione
825 2401 1092 2477 majores,
1121 2399 1191 2466 si,
1221 2397 1378 2471 quod
1405 2399 1480 2455 iis
1515 2404 1859 2471 continetur,
1898 2404 2102 2461 falsum
2144 2402 2435 2460 evidenter
2474 2403 2706 2461 demon-

529 2492 788 2557 strent.⁶.
843 2498 910 2557 Si
936 2500 1084 2557 inter
1109 2518 1172 2555 se
1201 2510 1480 2575 pugnent,
1507 2503 1598 2560 vel
1624 2503 1825 2559 abrasa
1862 2503 1977 2559 sint
2013 2503 2145 2560 loco
2182 2512 2473 2579 suspecte,
2498 2503 2595 2559 vel
2634 2503 2707 2558 ita

525 2599 812 2676 impeditae
855 2600 970 2657 sint
1005 2599 1266 2657 lectionis
1307 2608 1372 2657 ut
1405 2598 1520 2675 legi
1564 2600 1655 2658 vel
1699 2601 1937 2677 intelligi
1978 2612 2280 2674 nequeant,
2330 2603 2706 2660 instrumenta

525 2701 694 2757 etiam
723 2699 950 2781 publica
973 2698 1146 2757 fidem
1176 2717 1289 2757 non
1317 2695 1626 2770 obtinent]
1706 2700 1934 2758 Privata
1972 2702 2252 2777 scriptura
2290 2702 2469 2759 tribus
2494 2701 2710 2759 munita

527 2799 764 2856 testibus
791 2798 908 2853 vim
937 2797 1108 2854 habet
1133 2797 1348 2872 publici
1373 2796 1786 2856 instrumenti.⁸
1854 2800 1999 2857 Item
2027 2801 2157 2858 libri
2182 2810 2557 2858 mercatorum
2584 2810 2705 2857 tum

525 2915 630 2972 pro
663 2915 748 2963 se,
779 2905 894 2953 tum
925 2906 1122 2953 contra
1145 2914 1210 2953 se
1237 2896 1498 2972 probant.
1585 2896 1807 2955 Caetera
1832 2900 2043 2975 scripta
2068 2900 2281 2971 absque
2308 2901 2547 2957 testibus
2574 2918 2708 2956 con-

523 2993 670 3051 fecta
695 3004 888 3052 contra
915 2996 1256 3054 scribentem
1284 2997 1546 3073 probant,
1588 2999 1639 3055 si
1666 3016 1836 3055 causa
1862 2996 2037 3055 debiti
2064 2999 2137 3055 sit
2160 3016 2473 3074 expressa:
2516 3008 2710 3056 contra

522 3094 664 3152 alios
691 3094 770 3153 nil
811 3095 1070 3171 probant.
1153 3096 1506 3153 Libet-storia
1545 3096 1857 3165 consessio,
1878 3099 1983 3154 etsi
2012 3097 2165 3155 nulla
2194 3098 2491 3175 adjiciatur
2514 3116 2705 3164 causa,

448 3245 458 3252 .
523 3205 719 3251 contra
745 3194 1084 3250 scribentem
1113 3196 1228 3250 vim
1257 3188 1527 3253 obtinet.⁹

605 3294 698 3347 14.
743 3286 1280 3368 Praeaumptiones,
1307 3310 1408 3349 seu
1451 3294 1793 3369 conjecturis
1833 3315 1908 3353 ex
1948 3297 2139 3368 aliquo
2167 3296 2463 3354 verisimili
2502 3296 2704 3363 ductae,

521 3391 873 3467 probationis
911 3390 1028 3447 vim
1067 3390 1376 3465 aliquando
1415 3392 1691 3462 obtinent,
1734 3396 1903 3452 certis
1946 3396 2369 3471 probationibus
2398 3396 2709 3454 deficienti-

521 3491 648 3549 buS.
734 3490 1112 3567 Praesumptio
1141 3492 1326 3564 aliqua
1353 3492 1558 3550 dicitur
1580 3493 1777 3572 juris,
1806 3504 1863 3551 et
1888 3495 1959 3553 dc
1981 3494 2151 3571 jure,
2182 3514 2307 3568 quae
2334 3496 2557 3555 scilicet
2580 3495 2707 3570 lege

521 3590 808 3658 definitur,
836 3590 978 3649 adeo
1004 3601 1066 3647 ut
1089 3594 1426 3651 contrariam
1453 3611 1687 3651 omnem
1716 3594 2104 3669 probationem
2131 3595 2427 3654 excludat:
2458 3596 2541 3652 sic
2570 3595 2706 3652 olim

525 3692 946 3750 matrimonium
975 3693 1422 3765 praesumebatur
1447 3693 1508 3749 in
1533 3694 1628 3761 iis,
1657 3694 1757 3765 qui
1797 3704 1929 3769 post
1950 3694 2241 3771 sponsalia
2264 3696 2708 3752 concubuerunt.

519 3787 929 3867 Praesumptio
958 3790 1134 3868 juris
1181 3792 1330 3849 cedit
1379 3794 1673 3851 contrariae
1718 3794 2059 3869 probationi.
2144 3794 2244 3851 Sic
2292 3795 2555 3866 quamvis
2608 3794 2702 3850 lex

521 3898 828 3962 praesumat
855 3889 1160 3956 haeredem,
1191 3892 1287 3963 qui
1315 3892 1693 3949 inventarium
1722 3911 1847 3950 non
1886 3892 2151 3960 confecit,
2182 3893 2562 3951 hoereditatem
2590 3892 2705 3950 dis-

593 4064 677 4127 (1)
719 4063 841 4127 Cap.
864 4067 898 4116 i.
919 4064 978 4117 de
999 4066 1250 4135 confessis.
1273 4085 1314 4116 c.
1333 4084 1382 4116 x.
1405 4068 1464 4119 de
1486 4068 1709 4120 testibus.
1880 4072 1965 4137 (2)
2007 4070 2131 4135 Gap.
2146 4071 2302 4119 xxxii.
2324 4069 2389 4120 de
2404 4070 2635 4121 simonia.

593 4151 678 4214 (3)
718 4147 829 4197 Gan
850 4150 983 4198 xxiv·
1005 4158 1054 4199 et
1074 4154 1207 4203 xxvi.
1231 4170 1272 4201 c.
1298 4154 1346 4202 ii.
1369 4170 1450 4216 qu.
1472 4154 1553 4203 vii.
1876 4158 1959 4222 (4)
2001 4156 2124 4219 Cap.
2145 4156 2199 4205 ii.
2219 4155 2277 4207 de
2301 4156 2520 4207 testibus.

590 4235 675 4301 (5)
717 4234 839 4297 Cap.
861 4250 942 4283 xv.
965 4238 1134 4287 xxxvi.
1151 4239 1270 4287 xlix.
1297 4241 1360 4288 lv.
1381 4238 1440 4289 de
1464 4240 1688 4293 testimo.
1710 4283 1713 4285 v
2120 4292 2123 4295 ,

589 4321 674 4386 (6)
715 4319 838 4382 Cap.
862 4319 893 4367 i.
917 4326 966 4367 et
985 4321 1084 4369 xvi.
1108 4321 1286 4387 defide
1301 4323 1540 4375 instrum.
1878 4328 1963 4392 (7)
2004 4326 2065 4375 C.
2086 4342 2136 4380 x.
2158 4326 2249 4375 eod
2270 4326 2343 4375 tit.

589 4406 674 4471 (8)
716 4403 840 4468 Gap.
859 4404 927 4456 iii.
949 4412 1000 4452 et
1019 4406 1085 4453 vl.
1109 4406 1212 4454 eod.
1236 4408 1308 4455 tit.
1547 4413 1632 4477 (9)
1672 4409 1731 4459 L.
1754 4410 1821 4459 xi.
1844 4410 1969 4459 cod.
1986 4411 2078 4477 qui
2100 4412 2279 4478 potior.
2306 4414 2363 4462 in
2379 4411 2531 4477 pigra.
2551 4410 2665 4462 hab.

585 4491 706 4558 (10)
745 4490 804 4539 L.
823 4506 938 4539 xxv.
964 4494 1009 4549 ς.
1033 4488 1120 4539 ult.
1141 4490 1192 4541 ff.
1215 4490 1274 4542 de
1289 4492 1491 4558 probat.
1513 4511 1556 4544 c.
1580 4496 1678 4545 xiv.
1700 4496 1759 4545 de
1768 4494 1880 4563 fide
1892 4496 2132 4548 instrum.
2154 4497 2215 4547 L.
2238 4498 2305 4546 xl.
2326 4496 2377 4545 ff.
2400 4495 2459 4547 de
2471 4496 2657 4563 pactis.
