3117 5217
1150 562 1265 623 DE
1307 562 1689 624 ORATION
1692 563 1771 623 Ε.
2422 572 2541 627 223

313 712 322 720 ’
353 728 674 791 noetaverit
709 730 770 791 in
809 728 1048 798 orando,
1087 739 1146 789 et
1169 730 1324 803 quod
1366 732 1649 807 prolixius
1688 732 1948 799 oraverit,
1976 741 2040 789 ut
2077 734 2243 793 nobis
2269 736 2545 811 praeberet

355 830 732 907 exemplum.’
818 830 902 887 Et
937 839 1138 905 postea
1175 829 1400 887 subdit:
1449 839 1464 863 ‘
1487 830 1654 889 Absit
1690 832 1761 907 ab
1796 832 2051 889 oratione
2090 833 2271 891 multa
2308 835 2540 903 locutio,

355 928 458 987 sed
485 948 610 987 non
634 928 780 986 desit
803 929 982 987 multa
1009 927 1278 1005 precatio,
1319 930 1370 987 si
1411 928 1639 987 fervens
1678 939 2005 1005 perseverat
2042 932 2301 991 intentio.
2384 934 2540 991 Nam

353 1029 602 1087 multum
628 1028 806 1099 loqui,
835 1038 926 1085 est
949 1022 1008 1084 in
1029 1026 1244 1085 orando
1263 1046 1382 1085 rem
1403 1029 1781 1098 neeessariam
1804 1028 2111 1104 superfluis
2132 1050 2299 1107 agere
2318 1032 2539 1089 verbis:

357 1127 698 1203 plerumque
737 1135 928 1185 autem
967 1125 1080 1187 hoe
1119 1127 1410 1202 negotium
1449 1127 1583 1203 plus
1624 1129 1953 1204 gemitibus,
1980 1146 2151 1199 quam
2190 1131 2545 1189 sermonibus

357 1219 643 1302 agitur.”¹

435 1329 533 1383 17.
586 1332 623 1358 “
647 1321 1010 1391 Ponuntur,”
1039 1323 1228 1396 inquit
1250 1322 1563 1401 Angelicus
1590 1323 1807 1394 doctor,
1839 1334 1879 1361 ‘⁶
1902 1336 2143 1397 quatuor
2166 1325 2542 1396 conditiones,

357 1424 570 1495 quibus
595 1422 1060 1481 concurrentibus
1086 1440 1316 1497 semper
1334 1422 1540 1494 aliquis
1568 1423 1829 1498 impetrat
1854 1423 2010 1496 quod
2036 1425 2213 1500 petit:
2240 1436 2302 1483 ut
2326 1424 2545 1484 scilieet

357 1540 460 1598 pro
485 1540 556 1579 se
597 1531 772 1597 petat,
811 1522 1136 1579 necessaria
1176 1518 1247 1577 ad
1287 1520 1547 1588 salutem,
1588 1522 1683 1596 pie
1726 1536 1783 1579 et
1821 1519 2344 1598 perseveranter.”²
2423 1523 2547 1600 Ipsi

356 1630 710 1697 peccatores,
739 1639 815 1677 ex
841 1620 1034 1697 gratiae
1081 1628 1235 1677 motu
1265 1630 1512 1686 orantes,
1541 1622 1803 1690 quamvis
1832 1621 1977 1679 nihil
2002 1634 2341 1689 mereantur,
2368 1622 2547 1698 impe-

359 1728 500 1777 trant
525 1728 720 1777 tamen
747 1739 782 1775 a
819 1717 1012 1777 divina
1037 1718 1284 1776 bonitate
1323 1736 1452 1791 quae
1473 1718 1785 1777 humiliter
1822 1730 2023 1796 petunt
2060 1720 2249 1797 gratiae
2288 1720 2544 1779 subsidia

357 1817 424 1875 ad
449 1818 686 1893 plenam
713 1817 889 1875 animi
913 1817 1370 1884 conversionem,
1393 1817 1611 1893 quippe
1640 1825 1679 1852 “
1698 1820 1877 1877 oratio
1897 1820 2247 1877 humiliantis
2273 1836 2337 1877 se
2364 1820 2544 1877 nubes

361 1916 686 1992 penetrabit
704 1906 798 1973 :⁹⁹³
835 1916 921 1973 sic
944 1916 1288 1993 publicanus
1327 1915 1775 1975 misericordiam
1808 1926 2149 1979 consecutus
2190 1928 2297 1977 est.
2383 1916 2555 1985 Quod

360 2024 546 2073 autem
569 2033 764 2073 eaeeus
800 2034 836 2073 a
861 2014 1094 2073 Christo
1135 2014 1390 2073 Domino
1431 2015 1556 2072 visu
1598 2015 1858 2086 donatus,
1900 2017 2107 2077 dixerit
2131 2017 2321 2077 Deum
2350 2035 2549 2094 pecea-

361 2124 504 2172 tores
527 2132 648 2171 non
677 2113 970 2181 exaudire,
997 2123 1208 2173 certam
1237 2112 1622 2171 auctoritatem
1650 2134 1768 2174 non
1792 2115 1945 2184 facit,
1974 2135 2151 2189 quum
2170 2136 2289 2175 nou
2316 2126 2543 2175 constet

363 2230 488 2269 eum
517 2212 702 2271 fuisse
729 2212 1000 2271 divinitus
1025 2232 1096 2271 ea
1119 2214 1180 2269 in
1205 2232 1266 2271 re
1293 2212 1633 2268 illustratum
1657 2233 1671 2270 ε
1716 2215 1819 2273 sed
1847 2216 2213 2274 verissimum
2240 2223 2328 2271 est
2352 2214 2545 2272 Deum

365 2321 694 2386 peccatores
717 2308 859 2369 falso
887 2328 949 2368 se
976 2312 1104 2389 ejus
1129 2310 1362 2369 nomine
1403 2309 1763 2380 exhibentes,
1791 2332 1908 2372 non
1944 2313 2237 2381 exaudire,
2280 2311 2552 2371 miracula

367 2422 580 2486 patrare
609 2410 890 2477 volentes,
920 2410 1123 2483 quibus
1165 2408 1573 2477 auctoritatem,
1603 2430 1772 2483 quam
1814 2422 2106 2491 usurpant,
2134 2412 2343 2471 divinis
2372 2411 2549 2470 veluti

366 2508 563 2587 sigillis
593 2509 916 2585 obsignent,
945 2518 1003 2565 et
1028 2510 1319 2567 muniant:
1363 2507 1521 2579 quod
1547 2509 1735 2567 verbis
1761 2510 1877 2568 illis
1905 2510 2245 2569 declaratum
2282 2521 2388 2569 est.

443 2612 537 2665 18.
583 2605 742 2665 Raro
770 2616 1036 2683 peccatur
1058 2607 1337 2667 lethaliter
1364 2624 1439 2662 ex
1478 2604 1703 2664 defectu
1730 2610 2076 2675 attentionis,
2104 2609 2217 2665 nisi
2242 2610 2312 2665 iis
2338 2609 2397 2665 in
2425 2626 2552 2684 pre·

367 2706 518 2765 cibus
561 2725 693 2779 quae
733 2705 988 2764 districta
1023 2706 1152 2784 lege
1193 2706 1567 2783 injunguntur
1605 2705 1928 2764 recitandae.
2014 2704 2303 2763 Caeterum
2345 2705 2551 2763 frustra

365 2814 500 2873 orat,
527 2814 588 2862 et
613 2805 783 2881 eulpa
807 2805 1016 2863 veniali
1041 2805 1241 2864 saltem
1267 2822 1330 2861 se
1359 2802 1677 2881 adstringit,
1706 2806 1806 2877 qui
1834 2805 2071 2882 negligit
2088 2805 2341 2863 animum
2368 2803 2550 2881 appli-

357 2922 496 2971 care,
525 2914 584 2961 et
612 2903 1077 2977 studioquodam
1097 2913 1153 2962 et
1173 2905 1304 2961 nisu
1325 2902 1383 2959 in
1405 2901 1597 2961 Deum
1619 2903 1874 2962 tendere.
1919 2904 2043 2962 Sibi
2072 2904 2277 2971 illudit,
2301 2903 2545 2976 Deoque

367 3001 585 3061 videtur
627 3002 886 3078 injurius,
929 3003 1028 3075 qui
1071 3003 1244 3060 verba
1287 3010 1500 3057 temere
1547 3000 1751 3069 fundit,
1792 3004 2043 3062 animum
2088 3002 2199 3061 alio
2245 3002 2549 3061 divertens.

370 3100 632 3159 Externa
657 3102 831 3159 animi
856 3100 1172 3178 divagantis
1207 3088 1430 3157 'indicia
1469 3098 1613 3158 adeo
1655 3100 1931 3178 derogant
1966 3102 2294 3159 reverentiae
2335 3101 2395 3159 in
2422 3101 2553 3159 Deo

367 3199 609 3259 colendo⁴
654 3198 1010 3267 exhibendae,
1053 3210 1110 3257 et
1146 3199 1289 3256 alios
1333 3218 1366 3255 a
1403 3197 1611 3274 pietate
1641 3200 1904 3269 alienant,
1945 3209 2007 3258 ut
2030 3200 2297 3259 lethalem
2325 3201 2554 3276 eulpam

369 3298 710 3370 quandoque
755 3297 1044 3357 inducant.
1137 3297 1228 3355 De
1280 3297 1528 3354 haerente
1576 3308 1633 3356 et
1683 3298 1882 3357 incerti
1922 3300 2099 3359 animi
2139 3300 2369 3358 homine
2418 3298 2559 3357 dicit

373 3397 688 3473 Apostolus
728 3397 765 3454 J
769 3398 1018 3455 acubus:
1065 3404 1104 3431 ‘⁴
1127 3396 1268 3454 Non
1308 3413 1446 3471 ergo
1487 3399 1729 3456 aentimet
1772 3398 1945 3456 homo
1982 3398 2076 3455 ille
2118 3398 2273 3469 quod
2318 3398 2559 3473 accipiat

375 3495 589 3569 aliquid
661 3515 692 3551 a
743 3491 1098 3554 Domin0.”⁴
1179 3495 1446 3553 Petentes
1497 3514 1625 3567 quoe
1668 3497 1727 3552 in
1780 3497 1869 3553 sui
1922 3496 2013 3551 vel
2076 3496 2313 3553 aliorum
2366 3496 2555 3570 perni-

374 3595 537 3664 ciem,
587 3604 650 3651 et
691 3593 805 3652 Dei
855 3594 1236 3653 offensionem
1282 3611 1514 3651 cessura
1564 3603 1717 3661 sunt,
1766 3600 2025 3673 peceant,
2071 3601 2130 3648 et
2172 3591 2353 3649 fructu
2397 3594 2557 3650 omni

375 3703 602 3751 carent:
651 3700 688 3727 ‘⁴
712 3692 900 3768 petitis
927 3701 984 3751 et
1005 3710 1124 3752 non
1152 3691 1430 3768 accipitis,
1468 3709 1540 3748 eo
1568 3689 1723 3764 quod
1747 3691 1895 3749 male
1922 3691 2145 3765 petatis,
2174 3701 2238 3746 ut
2263 3690 2324 3746 in
2350 3708 2556 3747 coneu-

375 3791 666 3867 piseentiis
694 3792 896 3849 vestris
946 3786 1341 3849 insumatis.”⁵
1420 3789 1701 3847 Peccatur
1752 3789 1917 3846 etiam
1963 3788 2267 3861 aliquando
2312 3789 2557 3865 graviter

377 3892 590 3949 ratione
621 3889 870 3948 scandali
895 3890 952 3949 in
981 3891 1216 3948 eoetibus
1258 3890 1522 3964 publiciS,
1550 3887 1685 3945 dum
1729 3896 1960 3944 externe
1986 3905 2049 3944 se
2089 3886 2335 3962 produnt
2359 3906 2557 3965 evaga-

379 3988 558 4047 tiones
587 3989 798 4047 mentis
825 4006 952 4045 eum
982 3987 1230 4062 quodam
1259 3988 1661 4064 mysteriorum
1688 3986 2009 4043 divinorum
2036 3996 2384 4063 contemptu.
2435 3986 2552 4045 Sed

349 4160 362 4168 ι
384 4096 438 4145 et
459 4097 688 4163 oportet
713 4086 1128 4163 perseverando
1151 4087 1267 4145 vim
1288 4086 1422 4145 dare
1443 4086 1701 4153 orationi,
1734 4083 2001 4143 Christus
2030 4085 2180 4145 enim
2202 4086 2385 4145 viduae
2404 4086 2559 4164 judi-

584 4306 670 4371 (1)
709 4308 758 4353 2.
781 4308 828 4352 2.
851 4320 934 4368 qu.
958 4304 1149 4354 lxxxiii.
1172 4311 1258 4354 nrt.
1280 4304 1378 4353 xiV.
1447 4304 1536 4354 Ad
1547 4304 1803 4371 primum.

585 4392 661 4450 (2)
697 4388 896 4448 Ibidem,
922 4397 1007 4438 art.
1031 4405 1112 4437 ιν.
1180 4388 1268 4441 Ad
1283 4388 1576 4440 secundum.
1847 4389 1931 4454 (3)
1970 4386 2105 4437 Eecl.
2127 4402 2277 4435 xxxv.
2300 4389 2401 4432 21.‘

586 4474 644 4539 4)
683 4472 787 4522 180·
809 4472 842 4521 i·
865 4476 912 4523 7·
1366 4502 1371 4505 -
1839 4474 1924 4539 (4)
1962 4471 2160 4528 Ibidem,
2182 4470 2246 4517 iv.
2267 4471 2315 4516 3.
