3117 5217
542 555 655 614 DE
687 553 1205 614 SPECIALIUM
1236 553 1768 613 INJURIARUM
1797 553 2425 615 REPARATIONE.
2515 561 2626 615 129

446 721 516 778 ab
540 741 609 781 ea
634 721 924 780 ducenda:
970 722 1275 799 promissio
1302 722 1457 780 enim
1484 721 1631 779 facta
1655 730 1745 778 est
1769 739 1844 778 ex
1873 723 2316 799 praesumptione
2343 741 2472 780 eam
2498 741 2626 780 esse

448 821 745 897 virginem,
788 833 845 878 et
891 821 1108 879 virtutis
1155 820 1469 882 cultricem.
1554 820 1670 888 Qui
1715 820 1869 878 solos
1910 830 2087 879 tactus
2134 822 2376 880 obtinuit
2418 822 2631 893 absque

450 920 673 995 copula,
702 939 819 978 non
860 928 1080 979 tenetur
1119 919 1455 995 plerumque
1496 920 1566 977 ad
1606 920 2053 988 matrimonium,
2082 939 2258 992 quum
2298 930 2476 978 tactus
2515 939 2632 978 non

448 1018 691 1077 habeant
714 1021 1141 1096 proportionem
1170 1038 1300 1076 cum
1328 1037 1499 1078 onere
1540 1018 1822 1086 ducendi;
1864 1019 1978 1076 nisi
2017 1019 2224 1078 fuerint
2250 1019 2412 1076 valde
2439 1029 2631 1095 turpes

450 1136 579 1176 cum
606 1117 855 1176 infamiae
884 1118 1232 1185 discrimine,
1260 1127 1318 1174 et
1342 1118 1555 1176 femina
1581 1119 1655 1176 sit
1689 1118 1945 1174 honesta.
2031 1117 2098 1176 Si
2137 1127 2402 1195 parentes
2425 1119 2630 1196 puellae

449 1217 871 1275 matrimonium
902 1215 1234 1294 impediant,
1264 1217 1352 1274 vir
1375 1217 1473 1288 qui
1498 1216 1636 1274 illud
1674 1217 1937 1292 promisit
1963 1217 2148 1276 adhuc
2190 1226 2428 1284 tenetur,
2464 1219 2634 1295 juxta

457 1315 649 1390 plures
678 1315 996 1392 theolog08,
1039 1314 1111 1374 ad
1152 1312 1421 1372 damnum
1463 1315 1972 1390 compensandum,
2002 1326 2277 1388 quatenus
2306 1317 2443 1375 alias
2475 1327 2630 1392 pote-

457 1414 560 1470 rit:
624 1415 741 1472 imo
794 1416 899 1472 etsi
940 1415 1131 1490 puella
1174 1414 1301 1489 ipsa
1346 1415 1766 1472 matrimonium
1822 1415 2111 1482 detrectet,
2157 1415 2426 1474 damnum
2468 1417 2634 1474 nihil-

454 1514 689 1571 ominus
714 1512 1089 1588 reparandum
1117 1522 1223 1579 est,
1235 1514 1405 1590 juxta
1430 1514 1652 1585 aliquos
1674 1531 1690 1579 ;
1719 1533 1960 1585 quorum
1990 1525 2178 1571 tamen
2203 1515 2498 1572 sententiae
2523 1534 2639 1576 non

458 1611 891 1680 subscribimus,
922 1631 1095 1685 quum
1138 1612 1223 1669 vir
1261 1614 1407 1670 ultra
1446 1613 1792 1688 promissum
1827 1631 1942 1670 non
1968 1607 2268 1672 teneatur.¹
2351 1613 2466 1680 Qui
2507 1625 2636 1689 post

448 1719 641 1770 votum
670 1711 922 1788 simplex
957 1712 1228 1770 castitatis
1266 1712 1563 1778 emissum,
1605 1712 1852 1786 puellam
1891 1712 2139 1778 violavit,
2181 1693 2468 1788 promisso
2501 1724 2636 1770 mat-

452 1811 716 1877 rimoni0‚
748 1809 967 1868 videtur
1005 1811 1283 1888 obligatus
1310 1811 1381 1868 ad
1406 1830 1538 1869 eum
1567 1809 1883 1868 ducendam
1907 1831 1922 1879 ;
1951 1813 2212 1884 quamvis
2245 1813 2402 1871 enim
2445 1811 2638 1870 illicite

452 1911 795 1987 promiserit,
823 1909 977 1968 licite
1004 1919 1193 1968 tamen
1231 1909 1431 1985 implet
1477 1910 1940 1986 promissionem,
1983 1912 2280 1986 impetrata
2317 1911 2474 1987 prius
2501 1930 2534 1966 a
2558 1911 2636 1968 le-

455 2009 653 2086 gitimo
680 2011 974 2085 superiore
1000 2011 1118 2068 voti
1152 2008 1597 2084 dispensatione.
1681 2009 1910 2085 Excipe
1950 2009 2062 2068 nisi
2105 2011 2228 2087 ipsa
2255 2011 2478 2070 noverit
2502 2028 2635 2068 eum

457 2119 587 2165 voto
612 2109 798 2186 ligari.
1000 2184 1008 2189 ἱ

532 2211 673 2265 218.
743 2208 857 2274 Qui
903 2209 1386 2284 consanguineam
1426 2207 1682 2276 violavit,
1725 2209 2087 2266 matrimonio
2127 2211 2431 2284 promiss0,
2477 2219 2632 2265 tene-

456 2316 543 2364 tur
566 2306 637 2364 ad
664 2306 967 2383 petendam
995 2307 1481 2383 dispensationem
1508 2315 1571 2364 ut
1596 2325 1721 2364 eam
1749 2306 1936 2375 ducat,
1963 2307 2016 2364 si
2041 2306 2516 2384 impedimentum
2541 2325 2632 2365 so·

454 2405 567 2464 leat
609 2407 891 2464 relaxari:
934 2407 985 2464 si
1024 2404 1157 2463 vero
1198 2407 1483 2463 rarissime
1522 2405 1826 2474 relaxetur,
1864 2408 2170 2484 promissio
2197 2407 2487 2484 implenda
2525 2425 2642 2464 non

458 2515 562 2572 est,
592 2525 765 2576 quum
797 2505 1007 2564 femina
1048 2504 1199 2562 haud
1234 2504 1491 2581 debuerit
1515 2505 1884 2579 promissioni
1927 2505 2256 2582 hujusmodi
2281 2506 2453 2563 fidem
2482 2489 2640 2562 adhi'-

454 2605 604 2661 bere.
691 2605 847 2664 Hinc
874 2606 973 2678 qui
1000 2604 1281 2662 defunctae
1308 2603 1509 2660 uxoris
1540 2604 1722 2660 sorori
1751 2603 2034 2677 pollicitus
2077 2614 2166 2660 est
2190 2605 2635 2670 matrimonium,

456 2714 513 2760 et
538 2704 805 2780 copulam
830 2723 963 2762 cum
1003 2722 1073 2760 ea
1111 2703 1324 2769 habuit,
1366 2703 1467 2759 vix
1506 2702 1790 2759 tenebitur
1833 2700 1902 2759 ad
1948 2701 2244 2777 petendam
2270 2702 2642 2777 dispensatio-

456 2821 611 2861 nem.
700 2804 817 2872 Qui
842 2805 1089 2880 puellam
1130 2801 1503 2860 acatholicam
1523 2801 1869 2858 matrimonii
1909 2800 2290 2876 promissione
2331 2799 2400 2858 ad
2428 2802 2644 2860 crimen

454 2899 706 2968 induxit,
736 2902 807 2959 ad
835 2920 959 2960 eam
988 2901 1310 2959 ducendam
1355 2920 1473 2958 non
1502 2899 1724 2958 videtur
1747 2900 2051 2976 obligatus,
2080 2919 2255 2972 quum
2285 2901 2644 2958 matrimonia

466 3000 801 3076 hujusmodi
828 2999 943 3056 sint
967 2999 1181 3066 illicita,
1209 3001 1281 3057 ob
1307 3000 1543 3058 violatas
1577 3000 1858 3058 Ecclesiae
1898 3019 1968 3057 ea
1993 3001 2230 3057 vetantis
2256 3001 2437 3076 leges,
2467 3011 2524 3058 et
2547 3018 2646 3075 pe-

458 3100 701 3156 riculum
730 3099 905 3175 prolis
932 3099 1340 3157 subversionis
1424 3097 1596 3166 Quod
1637 3100 1688 3156 si
1715 3099 1862 3156 sama
1903 3099 2031 3158 ideo
2071 3100 2420 3175 periclitetur
2453 3099 2644 3175 puella

458 3198 712 3271 alioquin
733 3199 992 3266 honesta,
1038 3218 1165 3272 quae
1192 3200 1253 3256 in
1280 3198 1665 3257 conditionem
1692 3197 1762 3256 de
1789 3201 1948 3275 prole
1989 3199 2269 3258 catholice
2297 3199 2646 3258 instituenda

452 3295 788 3365 consentiat,
830 3299 1137 3375 promissio
1163 3297 1451 3374 implenda
1478 3307 1584 3354 est.

534 3402 673 3456 219.
721 3395 1075 3456 Adulterium
1106 3398 1323 3456 inducit
1347 3395 1681 3472 restituendi
1721 3396 2146 3474 obligationem,
2187 3399 2239 3454 si
2277 3397 2467 3472 proles
2508 3398 2642 3456 inde

459 3507 736 3564 nascatur,
766 3507 823 3557 et
848 3499 1051 3554 marito
1078 3507 1135 3554 et
1160 3498 1292 3554 filiis
1320 3496 1592 3572 legitimis
1620 3495 1696 3552 ita
1720 3495 1818 3551 fiat
1844 3497 2070 3572 injuria.
2152 3497 2408 3566 Uterque
2439 3515 2642 3570 parens

460 3595 527 3652 ad
555 3596 967 3654 restituendum
994 3596 1291 3673 obligatur,
1320 3595 1529 3655 damna
1553 3595 1748 3652 omnia
1765 3593 2192 3670 compensando
2221 3612 2348 3664 quoe
2375 3603 2498 3650 orta
2525 3594 2646 3652 fue·

458 3695 588 3752 rint.
674 3695 909 3754 Adulter
937 3694 1169 3768 quidem
1210 3695 1379 3752 debet
1417 3711 1620 3753 omnes
1662 3694 1954 3768 impensas
1995 3710 2136 3764 quas
2164 3693 2400 3748 maritus
2430 3691 2566 3750 fecit
2590 3703 2650 3750 ut

460 3796 717 3870 spurium
747 3795 939 3862 aleret,
968 3804 1025 3852 et
1050 3795 1333 3862 educaret,
1362 3795 1417 3852 ei
1444 3793 1772 3858 restituere;
1815 3801 1873 3850 et
1897 3791 2030 3849 filiis
2070 3790 2340 3866 legitimis
2368 3811 2496 3849 eam
2524 3793 2648 3850 red-

459 3893 593 3952 dere
620 3893 963 3952 haereditatis
990 3904 1209 3970 partem
1246 3912 1419 3966 quam
1460 3891 1690 3968 spurius
1734 3889 1972 3966 adeptus
2013 3901 2132 3948 est:
2175 3889 2428 3949 adultera
2453 3901 2645 3950 autem

459 4011 639 4066 usque
668 3993 738 4052 ad
766 3995 993 4052 tertium
1020 4012 1231 4052 annum
1260 3992 1443 4049 filium
1468 3991 1677 4048 lactare
1707 3998 1954 4048 tenetur:
1987 3989 2142 4063 quod
2169 3991 2220 4048 si
2247 3999 2510 4063 nequeat,
2539 3993 2653 4051 lac-

463 4094 685 4151 tationis
713 4094 1001 4169 impensas
1029 4092 1197 4150 debet
1220 4089 1437 4148 adulter
1462 4089 1764 4148 sustinere.
1833 4089 2144 4167 Praecipuae
2171 4091 2420 4148 rationes
2447 4090 2652 4153 damna

465 4189 587 4250 haec
627 4192 924 4269 reparandi
965 4209 1090 4263 quae
1132 4189 1394 4250 adulterae
1434 4189 1774 4266 plerumque
1815 4198 2025 4266 praesto
2065 4198 2215 4258 sunt,
2245 4201 2645 4248 recensentur:

468 4291 519 4351 1.
564 4292 891 4369 diligentius
919 4310 1041 4348 rem
1082 4290 1417 4348 familiarem
1458 4289 1923 4347 administranda
2006 4294 2066 4347 2.
2097 4288 2166 4345 de
2194 4288 2346 4348 cultu
2388 4289 2642 4364 corporis

668 4515 753 4580 (1)
799 4513 919 4563 Vide
943 4511 1185 4574 Loesium,
1207 4512 1405 4582 dejuot.
1429 4513 1624 4582 etjure.
1648 4515 1695 4572 ς.
1717 4511 1766 4562 ii.
1789 4529 1831 4562 c.
1853 4528 1904 4560 x.
1927 4510 2039 4560 dub.
2061 4509 2128 4558 iii.
2149 4523 2200 4556 n.
2225 4510 2306 4554 27.
