3117 5217
1337 565 1452 623 DE
1497 566 1799 625 USURA.
2542 572 2649 629 171

466 730 594 807 glos
623 738 678 787 et
704 731 1072 789 Americanos
1101 733 1178 789 ita
1203 732 1536 809 designatur
1561 752 1735 791 usura
1760 733 1887 810 lege
1912 730 2181 793 sancita.²
2258 735 2352 793 De
2392 754 2563 793 usura
2600 736 2659 792 in

466 828 1082 907 EpistolgEncyclica
1107 830 1405 889 Benedicti
1431 832 1602 889 XIV.
1673 830 1790 890 Vix
1806 833 2107 911 pervenit,
2134 834 2413 910 legimus:
2460 841 2497 869 ‘⁸
2518 834 2662 891 Pec-

469 930 577 987 cati
617 947 799 1005 genus
841 929 1002 997 illud,
1033 930 1188 1001 quod
1229 949 1400 989 usura
1439 941 1691 997 vocatur,
1736 931 2004 1005 quodque
2046 933 2105 990 in
2150 941 2439 991 contractu
2480 933 2661 991 mutui

471 1028 758 1103 propriam
801 1046 962 1086 suam
1003 1013 1201 1087 sedem
1248 1038 1306 1087 et
1347 1029 1538 1087 locum
1587 1029 1776 1109 habet,
1804 1031 1865 1089 in
1903 1050 1973 1089 eo
2018 1041 2107 1089 est
2143 1034 2476 1107 repositum,
2506 1031 2660 1103 quod

473 1127 601 1198 quis
643 1142 717 1183 ex
765 1128 1013 1202 ipsomet
1055 1137 1270 1195 mutu0‚
1315 1127 1468 1199 quod
1515 1138 1715 1203 suapte
1756 1140 1953 1187 natura
1999 1130 2345 1190 tantumdem
2392 1130 2665 1188 duntaxat

467 1224 628 1282 reddi
653 1226 920 1306 postulat,
949 1234 1221 1297 quantum
1250 1236 1540 1301 receptum
1573 1237 1679 1294 est,
1708 1227 1837 1303 plus
1864 1228 1975 1287 sibi
2001 1228 2163 1287 reddi
2192 1230 2346 1298 velit,
2375 1247 2545 1301 quam
2574 1240 2663 1285 est

474 1334 790 1399 receptum,
821 1323 1063 1395 ideoque
1091 1325 1236 1382 ultra
1259 1334 1490 1392 sortem,
1531 1325 1752 1383 lucrum
1795 1326 2025 1399 aliquod
2062 1328 2245 1403 ipsius
2287 1330 2503 1385 ratione
2539 1346 2661 1385 mu-

469 1423 573 1488 tui,
599 1423 710 1480 sibi
737 1420 930 1478 deberi
957 1421 1277 1479 contendat.
1337 1421 1526 1481 Omne
1555 1433 1858 1501 propterea
1885 1425 2215 1501 hujusmodi
2241 1427 2483 1494 lucrum,
2504 1425 2658 1499 quod
2742 1438 2759 1450 ·

383 1540 390 1547 ·
471 1528 680 1577 sortem
712 1528 964 1594 superet,
992 1520 1253 1579 illicitum
1281 1530 1336 1577 et
1359 1523 1677 1580 usurarium
1714 1522 1865 1580 est.”

537 1622 636 1675 70.
688 1618 876 1675 Usura
901 1625 1110 1695 aperta
1137 1629 1370 1678 vocatur
1397 1638 1522 1691 quae
1549 1640 1625 1678 ex
1654 1630 1943 1679 contractu
1974 1623 2154 1679 mutui
2182 1623 2495 1698 percipitur
2524 1640 2654 1679 cum

469 1726 634 1791 pacto
682 1735 961 1792 expresso
1007 1718 1221 1791 aliquid
1265 1737 1438 1793 supra
1481 1729 1693 1779 sortem
1742 1720 2082 1795 accipiendi.
2170 1721 2361 1779 Usura
2397 1720 2661 1799 palliata

471 1815 699 1885 quando
726 1815 866 1874 illud
893 1816 1005 1873 alio
1030 1818 1284 1883 nomine,
1314 1818 1489 1893 pallio
1517 1818 1748 1877 alterius
1790 1828 2109 1878 contractus
2137 1820 2310 1877 veluti
2344 1822 2655 1886 obtectum,

460 1915 745 1990 recipitur.
829 1914 930 1973 Sic
957 1915 1260 1988 aliquando
1288 1916 1540 1985 actiones
1580 1919 1797 1976 credito
1837 1918 2157 1977 venduntur
2198 1937 2405 1994 magno
2445 1919 2651 1994 pretio,

465 2014 652 2071 statim
681 2014 882 2071 iterum
905 2014 1216 2073 vendendae
1245 2016 1472 2083 minori,
1495 2026 1556 2073 ut
1576 2020 1819 2093 pecunia
1843 2017 2133 2087 habeatur,
2157 2018 2301 2076 adeo
2323 2026 2383 2075 ut
2401 2028 2656 2075 mutuum

469 2111 818 2171 venditionis
847 2123 905 2195 et
930 2114 1245 2190 emptionis,
1267 2124 1558 2173 contractu
1589 2117 1903 2193 obtegatur.

545 2216 644 2270 71.
691 2221 729 2248 ‘⁴
749 2212 938 2271 Omne
966 2214 1185 2272 lucrum
1215 2232 1290 2271 ex
1313 2224 1532 2281 mutuo,
1560 2218 1799 2290 praecise
1826 2216 2063 2275 ratione
2078 2215 2300 2283 mutui,
2318 2215 2400 2273 uti
2417 2214 2659 2287 loquun-

471 2320 558 2367 tur
572 2312 843 2389 theologi,
860 2312 972 2371 hoc
985 2313 1226 2371 e'stlucri
1241 2314 1536 2401 cessantis,
1553 2312 1681 2371 dam
1690 2315 1747 2372 ni
1760 2316 2124 2393 emergentis,
2142 2315 2323 2373 aliove
2336 2313 2663 2372 extrinseco

472 2410 632 2469 titulo
659 2421 898 2478 remoto,
927 2412 1266 2480 usurarium,
1289 2422 1460 2485 atque
1479 2414 1640 2471 omni
1659 2413 1810 2489 jure,
1834 2415 2072 2473 naturali
2095 2414 2335 2481 scilicet,
2364 2414 2582 2480 divino,
2608 2420 2666 2469 et
2767 2436 2779 2441 ··

477 2510 890 2578 ecclesiastico,
917 2510 1174 2567 illicitum
1203 2529 1355 2578 esse,
1398 2521 1673 2587 perpetua
1698 2511 1820 2580 fuit,
1850 2522 1907 2571 et
1931 2523 2020 2571 est
2046 2511 2361 2572 Catholicae
2389 2511 2671 2571 Ecclesiae
2740 2538 2749 2547 ²

473 2609 749 2677 doctrina,
769 2610 1026 2667 omnium
1048 2609 1443 2676 conciliorum,
1473 2623 1717 2685 patrum,
1748 2619 1804 2666 et
1822 2610 2220 2687 theologorum
2246 2611 2503 2668 unanimi
2530 2627 2663 2667 con·

475 2692 746 2767 sensione
765 2707 1051 2766 firmata.”
1095 2707 1181 2766 Ita
1199 2707 1548 2766 Benedictus
1573 2699 1777 2765 ΧΠΤ.2
1814 2708 1895 2766 Et
1914 2708 2143 2782 quidem
2174 2710 2232 2766 in
2260 2710 2437 2767 veteri
2466 2709 2667 2766 Testa-

474 2817 670 2865 mento
697 2808 938 2884 legimus
968 2826 1195 2866 usuram
1219 2802 1365 2866 inter
1384 2808 1637 2866 maxima
1658 2807 1895 2866 crimina
1916 2809 2236 2867 recenseri:
2282 2816 2322 2843 ‘⁶
2346 2805 2415 2863 ad
2438 2824 2667 2864 usuram

477 2904 729 2973 dantem,
769 2915 828 2963 ct
865 2906 1106 2982 amplius
1143 2907 1554 2983 accipientem:
1599 2908 1881 2980 numquid
1920 2906 2113 2965 vivet?
2154 2926 2271 2966 non
2298 2907 2492 2974 vivet3
2535 2922 2667 2962 cum

485 3005 753 3063 universa
776 2994 1256 3092 haeczdetestanda
1282 3006 1502 3073 fecerit,
1530 3016 1721 3063 morte
1741 2996 2107 3065 morietur.”³
2148 3015 2187 3041 ‘⁴
2210 3006 2277 3065 In
2306 3024 2456 3065 novo
2482 2991 2673 3061 autem

481 3103 857 3162 Testamento
899 3104 1072 3163 Lucae
1098 3105 1174 3161 vi.
1222 3103 1334 3162 illis
1380 3103 1601 3163 Christi
1642 3104 1882 3163 Domini
1910 3106 2138 3163 verbis:
2184 3114 2478 3163 ‘mutuum
2522 3102 2671 3168 date,

479 3202 628 3262 nihil
651 3202 786 3260 inde
815 3213 1107 3279 sperantes
1132 3202 1170 3271 ;'
1213 3214 1560 3281 praeceptum
1589 3204 1753 3273 tradi,
1796 3224 1897 3263 seu
1927 3204 2118 3262 verius
2145 3204 2452 3263 naturalem
2479 3202 2667 3279 legem

479 3302 682 3360 iterum
711 3302 1003 3371 inculcari,
1033 3302 1177 3361 nihil
1206 3321 1439 3379 prorsus
1478 3303 1622 3362 lucri
1662 3324 1737 3362 ex
1775 3314 1974 3363 mutuo
2002 3304 2073 3361 ab
2099 3302 2217 3363 ullo
2244 3298 2367 3361 sive
2395 3318 2669 3381 paupere,

475 3402 597 3460 sive
644 3400 818 3459 divite
864 3402 1155 3479 exigendi,
1195 3421 1312 3459 non
1360 3403 1549 3461 solum
1597 3401 1767 3461 docet
1806 3403 1884 3461 D.
1915 3403 2198 3473 Thomas,
2244 3408 2306 3460 2.
2352 3407 2413 3459 2.
2456 3406 2668 3478 quaest.

471 3498 699 3558 lxxviii.
729 3506 848 3559 art.
883 3505 936 3568 1,
965 3501 1035 3560 ad
1063 3505 1121 3558 4.
1151 3501 1254 3559 sed
1282 3520 1521 3560 concors
1550 3500 1659 3560 fuit
1689 3502 2083 3569 conciliorum,
2124 3510 2369 3577 patrum,
2412 3481 2665 3556 summo·

482 3618 720 3671 rumque
741 3600 1072 3675 pontificum
1092 3602 1392 3667 sententia,
1410 3592 1697 3677 praecipue
1716 3600 1939 3657 Urbani
1959 3599 2070 3657 ΙΙΙ.
2090 3598 2148 3656 in
2166 3616 2293 3674 cap.
2328 3594 2673 3664 Consuluit,

475 3698 548 3757 de
582 3697 814 3764 usuris,
843 3700 943 3770 qui
971 3698 1187 3774 praefati
1215 3709 1402 3757 textus
1443 3700 1769 3756 auctoritate
1814 3715 2067 3764 omnem,
2110 3696 2473 3768 quantumvis
2505 3695 2671 3753 mini·

485 3816 664 3862 mam,
691 3776 926 3854 usuram
951 3798 1267 3855 universim
1295 3797 1525 3855 vetitam
1567 3795 2002 3872 pronunciavit:
2034 3795 2331 3871 explicans
2360 3796 2513 3853 enim
2540 3812 2681 3871 prae-

477 3897 589 3954 fata
617 3894 836 3954 Christi
865 3895 1104 3955 Domini
1144 3896 1332 3963 verba,
1376 3896 1448 3955 iis
1488 3894 1780 3969 prohiberi
1826 3894 1903 3951 ait
1941 3912 2169 3952 omnem
2209 3912 2458 3961 usuram,
2500 3904 2557 3951 et
2580 3912 2673 3951 su-

478 3993 1030 4070 perabundantiam.’
1114 3993 1322 4051 Dicere
1375 4003 1565 4051 autem
1619 4012 1877 4051 summos
1932 3992 2269 4062 Pontifices,
2322 4004 2379 4052 et
2428 3991 2674 4069 conci1ia

483 4089 738 4167 praedicti
795 4101 982 4149 textus
1030 4110 1227 4150 verum
1269 4103 1327 4149 et
1370 4092 1681 4169 genuinum
1734 4112 1967 4153 sensum
2012 4112 2129 4153 non
2174 4112 2303 4152 esse
2348 4102 2672 4167 assequuta,

565 4256 651 4320 (l)
691 4262 720 4287 ‘⁸
741 4253 948 4303 Custom
968 4254 1059 4304 has
1087 4270 1201 4304 now
1221 4254 1574 4318 distinguished
1612 4256 1831 4305 between
1864 4272 2015 4319 usury
2038 4254 2135 4305 and
2169 4256 2294 4317 leg-al
2315 4254 2543 4313 interest3
2578 4252 2674 4301 and

492 4338 824 4403 appropriated
845 4338 927 4388 the
949 4347 1069 4389 term
1106 4356 1254 4404 usury
1279 4348 1329 4389 to
1350 4340 1457 4390 that
1487 4339 1651 4389 which
1689 4340 1893 4390 exceeds
1932 4341 2014 4390 the
2047 4340 2244 4391 interest
2276 4338 2573 4389 determined
2604 4329 2669 4399 By

495 4425 718 4477 stamoes’
787 4424 955 4475 Rees’s
977 4426 1106 4475 Now
1124 4425 1446 4492 Cyclopaedizn
1468 4426 1561 4476 vol.
1584 4427 1757 4478 xxxix.
1779 4433 1864 4477 art.
1891 4428 2071 4495 Usury.
2100 4461 2108 4469 -

563 4517 648 4582 (2)
689 4516 766 4567 De
789 4516 912 4580 Syn·
935 4515 1103 4567 Πίσαο·
1125 4518 1158 4567 1.
1179 4532 1229 4566 1·
1251 4534 1294 4567 c·
1315 4518 1380 4567 iv.
1654 4519 1738 4585 (3)
1777 4517 1960 4567 Ezech.
1980 4516 2115 4566 xviii.
2143 4516 2219 4562 13.
