3117 5217
592 465 706 526 DE
741 431 1202 528 ‘EcoLESIAE
1246 463 1753 524 Po'rESTA'rE
1794 465 2292 526 JUDIGIARIA.
2414 468 2527 523 341

341 640 384 667 ‘⁴
409 631 482 690 Si
509 633 754 709 amplius
779 632 992 705 aliquid
1019 633 1290 710 gloriatus
1319 632 1478 692 fuero
1517 632 1588 690 de
1630 641 1905 709 potestate
1934 643 2143 700 nostra,
2171 652 2339 707 quam
2380 631 2535 691 dedit
2630 670 2643 682 ·

344 733 521 790 nobis
553 731 842 790 Dominus
867 732 926 789 in
953 732 1401 803 aedificationem,
1429 737 1626 803 emon
1655 733 1713 790 in
1736 731 2173 790 destructionem
2196 723 2535 816 vestram.”¹

341 830 508 889 Vera
535 832 707 907 igitur
745 831 1040 910 Apostolis
1075 832 1259 888 inerat
1283 841 1553 908 pateam,
1592 830 1802 888 ultione
1842 849 2011 890 omne
2051 831 2316 890 delictum
2342 840 2537 890 contra

341 929 540 1007 legem
570 931 684 988 Dei
711 932 802 989 vel
830 930 1110 989 Ecclesiae
1127 921 1426 1006 puniendi,
1452 949 1580 1002 quae
1600 932 1870 990 tamenin
1896 932 2134 990 salutem
2150 949 2373 988 reorum
2399 943 2457 988 et
2474 931 2533 988 in

344 1029 608 1089 fidelium
634 1031 890 1088 omnium
908 1030 1202 1087 utilitatem
1223 1029 1545 1088 exercenda
1561 1040 1698 1087 erat.
1731 1028 1918 1088 Contu
1927 1031 2171 1088 macium
2187 1031 2533 1089 consortium

343 1138 404 1187 et
430 1129 852 1206 flagitiosorum
875 1130 1004 1206 lege
1032 1129 1282 1205 generali
1309 1129 1598 1188 vitandum
1617 1130 1845 1188 statuit:
1891 1139 1930 1166 ‘⁴
1954 1131 2019 1186 Si
2046 1131 2177 1202 quis
2205 1149 2317 1188 non
2347 1128 2537 1188 obedit

345 1229 530 1287 verbo
559 1239 757 1288 nostro
784 1247 886 1304 per
910 1229 1230 1304 epistolam,
1258 1229 1412 1286 hunc
1441 1238 1650 1297 notate,
1694 1239 1751 1286 et
1789 1248 1859 1286 ne
1894 1229 2379 1288 commisceamini
2404 1247 2537 1286 cum

340 1327 467 1396 illo,
497 1339 563 1386 ut
599 1321 1074 1387 confundatur.”²
1153 1328 1244 1386 De
1287 1327 1615 1404 Hymenaeo
1657 1338 1715 1386 et
1751 1327 2079 1386 Alexandro
2107 1329 2278 1386 dicit:
2324 1336 2363 1362 ‘⁶
2386 1345 2531 1400 quos

343 1427 558 1486 tradidi
585 1429 848 1485 Satanae:
891 1440 954 1484 ut
978 1426 1202 1485 discant
1225 1446 1341 1486 non
1383 1427 1775 1504 blasphemare
1798 1419 1894 1486 :”³
1934 1427 2166 1488 eosdem
2193 1429 2267 1484 ob
2294 1426 2535 1504 denega·

348 1537 464 1584 tam
513 1526 986 1585 resurrectionem
1033 1524 1314 1584 Ecclesiae
1359 1527 1764 1586 communione
1812 1528 2059 1603 privans.
2143 1525 2532 1590 Alexandrum

347 1627 616 1684 aerarium
655 1625 833 1701 jussit
876 1626 1190 1684 Timotheo
1237 1625 1509 1694 devitare,
1553 1644 1801 1699 eumque
1848 1626 1905 1683 in
1952 1644 2140 1683 errore
2185 1624 2531 1708 pertinacem

345 1723 708 1800 puniendum
737 1745 769 1782 a
795 1723 1050 1783 Domino
1078 1721 1392 1800 praedixit.⁴
1471 1725 1682 1796 Liquet
1718 1725 1890 1802 igitur
1929 1724 2171 1783 Paulum
2202 1742 2391 1782 veram
2431 1741 2531 1798 po·

344 1833 610 1882 testatem
639 1822 915 1901 puniendi
942 1825 1238 1884 haereticos
1265 1834 1322 1883 et
1346 1824 1659 1904 flagitiosos
1680 1825 2028 1892 exercuisse,
2057 1825 2127 1882 iis
2155 1842 2229 1881 ex
2250 1823 2531 1880 Ecclesiae

343 1925 571 2002 gremio
599 1924 816 2001 ejectis.

907 2184 970 2274 ⁴§.
1001 2184 1080 2242 ΙΙ.
1165 2182 1261 2241 ΒΕ
1288 2202 1654 2242 summonuu
1682 2202 1974 2242 marnam.

417 2404 488 2458 ·3.
534 2400 743 2458 Causae
771 2419 970 2458 omnes
997 2401 1133 2459 fidei
1159 2403 1395 2459 omnino
1423 2402 1664 2459 subsunt
1679 2401 1958 2462 Ecclesiae
1978 2400 2219 2480 judici0,
2248 2402 2329 2460 uti
2356 2401 2535 2473 liquet

339 2519 418 2558 ex
450 2501 620 2558 Pauli
646 2501 707 2557 in
737 2499 1124 2576 Hymenaeum
1151 2501 1464 2558 sententia:
1497 2501 1599 2558 sed
1628 2510 1683 2557 et
1710 2520 1933 2560 morum
1961 2501 2379 2568 controversiae,
2400 2521 2527 2580 quae

336 2601 438 2676 jus
461 2609 718 2676 spectant
738 2609 793 2658 et
808 2601 994 2676 legem
1016 2599 1265 2658 divinam
1292 2621 1307 2657 ε
1337 2619 1468 2678 nam
1493 2600 1735 2658 docendi
1754 2601 1856 2677 jus
1873 2600 2084 2667 omnia,
2115 2619 2240 2672 quae
2264 2597 2531 2656 Christus

345 2698 595 2766 tradidit,
625 2701 1000 2776 amplectitur.
1086 2699 1579 2758 Sacramentorum
1628 2697 2037 2757 administratio
2089 2698 2397 2756 commissa
2447 2711 2535 2757 est

343 2799 570 2856 Christi
601 2799 895 2866 ministriS,
925 2810 1058 2856 sunt
1095 2800 1308 2876 quippe
1351 2808 1390 2834 ‘⁶
1413 2799 1815 2875 mysteriorum
1857 2799 1969 2856 Dei
1998 2797 2418 2876 dispensatores
2438 2791 2533 2854 :''⁵

338 2917 589 2972 quorum
617 2910 707 2956 est
731 2898 968 2974 proinde
996 2917 1196 2956 omnes
1224 2899 1485 2956 dirimere
1511 2898 1659 2966 lites,
1689 2918 1814 2970 quae
1842 2898 1985 2956 forte
2016 2898 2204 2971 aliqua
2232 2896 2301 2954 de
2329 2915 2526 2954 eorum

337 2999 682 3065 substantia,
704 2983 1022 3072 ritibusque
1052 2999 1149 3070 qui
1178 2997 1235 3055 in
1265 2999 1333 3054 iis
1362 2997 1825 3055 administrandis
1855 2997 2155 3056 adhibendi
2174 3008 2326 3065 sunt,
2345 2999 2530 3054 orian-

343 3109 453 3156 tur.
544 3097 682 3174 Ipse
735 3097 1078 3155 matrimonii
1124 3109 1448 3155 contractus
1493 3097 1639 3153 inter
1691 3097 2004 3172 baptizatos
2050 3098 2109 3155 in
2157 3098 2329 3154 Nova
2376 3097 2533 3173 Lege

345 3199 544 3255 subest
589 3197 901 3254 auctoritati
949 3197 1229 3256 Ecclesiae
1253 3217 1269 3264 ;
1326 3216 1500 3270 quum
1527 3191 1706 3254 ‘enim
1753 3195 2020 3276 Christus
2068 3195 2355 3256 Dominus
2400 3215 2532 3254 eum

345 3295 619 3373 dignitate
648 3297 986 3354 sacramenti
1013 3297 1252 3365 auxerit,
1283 3296 1352 3354 ad
1379 3315 1479 3356 eos
1507 3305 1723 3371 spectat
1739 3296 1987 3374 judices,
2018 3315 2261 3370 quorum
2289 3307 2375 3354 est
2401 3315 2533 3353 con-

346 3394 738 3463 ditiones‚·sub
755 3396 957 3467 quibus
979 3397 1581 3463 ineatur,constituere‚
1604 3380 1660 3453 et
1678 3396 1853 3471 lege8‚
1873 3397 2075 3470 quibus
2095 3405 2342 3472 regatur,
2364 3397 2531 3453 ferre:

345 3505 697 3572 quapropter
725 3495 1118 3552 controversiae
1147 3513 1347 3556 omnes
1377 3494 1446 3552 de
1476 3495 1531 3551 vi
1560 3493 1795 3552 foederis
1824 3495 1995 3571 hujus
2024 3493 2094 3551 ad
2122 3494 2534 3551 ecclesiasticos

337 3593 570 3671 judices
611 3593 921 3652 referendae
961 3603 1126 3661 sunt3
1173 3593 1242 3651 ad
1283 3613 1425 3666 quos
1469 3594 1637 3651 etiam
1678 3603 1895 3669 spectat
1926 3592 2207 3670 judicare,
2240 3593 2444 3665 quibus
2472 3593 2531 3649 in

346 3712 538 3751 rerum
579 3693 862 3771 adjunctis
903 3693 1206 3752 divortium
1248 3713 1281 3749 a
1319 3694 1481 3751 thoro
1510 3693 1698 3750 liceat.
1783 3691 1937 3749 Hinc
1980 3699 2165 3770 patres
2206 3690 2533 3776 Tridentini

347 3771 662 3852 statuerunt
683 3774 721 3849 τ’
746 3801 784 3827 “
809 3792 873 3849 Si
902 3795 1030 3865 quis
1061 3792 1267 3850 dixerit
1291 3811 1490 3850 causas
1533 3792 1979 3850 matrimoniales
2021 3811 2135 3849 non
2164 3803 2421 3869 spectare
2464 3789 2535 3848 ad

339 3893 566 3968 judices
598 3891 1050 3960 ecclesiasticos3
1094 3892 1392 3950 anathema
1420 3882 1593 3951 sit.”⁶
1672 3889 1963 3952 Caeterum
1987 3891 2137 3970 apud
2178 3911 2283 3956 nos
2310 3891 2409 3953 vix
2436 3910 2536 3948 un·

419 4121 506 4184 (1)
545 4118 610 4168 Π.
634 4118 748 4168 Cor.
772 4135 821 4169 x.
847 4123 896 4170 e.
1886 4120 1972 4185 (τι)
2012 4117 2075 4168 11.
2096 4109 2273 4168 These.
2294 4118 2397 4169 xiii.
2426 4121 2503 4168 14.

419 4205 507 4269 (3)
547 4202 586 4251 Ι.
609 4203 742 4252 Tim.
757 4204 790 4255 i.
813 4208 896 4253 20.
1125 4205 1210 4270 (4)
1249 4203 1312 4253 Π.
1338 4203 1470 4254 Tim.
1492 4204 1557 4254 iv.
1581 4206 1659 4252 15.
1900 4206 1987 4270 (5)
2025 4204 2065 4253 1.
2088 4204 2203 4254 Gor.
2226 4204 2289 4254 iv.
2318 4208 2361 4253 1.

420 4290 508 4354 (6)
549 4285 680 4336 Sese.
703 4287 838 4336 xxiv·
865 4287 990 4337 Can.
1009 4288 1097 4341 xii.
1122 4287 1178 4337 de
1215 4293 1336 4338 mat·
1403 4296 1433 4320 “
1452 4286 1641 4356 Causas
1673 4286 1997 4338 matrimoniali
2036 4305 2115 4338 are
2148 4305 2261 4338 now
2302 4304 2357 4336 so
2390 4303 2533 4351 pecu-

349 4373 490 4436 liarly
513 4373 869 4433 ecclesiastioal,
893 4373 998 4424 that
1039 4374 1120 4424 the
1143 4373 1374 4438 temporal
1395 4379 1556 4422 courts
1590 4372 1690 4422 will
1712 4389 1859 4422 never
1879 4371 2099 4424 interfere
2120 4373 2173 4422 in
2194 4372 2537 4433 conuoversies
2559 4393 2568 4401 ·

1391 4473 1506 4528 30*
