3117 5217
915 515 1030 609 ΒΕ
1071 546 2013 608 ΕΧοοΜΜυΝιοΑΤιοΝΕ.
2428 552 2539 606 371

1265 1089 1548 1150 CAPUT
1592 1091 1699 1149 IV.

1077 1311 1169 1350 mt-
1189 1311 1522 1352 Excommn
1528 1313 1817 1352 ch'noNE
1825 1335 1840 1350 .

457 1493 556 1548 60.
597 1486 1176 1548 Excommunicatio
1211 1501 1300 1548 est
1323 1509 1585 1559 censura,
1614 1510 1721 1570 per
1757 1509 1929 1564 quam
1954 1490 2269 1566 baptizatus
2307 1491 2556 1567 priffatur

375 1589 782 1647 communione
823 1588 1124 1657 Ecclesiae,
1165 1590 1446 1663 bonisque
1471 1591 1879 1666 spiritualibuS,
1906 1589 2171 1648 omnibus
2199 1609 2327 1662 quae
2366 1592 2553 1668 subja-

369 1699 502 1746 cent
526 1671 786 1764 potestati
815 1687 1094 1745 Ecclesiae
1120 1707 1136 1744 z
1179 1707 1215 1746 v
1239 1709 1254 1746 ι
1295 1708 1366 1765 g:
1401 1700 1882 1747 sacramentorum
1910 1690 2271 1763 susceptione
2298 1699 2355 1745 et
2378 1689 2552 1746 admi-

369 1787 722 1853 nistratione,
776 1787 1060 1846 Ecclesiae
1111 1787 1419 1864 suffragiis,
1471 1787 1681 1846 divinis
1748 1787 1951 1846 officiis
2016 1797 2125 1846 etc.
2208 1785 2553 1846 Anathema

373 1886 595 1953 dicitur,
625 1885 852 1957 quando
879 1887 1079 1963 majori
1105 1887 1464 1944 solemnitate
1489 1887 1603 1944 lata
1628 1896 1732 1944 est.
1789 1887 2049 1945 Potestas
2076 1905 2204 1944 eam
2229 1886 2448 1944 ferendi
2474 1905 2549 1944 ex

376 1984 594 2044 Christi
634 1986 820 2042 verbis
859 1985 1128 2044 habetur:
1216 1994 1254 2022 ‘⁶
1277 1987 1342 2044 Si
1385 1985 1709 2044 Ecclesiam
1745 2004 1859 2043 non
1900 1984 2157 2052 audierit,
2186 1987 2261 2044 sit
2288 1986 2385 2043 tibi
2412 1986 2560 2044 sicut

371 2085 638 2144 ethnicus
677 2094 734 2142 et
771 2077 1200 2160 publicanus.”¹
1282 2085 1374 2142 Ea
1413 2084 1655 2160 perculit
1704 2086 1955 2142 incestus
1998 2103 2155 2142 reum
2206 2085 2441 2150 Paulus,
2482 2085 2552 2142 ad

374 2183 710 2242 Corinthios
735 2184 1028 2242 scribens:
1116 2191 1155 2218 “
1174 2183 1308 2260 Ego
1329 2183 1560 2256 quidem
1580 2183 1785 2240 absens
1814 2201 2073 2258 corpore,
2095 2201 2345 2258 praesens
2368 2192 2553 2242 autem

373 2285 599 2359 spiritu,
621 2283 744 2358 jam
764 2282 1016 2360 judicavi
1055 2291 1119 2340 ut
1156 2301 1429 2358 praesenS,
1457 2301 1613 2349 eum,
1644 2283 1745 2353 qui
1782 2282 1867 2339 sic
1904 2293 2173 2356 operatus
2202 2291 2309 2349 est,
2337 2280 2554 2340 tradere

372 2381 704 2461 hujusmodi
731 2391 936 2438 satanae
963 2382 1023 2440 in
1051 2382 1335 2442 interitum
1377 2373 1662 2438 carnis.”2
1743 2390 1781 2416 ‘⁶
1807 2379 2153 2438 Summum”
2187 2381 2371 2454 inquit
2409 2381 2554 2438 Ter-

375 2483 662 2548 tullianus,
693 2480 922 2538 “futuri
941 2481 1145 2556 judicii
1171 2480 1567 2558 praejudicium
1590 2491 1697 2546 est,
1728 2481 1778 2537 si
1805 2480 1932 2552 quis
1973 2480 2049 2536 ita
2074 2478 2393 2552 deliquerit,
2424 2492 2489 2538 ut
2526 2500 2559 2538 a

375 2580 892 2640 communicatione
931 2581 1222 2646 orationiS,
1263 2591 1320 2637 et
1355 2589 1691 2647 conventus,
1722 2590 1779 2636 et
1817 2571 2005 2636 omnis
2046 2579 2187 2635 sacri
2228 2580 2557 2636 commercii

377 2671 756 2757 relegetur.”³
837 2678 928 2736 De
957 2697 1024 2736 ea
1049 2679 1188 2737 dicit
1213 2679 1601 2754 Augustinus:
1635 2686 1673 2712 “
1694 2697 1807 2750 qua
1833 2696 2005 2753 poena
2031 2678 2086 2735 in
2116 2677 2383 2734 Ecclesia
2406 2677 2559 2735 nulla

375 2779 559 2854 major
583 2770 767 2836 est.’'⁴
825 2778 1064 2845 Quoties
1091 2777 1704 2836 excommunicationis
1723 2778 1789 2834 fit
1812 2778 2026 2840 mentio
2052 2776 2405 2851 simpliciter,
2436 2776 2556 2834 haec

373 2878 722 2953 intelligitur,
751 2894 876 2948 quae
903 2887 962 2934 et
984 2875 1186 2955 major
1211 2878 1433 2945 dicitur,
1462 2888 1526 2934 ut
1551 2876 1929 2953 distinguatur
1966 2895 2004 2934 a
2042 2875 2291 2942 minori,
2320 2893 2447 2947 quae
2474 2886 2562 2932 est

379 2977 620 3054 privatio
644 2976 987 3051 receptionis
1015 2987 1072 3033 et
1097 2975 1595 3035 administrationis
1621 2976 1789 3034 licitae
1814 2985 2314 3041 sacramentorum,
2338 2985 2393 3031 et
2416 2973 2562 3031 elec-

383 3077 552 3134 tionis
577 3075 648 3133 ad
674 3075 950 3133 beneficia
978 3094 1042 3133 ac
1069 3075 1372 3151 dignitates
1399 3075 1835 3132 ecclesiasticas.
1921 3073 2067 3132 Haec
2106 3073 2451 3131 contrahitur
2488 3075 2563 3131 ob

381 3174 958 3234 communicationem
988 3174 1348 3250 culpabilem,
1379 3175 1438 3232 in
1465 3174 1635 3232 rebus
1662 3174 1829 3232 etiam
1860 3173 2142 3240 civilibus,
2172 3191 2301 3230 cum
2336 3190 2565 3230 excom-

377 3276 669 3332 municato
695 3292 811 3332 non
853 3264 1140 3332 tolerato.⁵
1218 3273 1337 3340 'Qui
1377 3274 1763 3352 communicat
1789 3274 1849 3332 in
1876 3273 2135 3338 crimine,
2172 3273 2247 3330 ob
2274 3270 2424 3344 quod
2453 3272 2563 3329 lata

379 3383 468 3430 est
491 3374 1032 3439 excommunicatio,
1061 3372 1344 3432 contrahit
1367 3373 2018 3430 excommunicationem
2048 3373 2343 3447 majorem,
2376 3379 2413 3406 ‘⁶
2432 3389 2564 3428 cum

385 3471 684 3533 facientem
713 3483 770 3530 et
793 3473 1246 3530 consentientem
1273 3491 1375 3549 par
1402 3489 1572 3547 poena
1598 3459 2068 3546 constringat..”⁶

459 3577 558 3630 61.
601 3571 838 3630 Vitandi
857 3583 992 3630 sunt
1017 3590 1102 3630 ex.
1115 3571 1520 3650 ¹constitutione
1550 3568 1785 3626 Martini
1814 3569 1890 3624 V.
1922 3569 1981 3626 in
2008 3566 2255 3626 concilio
2284 3564 2566 3624 Constan-

377 3672 566 3739 tiensi,
598 3672 639 3728 ii
671 3681 910 3738 tantum,
941 3671 1040 3743 qui
1067 3671 1400 3728 nominatim
1428 3679 1566 3726 sunt
1602 3667 2103 3733 excommunicati,
2132 3677 2190 3722 et
2215 3665 2439 3740 publice
2466 3664 2563 3722 de-

381 3771 646 3839 nuntiati,
675 3772 736 3830 in
761 3771 1004 3830 ecclesia
1031 3779 1288 3846 tempore
1317 3761 1516 3828 Missae
1543 3767 1637 3830 vel
1662 3766 1977 3833 concionis,
2004 3764 2094 3824 vel
2109 3752 2255 3821 alias
2275 3782 2379 3841 pro
2408 3781 2565 3821 more

375 3871 648 3947 regionis,
669 3870 758 3928 vel
783 3871 882 3943 qui
901 3869 1046 3928 adeo
1065 3871 1280 3939 notorie
1303 3874 1705 3944 percusserunt
1724 3866 2017 3947 cleri-cum,
2037 3875 2101 3924 ut
2118 3883 2225 3922 nec
2248 3863 2363 3922 ulla
2384 3863 2567 3938 possit

375 3970 838 4045 tergiversatione
865 3969 1058 4036 celari,
1090 3969 1180 4026 vel
1201 3968 1320 4026 'ullo
1347 3967 1494 4043 juris
1521 3964 1795 4041 suffragio
1820 3955 2135 4024 excusari.⁷
2217 3964 2335 4020 Vix
2382 3971 2565 4020 autem

379 4078 640 4127 constare
683 4077 890 4144 potest,
939 4069 1150 4141 absque
1186 4067 1396 4145 judicis
1423 4065 1726 4132 sententia,
1759 4065 2197 4140 percussionem
2235 4063 2400 4122 omni
2418 4062 2569 4138 juris
2639 4109 2644 4113 .

454 4228 538 4292 (l)
578 4225 718 4275 Matt.
741 4226 876 4276 xviii.
903 4229 981 4274 17.
1405 4227 1408 4230 ’
1585 4222 1668 4288 (2)
1707 4220 1745 4268 1.
1771 4219 1883 4269 Cor.
1906 4236 1951 4269 v.
1978 4223 2026 4268 3.

457 4314 543 4380 (3)
583 4311 792 4390 Apolog.
817 4327 859 4362 c.
886 4311 1059 4362 xxxix.
1596 4308 1680 4375 (4)
1720 4305 1780 4355 L.
1802 4305 1862 4356 de
1884 4323 1978 4356 cor.
2000 4311 2048 4358 et
2063 4309 2202 4372 grat.
2218 4319 2322 4366 cap.
2344 4317 2427 4350 xv.

368 4436 381 4447 .
453 4401 532 4468 (5)
575 4398 698 4462 Cap.
713 4398 782 4450 iii.
807 4397 866 4449 de
888 4401 1013 4448 seni.
1035 4412 1222 4448 excom.
1243 4397 1298 4446 in
1321 4399 1367 4445 6.
1598 4391 1683 4460 (6)
1723 4393 1847 4458 Cap.
1870 4394 2006 4444 xxix.
2028 4392 2087 4444 de
2111 4395 2234 4442 sent.
2257 4403 2437 4440 excom.

455 4489 536 4551 (7)
575 4484 748 4534 Const.
775 4481 860 4534 Ad
879 4480 1133 4534 evitanda.
