3117 5217
794 530 907 588 DE
950 531 1211 590 FAMAE
1253 529 1371 589 ET
1412 525 1792 590 nononis
1832 529 2251 589 LAESIONE.
2531 531 2610 585 95

1316 1002 1603 1062 CAPUT
1647 1004 1728 1062 ΙΙ.

1003 1208 1081 1248 ΒΕ
1126 1207 1309 1248 FAMAE
1348 1209 1429 1248 ET
1471 1208 1734 1248 HoNolus
1772 1207 2066 1248 LAESIONE.

520 1361 655 1416 128.
698 1357 881 1416 Fama
924 1357 1254 1434 intelligitur
1292 1358 1670 1434 plurimorum
1718 1359 1914 1434 opinio
1955 1369 2012 1416 et
2050 1377 2240 1416 sermo
2281 1358 2350 1416 de
2377 1359 2616 1438 alicujus

440 1458 560 1514 vita
586 1466 641 1513 et
666 1457 942 1514 moribus·
1025 1456 1267 1514 Plurimi
1283 1457 1347 1514 fit
1360 1457 1509 1532 apud
1530 1477 1732 1516 omnes
1753 1459 1903 1516 bona
1927 1458 2098 1526 fama,
2127 1476 2296 1530 quam
2323 1459 2452 1534 ipsa
2469 1478 2620 1518 come

439 1555 677 1613 mendat
702 1556 995 1632 Scriptura
1036 1564 1321 1628 tamquam
1365 1555 1578 1615 divitiis
1618 1558 1787 1634 longe
1833 1555 2293 1614 anteferendam:
2340 1566 2378 1592 ‘⁴
2403 1557 2620 1616 Melius

433 1665 523 1712 est
547 1673 762 1714 nomen
788 1656 1023 1721 bonum,
1051 1674 1223 1727 quam
1252 1654 1461 1713 divitiae
1489 1651 1773 1714 multae.”¹
1860 1665 1898 1692 ‘⁴
1921 1656 2139 1713 Melius
2181 1665 2268 1712 est
2285 1675 2498 1715 nomen
2525 1659 2622 1714 bo-

437 1773 597 1821 num,
627 1747 799 1826 quam
825 1763 1117 1830 unguenta
1140 1751 1495 1831 pretiosa.‘’2
1577 1765 1615 1791 “
1641 1753 1858 1814 Curam
1901 1756 2044 1813 habe
2084 1755 2154 1812 de
2183 1757 2338 1814 bono
2366 1757 2621 1822 nomine,

438 1853 551 1912 hoc
592 1853 744 1911 enim
788 1851 972 1930 magis
1014 1854 1372 1929 permanebit
1410 1855 1535 1922 tibi,
1580 1873 1752 1927 quam
1792 1855 1946 1913 mille
1993 1855 2244 1912 thesauri
2297 1855 2532 1931 pretiosi
2571 1865 2629 1912 et

439 1946 731 2034 magni..”⁸
813 1961 850 1987 ‘⁶
872 1952 987 2019 Qui
1014 1951 1199 2010 fidens
1227 1953 1594 2011 conscientiae
1621 1973 1760 2023 suae,
1782 1954 2023 2031 negligit
2047 1954 2256 2012 famam
2283 1973 2470 2021 suam,
2501 1973 2626 2012 cru-

440 2050 583 2108 delis
611 2059 717 2119 est,
748 2053 1005 2113 maxime
1029 2053 1090 2108 in
1116 2052 1246 2110 loco
1275 2053 1384 2109 isto
1411 2053 1654 2127 posituS,
1695 2053 1766 2111 de
1815 2072 1930 2126 quo
1971 2053 2110 2111 dicit
2147 2054 2461 2129 Apostolus
2489 2055 2628 2112 scri·

440 2151 581 2208 bens
629 2150 700 2208 ad
742 2149 1089 2226 discipulum
1133 2171 1321 2220 suum,
1370 2151 1491 2210 Tit.
1542 2171 1667 2227 cap.
1717 2153 1778 2211 ii.
1865 2161 1881 2188 ⁸
1907 2151 2078 2209 Circa
2127 2171 2330 2219 omnes
2374 2152 2625 2226 teipsum

438 2250 719 2308 bonorum
762 2269 1001 2326 operum
1030 2253 1291 2326 praebens
1318 2250 1693 2327 exemplum)
1715 2247 1790 2278 ”⁴
1871 2250 2078 2309 Honor
2115 2261 2206 2308 cst
2246 2259 2284 2285 ‘⁶
2309 2250 2629 2308 testificatio

440 2347 511 2406 de
552 2349 890 2408 excellentia
929 2335 1269 2426 alicujus,”⁵
1309 2331 1435 2432 quae
1480 2350 1546 2408 fit
1571 2352 1780 2418 verbis,
1811 2351 2087 2428 gestibuS,
2116 2349 2207 2408 vel
2235 2368 2540 2408 munerum
2567 2360 2629 2408 et

441 2445 777 2524 dignitatum
802 2447 1118 2506 collatione.

470 2538 484 2556 ‘
527 2549 662 2604 129.
706 2545 993 2605 Detractio
1039 2557 1129 2604 est
1172 2545 1385 2624 injusta
1425 2546 1624 2604 alienae
1671 2547 1838 2604 famae
1881 2547 2062 2614 laesio,
2115 2547 2336 2605 occulta
2388 2548 2628 2604 crimina

444 2643 779 2722 detegendo·
824 2645 1135 2705 calumnia
1153 2654 1244 2702 est
1266 2645 1427 2703 laesio
1455 2645 1621 2702 famoe
1637 2645 1769 2703 ficta
1787 2646 2027 2703 crimina
2046 2645 2212 2701 alicui
2235 2645 2626 2722 impingendo.

442 2743 767 2818 Aliquando
795 2747 926 2817 quis
954 2743 1215 2803 consulto
1259 2745 1461 2817 quaerit
1486 2743 1698 2801 famam
1723 2736 1954 2811 laedere,
1985 2743 2290 2815 aliquando
2321 2763 2388 2801 ea
2414 2743 2633 2820 profert

443 2862 519 2901 ex
546 2845 865 2920 garrulitate
894 2863 1023 2917 quae
1050 2863 1252 2920 reapse
1280 2844 1445 2902 famae
1474 2854 1704 2912 nocent.
1790 2843 2082 2902 Detractio
2115 2845 2400 2919 respicere
2443 2853 2634 2920 potest

439 2943 683 3016 aliquem
712 2942 1005 3001 hominem
1034 2927 1403 3020 singularem,
1442 2943 1534 2999 vel
1575 2944 1826 3015 aliquem
1867 2964 1900 3002 e
1940 2953 2088 3000 coetu
2131 2943 2456 3010 hominum,
2481 2944 2620 3015 quin

446 3039 789 3118 designetur,
818 3043 911 3100 vel
938 3052 1119 3100 totum
1146 3052 1377 3101 coetum.
1462 3041 1617 3099 Fieri
1657 3045 1955 3102 consuevit
1991 3061 2131 3100 voce
2172 3043 2229 3101 in
2258 3042 2628 3100 familiaribus

446 3140 779 3212 colloquiis:
822 3140 925 3199 sed
955 3143 1079 3219 jam
1108 3143 1169 3199 in
1196 3141 1387 3200 diariis
1428 3141 1652 3198 occulta
1691 3162 1930 3216 quaeque
1969 3141 2174 3200 delicta
2213 3151 2634 3200 consueverunt

446 3237 685 3316 vulgari,
714 3259 848 3298 cum
875 3260 1084 3318 magno
1112 3260 1337 3300 morum
1366 3240 1727 3300 detrimento.

527 3343 661 3397 130.
704 3339 985 3416 Praecipui
1012 3339 1343 3398 detrahendi
1371 3339 1529 3398 modi
1558 3340 1670 3398 hoc
1697 3341 1983 3399 versiculo
2011 3342 2414 3398 enuntiantur:

854 3539 882 3563 ‘⁴
900 3495 1190 3595 Imponcns:
1206 3547 1405 3594 augens,
1429 3531 1763 3592 manifestans,
1785 3531 1840 3580 in
1861 3532 1991 3580 mala
2010 3537 2201 3578 vertens
2220 3547 2234 3587 3

900 3616 1003 3676 Qui
1020 3623 1171 3678 negat
1193 3624 1278 3667 aut
1293 3617 1491 3678 minuit,
1514 3618 1694 3677 reticet,
1717 3617 1940 3666 laudatve
1962 3613 2206 3662 remisse.”

448 3802 761 3882 Imponere
806 3813 1070 3862 censetur
1116 3807 1214 3877 qui
1256 3805 1473 3863 crimen
1520 3801 1663 3860 falso
1711 3801 1879 3858 alicui
1921 3799 2204 3877 impingit,
2248 3800 2346 3872 qui
2398 3800 2636 3876 proinde

449 3903 745 3960 calumniae
772 3921 905 3961 reus
932 3913 1055 3960 est:
1084 3912 1293 3982 auget,
1312 3906 1413 3976 qui
1440 3903 1657 3959 crimen
1689 3919 1885 3958 verum
1904 3909 2246 3977 exaggerat:
2275 3899 2638 3980 manifestat

449 4001 551 4073 qui
576 4000 729 4074 quod
758 4003 940 4071 latuit,
969 4011 1028 4059 et
1048 4002 1223 4060 latere
1252 4009 1473 4080 poterat
1497 4001 1714 4058 crimen
1742 4001 1800 4058 in
1841 3999 2030 4058 lucem
2071 4001 2317 4076 profert:
2360 4000 2426 4058 in
2467 3999 2634 4060 mala

450 4099 649 4170 vertit,
678 4120 806 4174 quoe
836 4103 1050 4174 absque
1080 4102 1271 4158 animo
1310 4119 1485 4176 pravo
1524 4100 1674 4158 facta
1695 4109 1828 4160 sunt
1851 4100 2236 4173 detorquens:
2283 4107 2468 4178 negat
2495 4119 2636 4176 prae-

527 4259 612 4324 (1)
652 4259 795 4308 Prov.
816 4259 939 4308 xxii.
968 4261 1011 4307 1.
1318 4259 1402 4326 (2)
1442 4257 1579 4307 Eccl.
1601 4258 1682 4307 vii.
1705 4262 1755 4309 2.
2070 4259 2154 4325 (3)
2193 4257 2350 4308 Eocli.
2371 4257 2458 4331 xli.
2487 4259 2563 4305 15.

525 4343 610 4409 (4)
650 4343 782 4405 Aug.
804 4343 961 4393 Serm.
983 4345 1130 4394 ccclv.
1152 4342 1271 4394 alias
1292 4343 1352 4394 de
1372 4341 1578 4394 diversis
1598 4343 1718 4392 xlix.
1756 4341 1816 4392 de
1855 4341 1962 4392 vita
1999 4347 2046 4392 ct
2083 4341 2307 4400 moribus
2349 4340 2636 4391 clericorum

452 4440 677 4486 suorum,
699 4443 741 4476 c.
763 4427 795 4476 i.
1272 4429 1357 4496 (5)
1395 4427 1470 4478 Ita
1492 4426 1545 4475 S.
1569 4427 1790 4476 Thomas
1812 4430 1860 4475 2.
1884 4431 1932 4475 2.
1955 4442 2037 4489 qu.
2061 4425 2155 4476 ciii.
2170 4431 2262 4476 art.
2279 4424 2311 4473 i.
