3117 5217
593 571 712 626 334
1147 564 1260 626 DE
1299 532 1639 652 ⁸[ummo
1680 561 2209 624 TEMERAmo.

1473 1145 1759 1205 CAPUT
1791 1145 1901 1204 lx.

1303 1361 1382 1402 m:
1409 1361 1645 1402 summo
1670 1360 2045 1401 TEMERARIO.

681 1549 815 1604 162.
859 1544 1086 1604 Pluries
1125 1541 1308 1600 vetuit
1331 1560 1438 1600 nos
1471 1540 1745 1600 Christus
1785 1539 2073 1598 Dominus
2114 1557 2185 1597 ne
2227 1540 2523 1615 proximos
2554 1538 2767 1617 judice-

597 1663 760 1704 mus:
807 1645 1070 1702 “Nolite
1107 1641 1387 1719 judicare,
1434 1651 1497 1698 ut
1533 1659 1650 1698 non
1682 1634 2118 1717 judicemini.”¹
2198 1639 2263 1696 S.
2305 1637 2557 1696 Jacobus
2608 1640 2768 1695 etiam

597 1743 772 1802 dicit:
817 1743 994 1810 “Qui
1035 1739 1280 1806 detrahit
1304 1739 1475 1807 fratri,
1517 1750 1613 1798 aut
1651 1741 1749 1813 qui
1787 1738 2009 1816 judicat
2052 1737 2278 1796 fratrem
2322 1755 2514 1806 suum,
2542 1737 2773 1796 detrahit

597 1843 731 1919 legi,
762 1852 818 1900 et
834 1841 1054 1920 judicat
1077 1835 1368 1916 legem.”²
1447 1827 1737 1911 Equidem
1776 1838 1900 1896 hoec
1945 1857 2057 1896 non
2102 1838 2179 1894 ita
2204 1837 2539 1913 accipienda
2564 1846 2695 1894 sunt
2718 1845 2775 1891 ut

587 1940 866 2016 judicium
894 1949 1110 1996 vetetur
1136 1939 1195 1994 in
1222 1955 1282 1994 re
1311 1937 1645 2005 manifesta3
1690 1937 1789 2009 qui
1828 1938 1983 1995 enim
2016 1936 2170 1994 videt
2194 1937 2286 1994 vel
2313 1935 2467 1994 certo
2496 1939 2655 1995 novit
2680 1935 2771 1991 ali-

591 2055 762 2110 quem
799 2039 1000 2114 legem·
1025 2036 1237 2092 violare
1279 2036 1540 2102 scienter,
1584 2054 1701 2094 non
1750 2045 1940 2112 potest
1978 2054 2110 2093 eum
2154 2036 2359 2093 habere
2389 2037 2765 2094 innocentem.

596 2137 724 2195 Nec
735 2134 1011 2214 judicium
1029 2135 1258 2212 publica
1271 2135 1593 2193 auctoritate
1613 2135 1959 2213 prohibitum
1980 2129 2329 2193 censendum
2350 2145 2459 2203 est,
2476 2155 2610 2192 nam
2628 2132 2769 2206 quod

597 2237 733 2294 olim
753 2237 930 2314 jusit
942 2237 1066 2310 ipse
1088 2235 1272 2306 Deus,
1289 2244 1352 2292 ut
1385 2236 1861 2293 constituerentur
1877 2233 2102 2312 judices
2131 2235 2227 2306 qui
2247 2235 2472 2312 justum
2486 2233 2763 2310 judicium

592 2330 960 2411 proferrent‚³
982 2336 1042 2391 in·
1067 2334 1398 2409 exemplum
1425 2333 1627 2392 merito
1656 2333 1974 2402 deducitur,
2004 2352 2120 2407 quo
2148 2333 2463 2401 tribunalia,
2487 2335 2550 2391 in
2579 2333 2769 2405 quibus

585 2433 684 2510 jus
710 2431 944 2499 dicatur,
973 2433 1316 2491 sanciantur.
1403 2431 1532 2490 Nec
1566 2432 1851 2510 judicium
1886 2431 1957 2490 de
1984 2435 2095 2490 reis
2122 2435 2387 2492 universe
2416 2432 2761 2518 prohibetur,

597 2531 750 2604 quod
777 2532 993 2590 scilicet
1039 2531 1306 2600 haeretici‚
1352 2529 1659 2607 pertinacia
1706 2533 1878 2590 animi
1920 2533 2251 2591 resistentes
2278 2533 2517 2599 veritati,
2549 2531 2767 2588 damna-

595 2631 821 2690 buntur.
905 2632 1088 2709 Igitur
1113 2631 1332 2690 Christi
1358 2632 1593 2693 vetitum
1621 2630 2049 2708 intelligendum
2077 2644 2164 2690 est
2189 2633 2259 2689 de
2284 2632 2450 2689 rebus
2473 2650 2601 2702 quae
2622 2630 2768 2688 dubi·

597 2733 866 2790 tationem
911 2734 1216 2807 patiuntur,
1261 2740 1318 2791 et
1367 2730 1437 2788 de
1479 2732 1665 2807 poenis
1706 2731 2085 2788 severioribus
2129 2732 2188 2789 in
2226 2749 2355 2788 reos
2398 2729 2769 2787 decernendis

591 2830 806 2904 privata
833 2831 1157 2888 auctoritate
1185 2840 1241 2887 et
1266 2830 1440 2886 animi
1488 2831 1815 2906 proposito:
1860 2840 2206 2906 quapropter
2224 2830 2499 2888 ultionem
2529 2831 2769 2886 minatur

593 2929 778 2985 acrius
809 2926 1198 3002 judicantibus
1246 2927 1318 2985 de
1354 2928 1663 2998 levioribus
1710 2929 1945 2986 aliorum
1994 2929 2219 3007 culpis:
2266 2937 2305 2965 ‘⁶
2329 2929 2398 2987 In
2450 2947 2567 3000 quo
2620 2929 2766 2985 enim

585 3023 805 3102 judicio
825 3025 1236 3104 judicaveritis,
1257 3025 1677 3104 judicabimini,
1705 3037 1761 3084 et
1798 3028 1859 3086 in
1888 3047 2003 3100 qua
2028 3047 2297 3086 mensura
2322 3029 2507 3085 mensi
2535 3027 2765 3092 fueritis,

595 3126 918 3183 remetietur
963 3127 1144 3184 vobis.
1230 3126 1613 3191 Quid-autem
1654 3125 1813 3184 vides
1858 3126 2129 3185 festucam
2158 3129 2218 3185 in
2245 3127 2413 3185 oculo
2441 3127 2628 3184 fratris
2657 3128 2765 3183 tui:

591 3232 649 3277 et
675 3223 888 3279 trabem
916 3223 976 3278 iu
1004 3224 1172 3284 oculo
1222 3233 1317 3280 tuo
1357 3241 1472 3281 n-on
1520 3224 1682 3282 vides
1702 3219 1803 3280 3⁹⁹⁴
1882 3227 2112 3294 Peccat‚
2142 3227 2330 3303 igitur,
2361 3227 2615 3299 quirleve
2643 3226 2767 3283 alte-

591 3318 708 3376 rius
735 3319 1002 3378 delictum
1031 3338 1199 3396 grave
1227 3320 1427 3388 habet;
1470 3323 1561 3380 vel
1604 3324 1702 3395 qui
1744 3326 2061 3383 severiores
2089 3345 2286 3402 poenas
2315 3324 2767 3398 delinquentibus

592 3419 712 3477 vult
739 3419 992 3497 irrogari,
1022 3438 1138 3478 suae
1165 3420 1507 3480 infirmitatis
1547 3423 1887 3482 immemor:
1930 3433 1988 3481 et
2026 3425 2155 3482 ideo
2180 3426 2348 3482 etiam
2378 3443 2618 3501 peccare
2645 3443 2767 3482 cen-

591 3520 803 3579 sendus
843 3529 946 3586 est,
989 3521 1089 3593 qui
1130 3530 1342 3579 temere
1384 3521 1607 3598 judicat
1644 3522 1815 3581 alium
1856 3541 1983 3580 esse
2038 3543 2219 3582 reum.
2302 3523 2597 3596 Equidem
2650 3524 2762 3596 qui,

591 3618 812 3680 levibus
840 3619 1066 3679 indiciis
1093 3619 1314 3688 ductuS,
1344 3622 1534 3679 animo
1560 3623 1755 3679 statuit
1774 3622 1945 3679 alium
1973 3641 2141 3700 grave
2162 3622 2460 3681 admisisse
2482 3623 2765 3690 delictum,

589 3719 938 3789 charitatem,
969 3740 1080 3792 qua
1107 3721 1372 3797 amplecti
1399 3738 1530 3778 eum
1559 3720 1743 3789 debet,
1782 3722 1949 3797 plane
1977 3723 2179 3780 violat:
2226 3724 2343 3780 imo
2383 3733 2441 3779 et
2471 3724 2766 3800 justitiam,

593 3828 655 3874 ut
683 3818 910 3893 plurimi
937 3821 1208 3887 sentiunt,
1241 3820 1338 3897 jus
1379 3819 1529 3877 enim
1577 3821 1970 3893 unusquisque
2016 3821 2227 3879 habere
2269 3821 2511 3890 videtur,
2540 3841 2615 3879 ne
2650 3822 2769 3894 quis

589 3931 722 3972 eum
743 3918 982 3976 oestimet
1006 3937 1241 3994 pravum
1267 3937 1417 3986 esse,
1439 3919 1551 3976 nisi
1580 3919 1787 3980 idonea
1810 3918 2015 3979 dentur
2030 3922 2204 3979 animi
2225 3921 2514 3997 pravitatis
2542 3921 2767 3979 indicia.

676 4016 810 4070 163.
855 4015 1100 4080 Quando
1129 4019 1258 4090 quis
1291 4017 1513 4094 judicat
1549 4019 1773 4095 culpam
1819 4019 2004 4078 levem
2046 4039 2173 4078 esse
2218 4020 2535 4087 mortalem,
2579 4040 2655 4077 v:
2698 4040 2765 4096 g:

593 4109 950 4170 mendacium
969 4115 1108 4191 joco
1135 4117 1436 4190 prolatum,
1467 4127 1554 4174 est
1578 4137 1736 4176 error
1769 4118 1976 4196 judicii
2019 4121 2207 4196 potius
2247 4137 2417 4190 quam
2448 4133 2766 4196 peecatum,

593 4211 705 4268 nisi
731 4229 806 4268 ex
833 4211 1006 4268 animi
1035 4213 1380 4290 malignitate
1408 4215 1522 4285 fiat,
1550 4226 1614 4276 ut
1637 4218 1750 4276 levi
1778 4217 1959 4296 culpoe
1988 4229 2200 4278 tantam
2230 4219 2369 4276 velit
2390 4220 2583 4277 inesse
2612 4218 2765 4276 mali—

861 4418 947 4482 (1)
987 4416 1126 4466 Matt-
1147 4417 1292 4468 vii-1·
1344 4383 1348 4390 r
2036 4427 2121 4492 (2)
2159 4425 2390 4474 Jacobiv.
2418 4423 2491 4472 11.

857 4504 942 4570 (3)
982 4501 1128 4552 Deut-
1149 4503 1232 4553 xvi
1255 4507 1330 4554 18·
2042 4512 2127 4578 (4)
2166 4511 2306 4560 Matt.
2328 4510 2411 4560 vii.
2436 4513 2482 4556 2.
