3117 5217
519 556 600 613 40
1341 551 1456 610 DE
1501 550 1887 612 DOMINIS.

520 720 634 781 Dei
661 721 956 781 existimas
983 719 1384 779 auferendam?
1413 720 1706 797 Allegatur
1732 719 2059 797 imperatori
2085 717 2261 777 licere
2286 719 2499 787 omnia,
2526 716 2709 793 ipsius

519 838 648 879 esse
681 821 966 878 universa.
1049 818 1420 895 Respondeo:
1483 820 1600 877 noli
1636 830 1691 877 te
1731 837 1983 896 gravare,
2011 819 2338 895 imperator,
2366 827 2431 876 ut
2454 827 2623 894 putes
2650 826 2703 873 te

521 920 582 977 in
607 938 674 977 ea
701 937 828 991 quae
856 918 1050 977 divina
1075 927 1210 975 sunt
1245 918 1540 995 imperiale
1569 917 1797 991 aliquod
1830 918 1929 994 jus
1966 916 2195 975 habere.
2280 916 2421 975 Noli
2446 926 2499 973 te
2526 915 2703 973 extol·

521 1020 676 1085 lere;
717 1016 819 1075 sed
843 1020 896 1076 si
923 1018 1010 1075 vis
1035 1016 1246 1075 diutius
1275 1019 1575 1094 imperare,
1603 1027 1727 1075 esto
1754 1017 1884 1075 Deo
1910 1015 2185 1074 subditus.
2270 1015 2559 1091 Scriptum
2584 1024 2704 1071 est:

525 1125 540 1154 ⁶
561 1118 706 1183 Quae
753 1115 866 1185 Dei
913 1116 1064 1182 Deo,
1107 1135 1234 1188 quae
1277 1117 1529 1175 Caesaris
1577 1114 1839 1175 Caesari!
1925 1114 2018 1172 Ad
2065 1116 2463 1190 imperatorem
2511 1114 2714 1188 palatia

526 1217 844 1293 pertinent;
889 1215 958 1273 ad
999 1215 1352 1274 sacerdotem
1391 1215 1671 1275 ecclesiae.
1754 1214 2125 1273 Publicorum
2166 1213 2267 1271 tibi
2305 1214 2581 1271 moenium
2612 1213 2709 1289 jus

527 1317 903 1375 commissum
929 1324 1034 1381 est,
1077 1332 1192 1373 non
1221 1310 1608 1372 sacrorum.”¹

604 1419 706 1473 25.
751 1414 1130 1472 Gravissimis
1159 1423 1214 1471 et
1231 1414 1571 1491 justissimis
1598 1412 1781 1489 poenis
1809 1412 2168 1489 compescuit
2193 1409 2460 1469 Ecclesia
2484 1426 2585 1466 eos
2612 1412 2711 1481 qui

527 1514 802 1590 sacrilega
827 1514 1130 1590 rapacitate
1161 1514 1308 1571 bona
1327 1513 1719 1571 ecclesiastica
1741 1528 1941 1588 rapere
1982 1511 2107 1569 ausi
2132 1518 2284 1569 sunt.
2368 1509 2467 1567 Sic
2492 1509 2553 1565 in
2578 1526 2713 1566 con·-

525 1614 658 1672 cilio
687 1612 1057 1690 Lugdunensi
1085 1613 1165 1671 ΙΙ.
1193 1613 1306 1669 lata
1349 1622 1438 1669 est
1482 1612 1538 1669 in
1586 1630 1688 1670 eos
1730 1609 2335 1668 excommunicationis
2372 1607 2647 1665 sententia
2664 1602 2715 1664 :2

525 1730 697 1784 quam
727 1712 1018 1769 innovavit
1043 1710 1348 1769 concilium
1377 1710 1781 1769 Tridentinum
1818 1710 1911 1767 his
1940 1708 2157 1765 verbis:
2202 1716 2241 1743 ‘⁶
2261 1708 2327 1764 Si
2354 1724 2525 1778 quem
2552 1706 2713 1763 cleri-

529 1830 749 1877 corum,
779 1811 869 1869 vel
895 1810 1194 1877 laicorum,
1237 1828 1597 1881 quacumque
1641 1809 1691 1866 is
1729 1808 2023 1885 dignitate,
2066 1808 2234 1863 etiam
2274 1806 2574 1881 imperiali,
2618 1816 2713 1863 aut

526 1910 704 1985 regali
731 1908 1078 1983 praefulgeat,
1107 1909 1166 1965 in
1194 1917 1409 1965 tantum
1437 1908 1715 1965 malorum
1756 1908 2015 1965 omnium
2054 1905 2217 1963 radix
2242 1904 2519 1980 cupiditas
2546 1923 2715 1962 occu·-

529 2007 765 2082 paverit,
807 2017 870 2063 ut
913 2006 1152 2083 alicujus
1198 2006 1474 2073 ecclesiae,
1521 2024 1624 2063 seu
1668 2007 1923 2083 cujusvis
1968 2004 2275 2071 saecularis,
2302 2003 2395 2061 vel
2438 2004 2713 2079 regularis

529 2104 816 2173 beneficii,
869 2106 1149 2163 montium
1196 2105 1443 2181 pietatis,
1491 2105 1844 2178 aliorumque
1890 2105 2114 2181 piorum
2158 2103 2414 2161 locorum
2450 2102 2716 2180 jurisdic-

529 2206 734 2272 tiones,
763 2206 930 2272 bona,
953 2222 1180 2271 census,
1203 2223 1268 2261 ac
1286 2206 1418 2281 jura
1444 2205 1613 2263 etiam
1643 2204 1905 2269 feudalia,
1928 2213 1985 2261 et
2008 2201 2455 2278 emphyteutica,
2477 2202 2712 2267 fructus,

527 2303 932 2370 emolumenta,
961 2322 1080 2361 seu.
1105 2322 1500 2375 quascumque
1537 2304 1931 2371 obventiones,
1974 2320 2101 2373 quae
2141 2302 2203 2359 in
2227 2302 2616 2359 ministrorum
2658 2311 2717 2357 et

527 2419 841 2477 pauperum
868 2403 1234 2461 necessitates
1261 2402 1514 2462 converti
1555 2402 1781 2471 debent,
1823 2420 1927 2478 per
1968 2420 2051 2469 se,
2078 2401 2172 2458 vel
2216 2402 2381 2467 alios,
2407 2401 2486 2468 vi,
2516 2399 2610 2457 vel
2648 2400 2715 2457 ti·

527 2513 690 2559 more
731 2500 984 2569 incusso,
1025 2520 1126 2559 seu
1175 2502 1346 2559 etiam
1389 2519 1494 2578 per
1537 2503 1865 2578 suppositas
1912 2518 2187 2577 personas
2222 2500 2578 2567 clericorum,
2622 2509 2717 2555 aut

527 2599 828 2666 laicorum,
857 2618 960 2658 seu
987 2619 1348 2673 quacumque
1393 2609 1529 2669 arte,
1578 2610 1675 2659 aut
1716 2618 2079 2673 quocumque
2120 2599 2359 2671 quaesito
2400 2599 2613 2665 colore,
2656 2598 2717 2653 in

529 2700 791 2775 proprios
817 2717 956 2758 usus
983 2710 1333 2767 convertere,
1363 2700 1606 2771 illosque
1630 2717 1905 2775 usurpare
1930 2698 2376 2773 praesumpserit,
2406 2714 2509 2755 seu
2534 2697 2713 2771 impe·

527 2796 668 2864 dire,
698 2816 772 2855 ne
799 2798 868 2853 ab
895 2798 986 2865 iis,
1029 2798 1100 2855 ad
1127 2816 1274 2869 quos
1305 2798 1434 2873 jure
1475 2798 1776 2872 pertinent,
1817 2795 2236 2872 percipiantur3
2278 2796 2328 2851 is
2368 2796 2715 2853 anathemati

531 2894 747 2952 tamdiu
773 2894 1080 2969 subjaceat,
1111 2894 1382 2966 quamdiu
1399 2893 1851 2971 jurisdictionem
1881 2895 2050 2962 bona,
2078 2912 2191 2961 res,
2212 2895 2362 2972 jura,
2391 2894 2630 2962 fructus,
2661 2903 2716 2951 et

523 2990 761 3057 reditus,
789 3009 936 3063 quos
959 2994 1341 3069 occupaverit,
1363 2993 1454 3050 vel
1479 2994 1579 3065 qui
1606 2992 1679 3051 ad
1702 3012 1833 3051 eum
1858 2992 2419 3067 quomodocumque,
2444 2995 2612 3051 etiam
2640 3012 2715 3050 ex

531 3088 835 3149 donatione
875 3092 1188 3167 suppositae
1229 3110 1508 3167 persona-3,
1549 3092 1927 3168 pervenerint,
1972 3094 2248 3160 ecclesiae,
2277 3091 2513 3169 ejusque
2541 3091 2717 3149 admi·

530 3190 834 3257 nistratori,
863 3190 984 3247 sive
1018 3191 1350 3270 beneficiato
1389 3192 1605 3267 integre
1646 3193 1984 3259 restituerit3
2027 3211 2094 3249 ac
2133 3191 2337 3249 deinde
2378 3212 2411 3247 a
2450 3190 2721 3249 Romano

531 3288 814 3346 Pontifice
841 3289 1256 3347 absolutionem
1287 3290 1607 3349 obtinuerit.
1676 3290 1845 3358 Quod
1873 3292 1922 3349 si
1957 3290 2217 3368 ejusdem
2246 3290 2501 3348 ecclesiae
2530 3298 2717 3363 patro-

532 3405 642 3445 nus
684 3386 870 3455 suerit,
913 3390 1080 3446 etiam
1119 3391 1250 3466 jure
1295 3398 1644 3464 patronium,
1690 3389 1847 3456 ultra,
1875 3389 2171 3467 praedictas
2216 3408 2433 3465 poenas,
2480 3406 2551 3446 eo
2591 3389 2719 3464 ipso

532 3488 784 3563 privatus
811 3488 1038 3545 existat.
1123 3488 1385 3547 Clericus
1408 3486 1559 3556 vero,
1590 3491 1689 3561 qui
1718 3489 1972 3547 nefandae
2000 3487 2231 3557 fraudis,
2254 3498 2311 3545 et
2334 3488 2717 3564 usurpationis
2762 3524 2770 3533 r

533 3586 866 3665 hujusmodi
895 3587 1213 3655 fabricator,
1235 3607 1336 3645 seu
1359 3590 1723 3646 consentiens
1745 3588 1931 3655 suerit,
1954 3587 2171 3647 eisdem
2200 3588 2383 3663 poenis
2410 3588 2717 3663 subjaceat,

533 3704 642 3745 nec
667 3706 786 3745 non
812 3689 1266 3760 quibuscumque
1293 3687 1587 3745 beneficiis
1615 3688 1865 3763 privatus
1893 3688 1986 3754 sit,
2016 3698 2073 3744 et
2111 3686 2182 3744 ad
2210 3704 2585 3759 quaecumque
2614 3686 2721 3743 alia

534 3785 813 3842 beneficia
837 3787 1104 3845 inhabilis
1132 3786 1426 3855 efficiatur,
1454 3800 1512 3844 et
1537 3806 1573 3843 a
1596 3806 1829 3845 suorum
1858 3785 2124 3845 ordinum
2162 3788 2523 3853 executione,
2552 3786 2722 3843 etiam

534 3892 664 3957 post
689 3883 964 3959 integram
989 3886 1454 3955 satisfactionem,
1495 3894 1554 3945 et
1590 3886 2027 3954 absolutionem,
2056 3886 2147 3943 sui
2180 3884 2468 3943 Ordinarii
2494 3884 2721 3943 arbitrio

535 3976 1012 4055 suspendatur-”³

615 4082 714 4136 26.
758 4078 850 4137 Ad
877 4078 1112 4139 aedituos
1147 4081 1362 4139 aliosve
1388 4081 1567 4142 laicos
1592 4086 1743 4143 bona
1771 4084 2105 4160 temporalia
2130 4084 2411 4142 Ecclesiae
2451 4082 2720 4142 adminis-

537 4186 746 4235 trantes
775 4178 929 4251 quod
953 4187 1191 4255 spectat,
1219 4181 1554 4257 gravissime
1588 4193 1829 4259 peccant
1865 4193 1923 4241 et
1958 4181 2565 4241 excommunicationis
2594 4200 2722 4241 sen·

619 4316 703 4381 (1)
742 4315 838 4380 Ep.
864 4332 948 4366 xx.
1355 4320 1440 4386 (2)
1482 4319 1609 4369 Can.
1632 4320 1717 4370 xii.
1740 4320 1870 4384 apud
1892 4319 2071 4379 Labbe,
2086 4327 2121 4369 t.
2144 4320 2213 4369 xi.
2233 4327 2353 4384 part.
2374 4320 2406 4369 i.
2428 4321 2518 4371 col.
2542 4322 2656 4370 982.

1192 4406 1278 4471 (3)
1317 4404 1448 4453 Sess.
1473 4421 1556 4454 xx.
1582 4420 1687 4471 cap.
1710 4406 1777 4455 xi.
1798 4405 1859 4455 de
1882 4404 2091 4454 Reform.
2306 4404 2317 4411 ’
