3117 5217
908 571 1022 630 DE
1065 571 1102 630 J
1110 570 1404 630 UDICIO
1446 571 1975 631 TEMERARIO.
2418 575 2535 630 337

428 743 567 797 169.
611 738 703 796 De
742 757 804 796 re
841 739 956 796 levi
991 737 1275 817 judicium
1315 739 1678 795 temerarium
1717 737 1861 794 levis
1900 749 1990 794 est
2025 738 2211 814 culpa.
2297 739 2364 796 Si
2404 740 2532 810 quis

337 848 560 895 temere
580 837 803 915 judicet
827 847 1198 895 mercatorem
1232 837 1479 904 mentiri,
1521 846 1585 894 ut
1622 855 1755 894 suas
1798 836 1997 893 efferat
2034 856 2274 904 merces,
2303 839 2535 897 nonnisi

337 937 552 997 leviter
576 947 792 1012 peccat.
878 935 996 993 Sed
1023 937 1349 1013 contingere
1394 944 1583 1010 potest
1605 944 1668 992 ut
1706 953 1797 992 res
1826 953 1927 1012 per
1954 955 2016 992 se
2043 937 2209 1002 levis,
2239 939 2427 1013 gravis
2454 936 2529 994 sit

336 1039 413 1094 ob
457 1037 572 1094 viri
609 1036 958 1112 dignitatem,
981 1036 1070 1093 vel
1113 1044 1351 1093 statum:
1395 1034 1526 1092 ideo
1561 1034 1661 1106 qui
1696 1044 1907 1091 temere
1939 1035 2161 1110 judicat
2198 1037 2533 1112 episcopum

339 1137 576 1196 mentiri
621 1137 679 1194 in
725 1135 969 1192 solemni
1011 1135 1450 1201 asseveratione,
1491 1133 1676 1208 gravis
1716 1135 1935 1208 pcccati
1974 1152 2102 1192 reus
2146 1144 2253 1192 est.
2338 1131 2457 1192 Res
2500 1153 2531 1192 e

339 1247 540 1293 contra
569 1235 756 1311 gravis
784 1243 972 1310 potest
994 1232 1140 1290 levis
1167 1232 1346 1290 videri
1385 1217 1569 1305 qucad
1599 1231 1973 1307 plebeculam,
2001 1233 2378 1306 hominesque
2406 1235 2535 1294 vilis

339 1335 716 1402 conditioniS,
748 1351 986 1404 quorum
1019 1350 1210 1390 mores
1247 1340 1380 1389 sunt
1417 1331 1753 1406 plerumque
1782 1333 1992 1390 vitiosi.
2078 1333 2178 1390 Sic
2206 1333 2255 1388 si
2282 1334 2409 1405 quis
2442 1335 2536 1410 ju-

340 1432 498 1492 dicet
525 1444 752 1491 nautam
774 1431 1192 1509 blasphemare,
1224 1432 1544 1508 operarium
1569 1431 1819 1487 ebrietati
1846 1430 2159 1508 indulgere,
2190 1433 2537 1508 mancipium

339 1534 539 1600 furari,
571 1551 688 1590 non
715 1533 821 1588 erit
845 1531 1010 1589 facile
1051 1532 1267 1606 peccati
1307 1531 1493 1606 gravis
1521 1529 1863 1606 arguendus.
1947 1530 2189 1588 Ratione
2231 1532 2409 1587 aetatis
2436 1533 2533 1589 ali-

340 1632 574 1705 quando
590 1631 874 1709 judicium
903 1651 936 1688 a
961 1631 1272 1690 temeritate
1299 1637 1619 1696 excusatur,
1649 1649 1684 1684 v
1708 1649 1721 1685 :
1744 1648 1816 1706 g:
1860 1631 1909 1686 si
1929 1625 2203 1707 juvenem
2232 1631 2360 1701 quis
2380 1632 2534 1708 judi-

339 1743 428 1789 cet
475 1731 860 1808 impudicum.
945 1729 1062 1786 Sed
1108 1730 1158 1786 si
1205 1730 1335 1801 quis
1379 1730 1655 1805 juvenem
1708 1729 1875 1786 bonis
1922 1730 2172 1787 moribus
2225 1730 2529 1807 insignem,

341 1831 548 1889 debilis
577 1841 765 1888 tamen
807 1829 1162 1897 valetudinis,
1196 1827 1418 1905 judicet
1443 1829 1581 1886 vitio
1622 1827 1926 1900 inquinari,
1964 1837 2020 1884 et
2056 1829 2255 1886 morbo
2281 1829 2535 1886 laborare

342 1949 614 1997 venere0,
644 1940 731 1986 est
757 1928 954 2007 procul
981 1928 1156 1987 dubio
1183 1947 1354 2006 grave
1383 1935 1699 2003 peccatum.

426 2031 694 2088 Plurima
722 2030 832 2086 alia
873 2037 1069 2085 contra
1113 2028 1440 2085 charitatem
1490 2036 1725 2103 peccata
1764 2027 2283 2101 praetermittimus3
2328 2029 2534 2100 quibus

342 2130 534 2206 poenis
565 2128 831 2187 Ecclesia
857 2128 1056 2204 puniat
1080 2127 1476 2199 delinquentes
1505 2145 1644 2184 mox
1672 2127 2031 2204 explicaturi,

509 2735 664 2791 Von.
696 2733 939 2791 11.-30
