3117 5217
455 534 575 591 220
1225 528 1338 588 DE
1382 528 1845 589 ORATIONE.

456 702 519 757 in
545 699 809 775 AEgypto
835 697 1058 755 crebras
1087 696 1319 770 quidem
1355 698 1565 756 habere
1594 700 1901 765 orationes,
1944 695 2047 753 sed
2058 682 2181 753 “eas
2208 704 2397 753 tamen
2425 696 2641 753 brevis·

459 800 657 863 simas,
687 807 744 853 et
779 797 981 873 raptim
1025 795 1270 869 quodam
1311 796 1484 856 modo
1517 797 1833 873 jaculatas:
1877 814 1947 853 ne
1988 794 2085 853 illa
2125 795 2420 872 vigilanter
2456 803 2644 851 erecta

455 914 580 970 quae
609 896 790 954 oranti
815 896 1122 971 plurimum
1151 896 1472 977 necessaria
1509 905 1616 963 est,
1644 914 1747 971 per
1770 893 2160 972 productiores
2188 912 2373 951 moras
2401 910 2636 949 evanes-

447 1003 555 1061 cat,
585 1004 754 1066 atque
779 993 1070 1051 hebetetur
1095 990 1429 1051 intentio.”¹
1509 994 1626 1060 Qui
1652 994 1773 1051 vult
1796 1010 2063 1068 superare
2092 992 2451 1058 tentationeS‚
2469 1009 2629 1048 orare

463 1092 650 1160 debet,
681 1102 741 1148 ut
766 1094 956 1149 veniat
981 1092 1062 1150 illi
1089 1092 1362 1149 auxilium
1405 1092 1473 1149 ab
1515 1093 1627 1149 alto
1642 1112 1667 1148 ·:
1710 1110 1817 1149 nec
1844 1092 1997 1149 enim
2026 1090 2181 1147 solus
2208 1090 2357 1146 valet
2381 1090 2451 1146 de
2477 1089 2638 1145 hoste

457 1190 827 1265 triumphare.
913 1190 978 1249 Id
1007 1188 1158 1247 certo
1187 1192 1353 1247 statui
1380 1200 1585 1266 potest,
1614 1192 1884 1248 orationis
1922 1189 2245 1266 neglectum
2275 1208 2377 1263 per
2413 1198 2639 1263 tempus

459 1289 808 1356 diuturnum,
835 1290 1153 1369 periculum
1195 1289 1558 1346 manifestum
1584 1290 1799 1365 lapsus,
1828 1298 1885 1346 et
1924 1289 2203 1354 interituS‚
2232 1286 2399 1355 serre,
2428 1296 2485 1343 et
2514 1303 2641 1361 pro-

463 1387 595 1445 inde
623 1390 780 1463 gravi
807 1389 976 1463 culpa
1002 1406 1120 1444 non
1146 1406 1363 1445 vacare.

544 1490 569 1541 l
588 1490 638 1542 l.
684 1486 774 1543 De
801 1488 1054 1544 oratione
1083 1486 1294 1543 sanctis
1322 1485 1663 1562 porrigenda
1688 1486 1826 1543 alias
1854 1485 2271 1561 disputavimus
2294 1504 2307 1541 :
2339 1484 2434 1540 hic
2457 1491 2640 1539 autem

461 1586 696 1641 recitare
716 1587 879 1661 juvat
905 1604 1029 1657 quae
1059 1586 1129 1641 ab
1156 1586 1436 1661 Angelico
1476 1584 1725 1642 Doctore
1762 1584 1909 1642 clare
1938 1592 1995 1640 et
2019 1584 2257 1659 pulchre
2286 1582 2546 1640 dicuntur
2573 1578 2641 1637 ad

461 1682 864 1758 explicandum
903 1683 1208 1740 discrimen
1233 1684 1379 1740 inter
1421 1700 1549 1739 eam
1579 1691 1636 1739 et
1676 1684 1987 1741 orationem
2016 1682 2085 1739 ad
2112 1682 2301 1740 Deum
2347 1681 2636 1738 directam.

468 1788 507 1816 ‘⁶
531 1780 729 1839 Oratio
756 1783 1057 1857 porrigitur
1083 1781 1249 1838 alicui
1275 1780 1606 1855 dupliciter:
1650 1801 1765 1839 uno
1804 1780 1977 1839 modo
2006 1782 2168 1851 quasi
2194 1799 2297 1856 per
2322 1780 2510 1855 ipsum
2540 1780 2643 1835 im-

465 1877 705 1955 plenda:
763 1879 874 1936 alio
918 1878 1088 1936 modo
1129 1880 1276 1935 sicut
1320 1896 1422 1953 per
1467 1880 1656 1954 ipsum
1705 1878 2075 1955 impetranda.
2160 1880 2357 1937 Primo
2405 1878 2633 1949 quidem

464 1975 635 2034 modo
663 1978 770 2033 soli
799 1976 926 2033 Deo
953 1976 1264 2034 orationem
1305 1977 1649 2052 porrigimus
1673 1998 1688 2046 ;
1730 1970 1866 2050 quia
1904 1996 2103 2035 omnes
2130 1980 2413 2036 orationes
2440 1986 2643 2033 nostrae

467 2073 714 2133 ordinari
763 2074 970 2133 debent
1008 2074 1076 2131 ad
1123 2076 1357 2152 gratiam
1403 2085 1460 2132 et
1503 2076 1739 2152 gloriam
1785 2076 2269 2148 consequendam,
2316 2094 2443 2147 quae
2490 2074 2643 2131 solus

469 2172 632 2230 Deus
659 2173 772 2241 dat,
802 2174 1113 2231 secundum
1156 2174 1296 2232 illud
1338 2174 1494 2232 Psal.
1524 2176 1753 2234 lxxxiii.
1801 2185 1815 2210 ‘
1843 2176 2099 2233 Gratiam
2139 2185 2197 2231 et
2221 2174 2455 2250 gloriam
2498 2172 2648 2229 dabit

467 2270 798 2330 Dominus)
885 2272 1002 2329 Sed
1030 2272 1364 2331 secundario
1391 2273 1563 2331 modo
1589 2274 1905 2331 orationem
1940 2274 2284 2350 porrigimus
2312 2273 2520 2329 sanctis
2552 2288 2645 2326 an-

467 2370 631 2445 gelis,
662 2380 719 2427 et
744 2372 1094 2438 hominibuS,
1136 2390 1252 2429 non
1278 2381 1340 2428 ut
1365 2389 1468 2446 per
1507 2391 1607 2429 eos
1636 2372 1795 2430 Deus
1824 2382 2043 2430 nostras
2087 2372 2393 2447 petitiones
2435 2388 2645 2445 cogno-

465 2478 617 2525 scat:
661 2470 762 2528 sed
791 2480 854 2527 ut
897 2490 1091 2528 eorum
1119 2470 1378 2547 precibus
1419 2478 1476 2526 et
1513 2472 1729 2529 meritis
1769 2471 2051 2529 orationes
2092 2479 2298 2528 nostrae
2344 2470 2647 2525 sortiantur

471 2566 760 2627 effectum.
845 2568 926 2626 Et
951 2569 1080 2627 ideo
1120 2569 1321 2625 dicitur
1345 2569 1530 2645 Apoc.
1561 2570 1681 2627 viii.
1711 2569 1866 2642 quod
1908 2578 1924 2603 ‘
1948 2568 2204 2627 ascendit
2242 2568 2435 2625 sumus
2462 2568 2651 2624 incen-

469 2684 662 2725 sorum
690 2667 762 2726 de
803 2688 975 2726 manu
1014 2668 1202 2743 angeli
1241 2686 1432 2728 coram
1474 2666 1646 2747 Deo.’
1728 2666 1813 2725 Et
1850 2668 1961 2726 hoc
2000 2668 2171 2723 etiam
2212 2675 2365 2742 patet
2402 2684 2477 2722 ex
2520 2666 2647 2739 ipso

471 2764 644 2823 modo
673 2786 786 2838 quo
814 2766 1080 2823 Ecclesia
1104 2766 1276 2822 utitur
1301 2766 1360 2821 in
1400 2766 1637 2823 orando.
1722 2766 1878 2823 Nam
1907 2786 1939 2821 a
1966 2766 2174 2822 Sancta
2200 2765 2481 2821 Trinitate
2510 2764 2650 2837 peti-

469 2880 600 2920 mus
614 2873 678 2920 ut
703 2866 878 2921 nostri
908 2865 1271 2929 misereatur;
1314 2864 1384 2919 ab
1411 2862 1534 2921 aliis
1564 2872 1751 2921 autem
1796 2864 2005 2921 sanctis
2032 2864 2485 2935 quibuscumque
2512 2862 2651 2936 peti-

474 2978 604 3017 mus
631 2970 694 3017 ut
718 2971 881 3018 orent
906 2980 1011 3037 pro
1050 2953 1317 3018 nobie.”⁵²
2380 2944 2383 2947 ⁵

555 3063 647 3115 12.
692 3057 903 3117 Omnia
930 3060 1136 3131 quibus
1164 3058 1488 3135 indigemus
1515 3062 1684 3129 bona,
1713 3080 1780 3119 ea
1818 3062 2131 3137 praesertim
2160 3079 2286 3132 quae
2314 3059 2383 3115 ad
2412 3060 2649 3117 salutem

471 3156 934 3228 consequendam
963 3158 1263 3232 pertinent,
1290 3157 1424 3213 licet
1450 3157 1662 3216 orando
1702 3180 1734 3216 a
1773 3159 1923 3226 Deo,
1952 3159 2207 3216 omnium
2237 3159 2517 3215 bonorum
2543 3157 2649 3214 lar-

472 3253 670 3327 gitore,
700 3263 909 3329 petere.
981 3253 1339 3311 Contrariam
1369 3254 1651 3313 sentiendi
1676 3260 1949 3315 rationem
1980 3258 2050 3314 ab
2076 3256 2319 3313 ethnicis
2350 3257 2653 3314 derivatam

471 3350 711 3408 feliciter
737 3354 934 3408 evertit
955 3352 1018 3409 S.
1041 3352 1332 3409 Thomas:
1367 3362 1405 3389 ‘⁶
1431 3354 1593 3411 Sicut
1614 3356 1703 3413 M.
1722 3357 1991 3413 Valerius
2017 3354 2207 3422 refert,
2228 3356 2491 3413 Socrates
2510 3354 2653 3411 nihil

473 3448 617 3506 ultra
639 3449 946 3525 petendum
976 3471 1008 3507 a
1027 3450 1136 3507 diis
1164 3451 1570 3510 immortalibus
1594 3455 1977 3522 arbitrabatur,
2003 3472 2171 3525 quam
2196 3462 2261 3509 ut
2285 3454 2436 3511 bona
2454 3453 2658 3511 tribue-

472 3558 635 3606 rent:
679 3551 812 3622 quia
838 3549 899 3608 hi
925 3550 1155 3608 demum
1184 3551 1394 3608 scirent
1419 3550 1558 3624 quid
1584 3553 1891 3625 unicuique
1933 3562 2086 3609 esset
2109 3552 2247 3608 utile
2270 3571 2285 3607 τ
2332 3570 2437 3610 nos
2465 3562 2653 3609 autem

475 3647 808 3722 plerumque
850 3648 907 3706 id
948 3650 1094 3706 votis
1135 3652 1477 3723 expetimus,
1510 3650 1665 3721 quod
1704 3671 1817 3709 non
1858 3654 2195 3727 impetrasse
2241 3652 2447 3708 melius
2490 3649 2652 3707 foret.

475 3744 620 3810 Quae
647 3746 877 3818 quidem
911 3748 1191 3805 sententia
1219 3748 1531 3820 aliqualiter
1557 3767 1691 3806 vera
1716 3759 1821 3817 est,
1851 3759 2124 3823 quantum
2154 3749 2224 3805 ad
2249 3750 2348 3805 illa
2376 3768 2499 3820 quae
2527 3765 2657 3823 pos-

478 3852 613 3929 sunt
650 3844 862 3900 malum
903 3856 1170 3903 eventum
1213 3845 1458 3903 habere:
1503 3848 1711 3919 quibus
1756 3850 1925 3907 etiam
1968 3848 2142 3905 homo
2189 3856 2379 3923 potest
2418 3846 2563 3903 male
2604 3853 2663 3901 et

469 3940 615 3997 bene
641 3942 759 3998 uti:
803 3944 970 3999 sicuti
991 3942 1220 4011 divitiae,
1252 3963 1397 4015 quae,
1420 3956 1482 4003 ut
1506 3946 1720 4004 ibidem
1742 3946 1963 4015 dieitur,
2005 3946 2202 4005 multis
2244 3947 2421 4003 exitio
2462 3944 2653 4002 fuere:

478 4037 752 4103 honoreS,
801 4041 898 4109 qui
949 4042 1274 4117 complures
1327 4044 1876 4118 pessumdederunt:
1938 4064 2132 4122 regna,
2181 4063 2423 4116 quorum
2470 4043 2657 4099 exitus

477 4154 633 4210 saepe
661 4136 1010 4194 miserabiles
1038 4130 1372 4198 cernuntur:
1417 4142 1715 4218 splendida
1744 4146 2033 4221 conjugia,
2064 4163 2190 4216 quae
2234 4158 2661 4213 nonnumquam

948 4364 972 4424 (
981 4364 1034 4427 l)
1074 4362 1170 4426 Ep.
1193 4380 1340 4412 cxxx.
1364 4360 1483 4414 alias
1500 4368 1655 4416 cxxii.
1684 4370 1747 4417 ad
1770 4370 1995 4419 Probum.
2014 4387 2063 4419 n.
2088 4372 2170 4417 20.

950 4447 1035 4512 (2)
1075 4450 1122 4495 2.
1144 4451 1192 4495 2.
1216 4463 1296 4510 qu.
1319 4449 1510 4498 lxxxiii.
1535 4457 1621 4499 art.
1645 4452 1707 4500 iv.
1778 4454 1928 4520 Resp-
