3117 5217
819 544 932 603 DE
973 542 1426 603 E‘MPTIONE
1471 542 1589 601 ET
1629 542 2195 602 VENDITIONE.
2329 506 2335 512 ’
2478 548 2591 603 167

513 716 610 771 61.
650 711 920 771 Venditio
947 733 1077 772 cum
1114 722 1280 789 pacto
1303 712 1759 780 retrovendendi,
1790 722 1883 771 aut
1911 711 2247 779 redimendi,
2276 713 2334 769 in
2361 712 2611 772 favorem

433 810 758 877 venditoris,
784 812 878 869 vel
903 813 1196 888 emptoris,
1225 830 1328 887 per
1347 830 1410 869 se
1435 814 1625 871 licitus
1652 821 1775 868 est:
1817 830 1891 868 v:
1922 831 1993 887 g:
2025 811 2153 883 quis
2174 809 2370 867 vendit
2395 829 2607 881 equum
2648 871 2654 878 Ι

435 918 656 966 centum
699 910 972 977 nummiS,
999 920 1057 967 et
1095 910 1397 986 paciscitur
1434 930 1496 967 se
1537 929 1639 967 eos
1680 909 2027 967 redditurum
2070 919 2301 985 recepto
2345 926 2513 980 eque,
2562 910 2613 966 si

437 1016 752 1082 emptorem
777 1017 1094 1065 contractus
1121 1009 1480 1084 poenituerit:
1523 1009 1615 1067 vel
1650 1010 1777 1079 quis
1804 1007 2000 1065 vendit
2038 1008 2270 1065 domum
2312 1025 2612 1082 agrosque,

437 1105 698 1163 facultate
727 1116 912 1163 tamen
941 1108 1048 1164 sibi
1075 1115 1292 1163 servata
1331 1126 1400 1164 ea
1438 1108 1548 1165 sibi
1576 1105 1893 1164 redimendi
1922 1125 2098 1178 quum
2128 1106 2385 1172 voluerit,
2431 1106 2615 1181 pretio

438 1206 714 1261 restituto·
797 1205 1124 1276 Aliquando
1167 1214 1356 1263 autem
1398 1224 1567 1262 usura
1603 1204 1932 1280 hujusmodi
1975 1214 2263 1262 contractu
2304 1204 2521 1261 velatur
2556 1205 2618 1260 in

440 1304 512 1360 iis
547 1302 876 1377 regionibus
915 1303 974 1360 in
1015 1303 1222 1375 quibus
1263 1303 1422 1378 leges
1463 1301 1769 1359 districtius
1807 1321 1932 1360 eam
1958 1312 2169 1368 vetant,
2209 1304 2420 1378 quippe
2466 1302 2623 1359 abest

442 1401 664 1457 animus
703 1399 1007 1457 vendendi.
1095 1399 1432 1459 Contractus
1461 1398 1753 1459 Mokatra
1786 1393 1937 1477 apud
1979 1402 2275 1477 Hispanos
2303 1400 2477 1467 audit,
2519 1400 2619 1472 qui

441 1499 633 1565 initur,
663 1498 797 1555 dum
827 1498 954 1569 quis
981 1497 1172 1557 vendit
1197 1518 1416 1556 merces
1437 1500 1653 1557 credito
1680 1501 1863 1574 pretio
1884 1518 2131 1565 summe,
2152 1517 2221 1555 ea
2246 1497 2463 1574 adjecta
2490 1517 2621 1556 con-

444 1596 657 1653 ditione
684 1606 746 1654 ut
771 1614 866 1653 eas
896 1597 1080 1653 statim
1107 1596 1378 1673 deinceps
1419 1607 1571 1655 emat
1597 1584 1601 1588 ’
1610 1598 1791 1673 pretio
1818 1597 2035 1654 infimo.
2120 1596 2239 1655 Hic
2264 1598 2437 1655 etiam
2468 1595 2624 1653 adin-

445 1707 648 1752 ventus
688 1703 776 1751 est
813 1713 1002 1751 usurae
1043 1694 1406 1771 contegendae
1445 1714 1634 1763 causa,
1683 1696 1925 1767 ideoque
1970 1696 2171 1753 merito
2219 1694 2515 1753 damnatus
2557 1696 2626 1751 ab

446 1791 782 1851 Innocentio
827 1793 976 1850 XL:
1037 1802 1075 1829 ‘⁶
1100 1792 1440 1851 Contractus
1485 1794 1745 1851 mohatra
1787 1794 1976 1851 licitus
2022 1802 2109 1851 est
2152 1795 2319 1851 etiam
2365 1801 2625 1869 respectu

447 1889 706 1969 ejusdem
757 1910 1040 1967 personae,
1085 1902 1142 1947 et
1185 1911 1317 1949 cum
1363 1901 1651 1950 contractu
1696 1890 2192 1951 retrovenditionis
2238 1894 2448 1967 praevie
2487 1892 2629 1952 inito

449 2009 577 2047 cum
607 1990 916 2047 intentione
938 1982 1180 2048 lucri.’'¹
1245 1990 1485 2048 Seclusa
1511 2000 1700 2048 autem
1728 1991 2038 2048 intentione
2064 1990 2192 2057 hac,
2222 1992 2273 2047 si
2300 1989 2627 2049 venditione

444 2091 566 2165 jam
606 2088 877 2164 perfecta,
908 2098 1226 2163 emptorem
1265 2090 1556 2164 poe-niteat,
1602 2089 1851 2159 velitque
1896 2090 2021 2164 ipse
2068 2106 2317 2145 mercem
2360 2088 2629 2155 vendere,

453 2187 551 2258 qui
577 2205 702 2243 eam
743 2187 899 2262 prius
929 2185 1199 2253 vendidit,
1243 2188 1452 2263 poterit
1490 2206 1617 2275 eam
1658 2188 1867 2244 minori
1911 2188 2093 2262 pretio
2132 2187 2239 2243 sibi
2276 2205 2629 2262 comparare,

455 2303 628 2356 quum
655 2285 852 2341 infimo
882 2286 1062 2361 pretio
1089 2286 1260 2343 liceat
1283 2286 1386 2353 illi,
1415 2287 1564 2343 sicut
1587 2295 1645 2342 et
1684 2286 1808 2343 aliis
1842 2302 2051 2352 emere,
2082 2303 2190 2341 nec
2232 2294 2485 2344 teneatur
2515 2286 2634 2362 juri

455 2401 528 2440 ex
555 2382 876 2440 venditione
904 2393 1047 2451 orto,
1077 2384 1288 2455 absque
1317 2384 1558 2455 quadam
1588 2384 2081 2459 compensatione,
2114 2384 2460 2441 renuntiare.

535 2485 632 2538 62.
673 2480 996 2539 Retractus
1026 2480 1372 2558 gentilitias
1400 2480 1603 2538 dicitur
1634 2483 1735 2557 jus
1762 2482 2027 2557 proximo
2054 2480 2361 2538 venditoris
2402 2500 2639 2539 consan-

457 2581 664 2655 guineo
715 2598 1054 2637 concessum
1101 2579 1246 2635 infra
1283 2587 1498 2635 certum
1540 2586 1765 2653 tempus
1805 2578 2186 2645 rescindendi,
2234 2589 2290 2635 et
2334 2578 2407 2635 ad
2446 2598 2509 2635 se
2554 2598 2639 2637 re-

457 2676 694 2736 vocandi
720 2677 1105 2735 venditionem
1133 2678 1214 2734 rei
1242 2676 1575 2743 immobiliS‚
1605 2677 1809 2734 eodem
1850 2676 2037 2733 oblato
2074 2677 2256 2751 pretio
2284 2695 2398 2747 quo
2424 2695 2515 2733 res
2544 2677 2641 2734 illa

457 2776 526 2833 ab
552 2787 843 2843 extraneo,
872 2775 964 2833 vel
989 2777 1290 2833 remotiore
1317 2776 1742 2851 consanguineo
1781 2775 1887 2833 fuit
1925 2784 2131 2849 empta.
2214 2774 2253 2831 J
2258 2793 2323 2831 us
2352 2774 2460 2831 hoc
2498 2775 2637 2851 legi-

459 2876 569 2931 bus
596 2875 804 2932 nostris
824 2893 940 2932 non
967 2874 1314 2932 conceditur.
1800 2938 1805 2943 ,

545 2976 643 3029 63.
697 2970 1046 3049 Negotiatio
1074 2972 1279 3031 dicitur
1303 2973 1516 3047 emptio
1543 2974 1626 3029 rei
1654 2990 1727 3029 ex
1768 2974 1959 3030 animo
1986 2991 2109 3030 eam
2141 2974 2417 3048 integram
2445 2982 2505 3029 et
2529 2991 2645 3030 non
2674 2958 2680 2961 ’

467 3080 736 3128 mutatam
764 3069 1046 3127 vendendi
1069 3071 1212 3127 lucri
1254 3072 1448 3147 gratia.
1532 3070 1716 3127 Licita
1741 3090 1845 3147 per
1883 3089 1946 3127 se
1984 3081 2089 3139 est,
2135 3073 2393 3143 quamvis
2435 3073 2647 3147 saepius

466 3171 542 3226 sit
569 3179 930 3245 peccatorum
957 3170 1206 3235 occasi0‚
1237 3178 1581 3244 quapropter
1607 3170 1664 3226 in
1695 3170 1826 3246 jure
1851 3172 2125 3227 canonico
2152 3170 2390 3227 dicitur:
2436 3178 2474 3206 ‘⁶
2497 3182 2645 3228 mer'·

465 3279 621 3325 cator
640 3270 738 3326 vix
766 3276 858 3324 aut
883 3285 1132 3338 unquam
1161 3276 1349 3343 potest
1372 3268 1599 3344 plaeere
1627 3268 1825 3335 De0,”
1855 3269 1987 3340 quia
2014 3270 2233 3327 scilicet
2274 3277 2313 3304 ‘⁸
2338 3270 2643 3347 negotiatio

470 3366 640 3423 nimis
665 3366 1043 3424 communiter
1080 3376 1378 3423 exercetur
1400 3386 1528 3423 curn
1558 3364 1858 3423 mendacio
1898 3376 1955 3423 et
1986 3362 2335 3443 perjurio.”²
2391 3377 2429 3405 ‘⁶
2454 3370 2651 3445 Nego-

357 3524 373 3541 ·
468 3466 632 3521 tiator
657 3464 852 3521 avidus
881 3464 1272 3535 acquirendi,”
1313 3466 1500 3536 inquit
1537 3466 1915 3541 AugustinuS,
1961 3473 1999 3500 ‘⁶
2022 3468 2126 3540 pro
2154 3463 2361 3523 damno
2388 3466 2650 3540 blasphe-

475 3572 608 3630 mat,
638 3582 742 3639 pro
769 3563 964 3638 pretiis
1003 3581 1190 3621 rerum
1230 3564 1494 3624 mentitur
1519 3571 1577 3619 et
1616 3564 1850 3640 pejerat.
1936 3562 2053 3619 Sed
2093 3562 2216 3618 haec
2240 3564 2377 3619 vitia
2402 3563 2651 3619 hominis

471 3671 620 3728 sunt,
649 3681 770 3719 non
791 3662 945 3728 artiS,
974 3680 1100 3733 quae
1128 3662 1250 3717 sine
1279 3662 1370 3718 his
1397 3662 1550 3718 vitiis
1580 3664 1673 3737 agi
1703 3642 1983 3737 potest.”³

554 3763 650 3817 64.
693 3758 1115 3835 Monopolium
1141 3759 1205 3815 fit
1229 3759 1361 3816 dum
1403 3778 1574 3825 unuS,
1619 3761 1709 3817 vel
1751 3758 1945 3835 plures
1987 3757 2259 3823 efficiunt,
2287 3767 2349 3815 ut
2393 3759 2504 3833 ipsi
2546 3760 2672 3817 soli·

475 3858 688 3928 aliquid
724 3856 988 3915 vendant.
1075 3858 1310 3914 Publica
1351 3858 1679 3915 auctoritate
1721 3854 2023 3926 aliquando
2061 3854 2391 3914 conceditur
2428 3858 2655 3933 privile-

479 3957 634 4032 gium
661 3956 946 4013 vendendi
971 3974 1098 4027 quoe
1125 3958 1256 4027 quis
1283 3974 1390 4011 suo
1429 3955 1661 4031 ingenio
1700 3955 2063 4031 excogitavit.
2149 3954 2281 4012 Hoc
2322 3966 2469 4013 certe
2496 3957 2651 4023 licet,
2736 3934 2776 3987 Ι·

481 4073 656 4125 quum
685 4055 744 4111 in
771 4056 970 4112 artium
999 4053 1314 4129 profectum
1345 4053 1525 4119 cedat,
1554 4073 1687 4111 cum
1714 4072 1918 4129 magna
1944 4056 2201 4111 omnium
2228 4055 2480 4112 utilitate.
2538 4056 2654 4115 Illi-

951 4311 1036 4375 (1)
1076 4308 1219 4371 Prop.
1241 4308 1309 4356 xl.
1331 4307 1456 4355 inter
1476 4306 1727 4356 damnatas
1750 4322 1880 4355 anno
1908 4308 2051 4356 1679.

949 4396 1034 4458 (2)
1071 4391 1197 4455 Cap.
1223 4391 1461 4460 Efficietne,
1483 4392 1593 4440 dist.
1616 4392 1841 4439 lxxxviii.

947 4480 1034 4543 (3)
1077 4478 1136 4526 In
1159 4478 1242 4526 ΡΒ.
1265 4479 1371 4527 lxx.
