3117 5217
513 516 585 571 16
1199 512 1312 571 DE
1357 513 2002 573 TEMPERANTIA.

510 702 621 760 pue
650 692 738 739 est
775 683 962 759 ipsum
1007 684 1182 741 animi
1222 684 1577 759 propositum
1624 684 1694 741 ab
1735 684 1895 743 omni
1937 682 2308 741 delectatione
2349 698 2589 739 venerea
2626 697 2691 737 se

511 781 846 839 abstinendi.
891 782 1040 839 Eam
1067 781 1448 849 commendat,
1474 781 1731 841 divinum
1758 781 2060 840 consilium
2089 780 2334 848 tradens,
2356 780 2690 859 Apostolus,

510 890 703 956 utpote
731 899 858 952 quae
887 882 1134 939 animam
1162 899 1350 938 rerum
1381 881 1697 939 coelestium
1736 880 2206 956 contemplationi
2232 879 2367 937 facit
2390 879 2687 937 idoneam:

512 978 666 1051 quod
691 989 748 1035 et
772 980 916 1037 ratio
942 992 999 1036 et
1025 979 1377 1056 experientia
1415 978 1633 1037 suadet.
1722 988 1760 1015 ‘⁶
1788 980 1855 1037 Si
1894 979 2025 1051 quis
2070 980 2348 1037 abstineat
2384 996 2417 1034 a
2456 975 2692 1035 delecta·

511 1078 762 1136 tionibus
790 1078 1194 1153 corporalibus,
1236 1089 1300 1135 ut
1323 1076 1554 1136 liberius
1584 1088 1743 1135 vacet
1780 1077 2247 1153 contemplationi
2272 1076 2543 1143 veritatis,
2572 1093 2694 1151 per·

515 1177 654 1233 tinet
691 1176 804 1233 hoc
833 1174 904 1232 ad
929 1176 1326 1235 rectitudinem
1367 1177 1621 1235 rationis.
1704 1175 1796 1234 Ad
1822 1176 1931 1235 hoc
1970 1186 2156 1235 autem
2184 1176 2281 1253 pia
2304 1175 2595 1251 virginitas
2624 1174 2694 1231 ab

515 1276 672 1333 omni
699 1274 1070 1333 delectatione
1099 1294 1341 1333 venerea
1368 1276 1626 1341 abstinet,
1655 1285 1716 1333 ut
1739 1276 1968 1333 liberius
1995 1274 2201 1334 divinae
2228 1274 2696 1349 contemplationi

516 1382 691 1429 vacet.
776 1372 932 1431 Dicit
957 1376 1108 1431 enim
1136 1375 1450 1451 Apostolus
1490 1375 1527 1434 i.
1563 1373 1633 1432 ad
1661 1372 1995 1432 Corinthios
2018 1374 2112 1432 vii.
2160 1382 2175 1409 ‘
2201 1373 2415 1431 Mulier
2460 1373 2695 1449 innupta

517 1481 573 1528 et
599 1474 759 1549 virgo
787 1472 998 1549 cogitat
1023 1493 1148 1546 quae
1177 1474 1414 1531 Domini
1442 1483 1595 1541 sunt,
1624 1483 1686 1530 ut
1712 1474 1785 1531 sit
1810 1481 2001 1530 sancta
2028 1482 2084 1529 et
2108 1491 2345 1549 corpore
2372 1480 2429 1528 et
2452 1472 2652 1547 spiritu
2676 1490 2690 1527 ε

518 1588 642 1642 quae
671 1580 856 1631 autem
882 1581 1058 1648 nupta
1081 1583 1188 1641 est,
1217 1574 1427 1650 cogitat
1471 1590 1597 1645 quae
1642 1581 1775 1629 sunt
1800 1571 2019 1639 mundi,
2060 1582 2118 1629 et
2158 1571 2450 1644 quomodo
2477 1571 2697 1647 placeat

517 1670 680 1727 vir0.’
726 1671 897 1729 Unde
923 1672 1257 1742 relinquitur
1283 1671 1436 1744 quod
1464 1672 1755 1747 virginitas
1782 1689 1899 1729 non
1925 1681 2013 1729 est
2038 1670 2251 1743 aliquid
2278 1671 2565 1738 vitiosum,
2594 1668 2697 1725 sed

518 1770 704 1844 potius
731 1762 1106 1827 laudabile-3⁹¹
1166 1770 1338 1839 Quod
1363 1779 1549 1829 autem
1578 1769 1649 1826 de
1676 1779 1959 1847 praecepto
1984 1771 2186 1847 primis
2212 1769 2541 1829 hominibus
2568 1767 2697 1825 dato

517 1869 726 1943 objecit
752 1869 1059 1937 Lutherus,
1087 1888 1162 1927 ex
1209 1870 1274 1927 S.
1305 1870 1539 1927 Thoma
1577 1877 1865 1927 mutuatus
1905 1879 2029 1937 est;
2070 1870 2169 1942 qui
2198 1879 2385 1927 tamen
2424 1867 2565 1928 illud
2604 1885 2698 1943 ge·

519 1985 624 2023 nus
677 1968 1029 2054 humanum,
1063 1988 1178 2027 non
1229 1970 1486 2045 singulos
1545 1968 1827 2037 homines,
1896 1970 2177 2045 respicere
2242 1970 2457 2045 optime
2510 1967 2693 2025 docet.

523 2073 561 2097 “
585 2065 943 2142 Praeceptum
971 2066 1162 2127 datum
1191 2068 1260 2126 de
1289 2069 1653 2145 generatione
1681 2068 1913 2145 respicit
1950 2076 2121 2127 totam
2150 2067 2568 2125 multitudinem
2596 2064 2696 2123 ho-

520 2166 760 2232 minum,
791 2167 881 2223 cui
907 2168 1292 2227 necessarium
1319 2177 1407 2225 est
1433 2187 1548 2226 non
1576 2168 1765 2225 solum
1792 2167 1945 2239 quod
1970 2166 2373 2243 multiplicetur
2398 2162 2697 2241 corporali-

519 2274 621 2331 ter,
651 2264 751 2321 sed
779 2266 948 2324 etiam
976 2265 1129 2338 quod
1163 2268 1528 2344 spiritualiter
1567 2268 1844 2343 proficiat.
1928 2267 2009 2325 Et
2048 2266 2177 2325 ideo
2202 2265 2546 2323 sufficienter
2572 2282 2701 2338 pro·

521 2362 742 2421 videtur
768 2365 1028 2423 humanae
1068 2366 1434 2433 multitudini,
1475 2366 1526 2423 si
1571 2366 1801 2438 quidam
1840 2366 2051 2423 carnali
2076 2365 2427 2441 generationi
2468 2380 2697 2440 operam

523 2461 691 2529 dent;
735 2448 964 2535 quidam
1011 2463 1146 2522 vero
1193 2466 1261 2523 ab
1305 2464 1413 2521 hac
1457 2466 1823 2533 abstinenteS,
1872 2464 2337 2540 contemplationi
2380 2464 2699 2521 divinorum

522 2572 738 2628 vacent,
769 2564 839 2620 ad
869 2565 1047 2621 totius
1067 2563 1300 2625 humani
1339 2566 1564 2640 generis
1605 2564 2083 2641 pulchritudinem
2112 2572 2171 2620 et
2194 2565 2454 2622 salutem.
2540 2562 2703 2618 Sicut

519 2660 690 2717 etiam
715 2662 777 2721 in
815 2662 1066 2720 exercitu
1112 2663 1341 2735 quidam
1369 2674 1552 2721 castra
1578 2663 1923 2729 custodiunt,
1953 2662 2181 2734 quidam
2222 2664 2387 2739 signa
2412 2660 2692 2723 deferunt,

522 2758 752 2829 quidam
779 2759 982 2835 gladiis
1008 2760 1323 2827 decertant3
1367 2780 1492 2833 quae
1520 2770 1708 2821 tamen
1734 2762 1927 2819 omnia
1954 2759 2139 2817 debita
2162 2771 2295 2819 sunt
2330 2758 2700 2823 multitudini,

523 2857 624 2913 sed
653 2876 755 2932 per
779 2876 959 2915 unum
986 2858 1210 2933 impleri
1236 2877 1352 2915 non
1379 2853 1720 2934 possunt.”²

602 2960 700 3011 32.
749 2954 1136 3015 Continentia
1163 2966 1391 3015 vocatur
1419 2957 1514 3015 illa
1555 2958 1729 3015 animi
1756 2960 1931 3015 virtus
1975 2976 2089 3029 qua
2128 2958 2577 3033 comprimuntur
2604 2972 2698 3013 cu-

522 3054 805 3128 piditates,
848 3065 905 3113 et
945 3065 1196 3112 servatur
1237 3057 1497 3114 castitas:
1542 3057 1793 3133 perfecta
1832 3058 2179 3116 continentia
2218 3076 2346 3117 cum
2388 3056 2700 3131 virginitate

524 3154 923 3232 conjungitur:
981 3156 1173 3213 minus
1215 3155 1462 3231 perfecta
1487 3166 1713 3213 coercet
1750 3156 2087 3233 cupiditates
2129 3158 2272 3214 intra
2313 3156 2457 3232 legis
2484 3152 2701 3211 'divinae

524 3251 764 3311 limites:
811 3263 848 3290 ‘⁶
869 3254 1296 3312 Delectationes
1345 3274 1723 3313 venei-eorum
1759 3266 1891 3313 sunt
1928 3256 2379 3315 vehementiores
2408 3272 2579 3328 quam
2608 3251 2704 3309 de-

505 3339 844 3411 lectationes
897 3354 1174 3413 ciborum.
1259 3354 1341 3412 Et
1381 3354 1520 3417 ,ideo
1572 3354 1721 3411 circa
1773 3373 2015 3413 venerea
2068 3356 2248 3432 magis
2294 3352 2695 3413 consuevimus

525 3452 928 3511 continentiam
955 3462 1013 3509 et
1048 3454 1514 3512 incontinentiam
1561 3453 1771 3522 dicere,
1811 3473 1983 3526 quam
2022 3455 2173 3511 circa
2208 3454 2401 3513 cibosz
2444 3453 2581 3511 licet
2616 3467 2703 3507 se·

526 3550 776 3611 cundum
803 3552 1226 3629 Philosophum
1253 3553 1402 3611 circa
1426 3563 1729 3625 utrumque
1756 3554 1937 3629 possit
1964 3544 2173 3611 dici.”³

1236 3774 1286 3849 §.
1318 3773 1424 3831 IV.
1507 3772 1605 3830 DE
1648 3774 1997 3832 Mones-m.

611 3961 710 4015 33.
755 3955 1046 4014 Modestia
1071 3957 1245 4013 virtus
1273 3956 1476 4015 dicitur
1501 3977 1631 4031 quae
1660 3957 1890 4017 modum
1918 3968 2107 4017 servat
2130 3960 2190 4017 in
2218 3959 2469 4035 gestibus
2510 3967 2567 4015 et
2592 3976 2712 4017 mo·

530 4055 704 4123 tibus„
746 4064 802 4112 et
827 4056 1097 4112 vestibus.
1202 4054 1480 4112 Habenda
1524 4065 1612 4115 est
1658 4058 1800 4116 ratio
1850 4076 2047 4127 sexus,
2102 4059 2299 4126 aetatis,
2344 4056 2709 4123 conditionis,

615 4233 699 4298 (1)
739 4235 786 4280 2.
810 4235 858 4279 2.
873 4246 955 4294 qu.
977 4230 1071 4279 clii.
1094 4235 1178 4278 art.
1202 4228 1250 4278 ii.
1320 4228 1472 4297 Resp.
1903 4234 1989 4299 (2)
2031 4232 2228 4283 Ibidem.
2299 4232 2648 4301 Adprimum.

1035 4316 1129 4381 (3)
1173 4315 1371 4374 Ibidem,
1392 4331 1472 4379 qu.
1495 4316 1587 4365 clv.
1606 4322 1691 4365 art.
1713 4317 1762 4366 ii.
1832 4315 1919 4367 Ad
1936 4322 2193 4383 quartum.
