3117 5217
1283 549 1396 608 DE
1441 550 1741 609 USURA.
2496 555 2605 610 181

1067 836 1118 909 §.
1161 834 1270 893 111.
1313 834 1410 893 Da
1452 853 1755 893 AucTAmo
1784 853 1982 893 mmo.

511 1040 610 1093 95.
657 1036 746 1093 Ad
785 1054 886 1093 eos
927 1035 1080 1108 quod
1109 1037 1304 1094 attinet
1341 1037 1440 1109 qui
1480 1037 1767 1095 excedunt
1790 1036 2011 1094 lucrum
2040 1058 2073 1094 a
2109 1038 2235 1114 lege
2271 1036 2619 1108 definitum,¹

435 1134 586 1192 haud
625 1134 788 1192 facile
836 1137 908 1193 iis
942 1135 1290 1193 credendum
1326 1137 1571 1193 rationes
1623 1136 1828 1207 quibus
1854 1136 2191 1204 vindicetur,
2220 1138 2616 1214 allegantibus·

434 1232 541 1291 Jus
583 1234 892 1291 auctarium
931 1235 1115 1310 majus
1169 1233 1500 1310 recipiendi,
1543 1235 1723 1310 repeti
1764 1252 1933 1309 posse
1959 1236 2383 1312 ‘existimamus
2426 1257 2503 1295 ex
2552 1237 2617 1295 li-

437 1333 572 1389 bero
619 1332 1069 1389 contrahentium
1112 1351 1414 1390 consensu.
1499 1332 1665 1390 Patet
1690 1352 2029 1392 consensum
2048 1335 2208 1393 illum
2228 1335 2473 1393 liberum
2500 1356 2619 1396 non

441 1448 590 1497 esse,
621 1431 842 1501 quoties
871 1432 1048 1488 oritur
1066 1450 1140 1488 ex
1167 1440 1402 1507 angusta
1427 1450 1508 1500 re,
1539 1440 1597 1489 et
1621 1432 1814 1507 magni
1836 1430 2028 1491 damni
2048 1434 2332 1509 pericu103
2363 1436 2623 1507 quamvis

441 1530 593 1586 enim
624 1530 752 1599 quis
781 1548 991 1605 magna
1011 1548 1140 1586 cum
1171 1530 1344 1587 animi
1372 1530 1655 1605 voluptate
1681 1540 1940 1588 mutuum
1968 1541 2238 1607 acceptet,
2268 1550 2382 1603 quo
2419 1535 2624 1611 eripia-

440 1638 547 1694 tur,
576 1626 714 1684 illud
741 1628 892 1695 facit,
915 1629 1252 1685 necessitate
1279 1646 1390 1700 qua
1414 1628 1629 1687 laborat
1668 1628 1917 1686 adactus.
2004 1629 2174 1688 Aliud
2214 1630 2388 1690 videri
2430 1643 2627 1710 posset

441 1725 669 1799 quando
696 1725 838 1783 lucri
881 1727 1110 1803 majoris
1143 1727 1345 1784 intuitu
1385 1726 1514 1784 laeto
1553 1728 1746 1785 animo
1790 1728 1999 1803 accipit
2032 1738 2309 1797 mutuum,
2350 1732 2503 1789 nulla
2541 1733 2627 1790 rei

441 1824 734 1883 familiaris
775 1825 1034 1903 angustia
1072 1834 1331 1902 cogente.
1416 1823 1706 1898 Equidem
1746 1845 1901 1902 saepe
1942 1846 2016 1884 ex
2041 1838 2276 1900 utraque
2302 1840 2458 1903 parte
2485 1830 2628 1887 liber

443 1933 530 1981 est
572 1926 922 1992 consensum
964 1923 1064 1980 sed
1103 1933 1328 2000 pactum
1362 1922 1582 1981 videtur
1625 1935 1821 1982 contra·
1860 1927 2043 1984 bonos
2087 1909 2297 1992 moreS,
2344 1940 2401 1985 et
2444 1930 2625 2007 legeS,

444 2022 688 2093 ideoque
727 2022 1168 2100 reprobandum.
1254 2022 1423 2089 Quod
1465 2024 1518 2080 si
1557 2021 1629 2080 de
1670 2024 1839 2099 plena
1864 2024 2149 2083 voluntate
2178 2028 2627 2085 contrahentium

447 2130 688 2190 constet,
719 2122 1033 2197 praesertim
1059 2132 1192 2199 post
1217 2122 1442 2199 negotia
1471 2131 1765 2189 transacta,
1794 2124 1893 2195 qui
1920 2142 2149 2181 usuram
2178 2127 2397 2201 accepit
2416 2128 2514 2183 vix
2542 2136 2631 2183 est

447 2220 516 2277 ad
540 2220 952 2278 restitutionem
977 2220 1308 2297 cogendus3
1350 2238 1665 2278 consensus
1694 2221 1847 2278 enim
1875 2222 2075 2279 vitium
2102 2221 2244 2279 tituli
2267 2234 2444 2281 sanat.
2530 2224 2630 2283 Sic

449 2317 752 2390 aliquando
779 2320 1018 2395 contigit
1043 2318 1309 2377 colonum
1339 2321 1629 2397 accepisse
1657 2338 1690 2375 a
1716 2330 2025 2377 mercatore
2060 2320 2155 2378 cui
2192 2332 2447 2379 mutuam
2476 2321 2633 2381 dedit

447 2418 768 2495 pecuniam,
797 2430 1009 2477 sortem
1049 2437 1178 2476 cum
1220 2416 1419 2475 decem
1457 2435 1561 2491 pro
1600 2428 1848 2485 centum,
1878 2429 2009 2495 post
2042 2433 2287 2477 annum:
2333 2419 2627 2499 deincepS,

447 2516 796 2575 confessario
841 2514 1136 2583 suadente,
1173 2534 1304 2573 eum
1351 2514 1583 2581 adiisse,
1619 2509 1677 2572 et
1712 2534 2016 2574 excessum
2056 2519 2286 2574 auctarii
2322 2520 2629 2587 obtulisse;

451 2627 620 2688 quem
649 2616 786 2672 alter
809 2614 991 2673 noluit
1025 2615 1302 2690 accipere,
1331 2632 1394 2669 se
1431 2614 1609 2671 libere
1636 2611 1861 2671 dedisse
1901 2614 2214 2699 affirmans,
2244 2625 2300 2672 et
2324 2615 2495 2673 fidem
2532 2618 2631 2676 fal·
2703 2684 2714 2695 ,

448 2716 564 2773 lere
591 2715 798 2791 probro
824 2714 1060 2771 ducens.

526 2817 624 2872 96.
667 2809 976 2887 Temporis
1003 2810 1197 2869 dilatio
1217 2812 1364 2869 inter
1379 2811 1568 2887 justos
1596 2810 1791 2869 titulos
1820 2809 2035 2883 aliquid
2061 2830 2234 2888 supra
2252 2821 2467 2870 sortem
2488 2814 2632 2885 acci-

448 2911 645 2989 piendi
683 2920 1026 2975 recensetur,
1067 2911 1290 2981 quoties
1329 2928 1460 2965 cum
1499 2908 1827 2967 discrimine
1874 2910 2064 2983 aliquo
2103 2911 2195 2968 vel
2235 2911 2457 2988 jactura
2495 2932 2631 2971 con-

441 3011 736 3087 jungitur:
767 3006 865 3064 sed
896 3026 1071 3080 quum
1099 3009 1158 3065 in
1185 3008 1344 3065 omni
1369 3016 1568 3065 mutuo
1596 3008 1855 3080 quaedam
1884 3008 2078 3067 dilatio
2118 3010 2211 3076 sit,
2248 3009 2447 3069 merito
2476 3011 2631 3071 dam-

452 3121 582 3167 nata
607 3117 694 3164 est
718 3107 1030 3183 propositio
1059 3106 1342 3164 affirmans
1370 3106 1682 3165 universim
1720 3106 1912 3174 licere,
1940 3109 2013 3165 ob
2042 3108 2443 3185 obligationem
2481 3108 2633 3167 haud
2678 3148 2681 3153 -

456 3206 747 3285 repetendi
768 3215 979 3265 sortem
997 3224 1180 3278 usque
1201 3204 1270 3262 ad
1291 3214 1504 3263 certum
1529 3214 1640 3263 tem
1646 3224 1774 3282 puS‚
1796 3207 2101 3265 auctarium
2126 3209 2389 3283 exigere:
2424 3217 2463 3243 ‘⁶
2482 3208 2634 3267 Lici·

453 3318 570 3365 tum
597 3315 688 3365 est
711 3306 986 3364 mutuanti
1015 3304 1226 3376 aliquid
1267 3305 1409 3384 ultra
1446 3314 1657 3363 sortem
1697 3305 1950 3381 exigere,
1978 3306 2028 3362 si
2066 3324 2129 3361 se
2170 3307 2383 3382 obliget
2407 3306 2477 3364 ad
2518 3326 2633 3366 non

457 3529 596 3579 made
619 3530 736 3577 aiter
755 3528 837 3577 the
857 3527 1053 3577 imerest
1067 3524 1157 3574 has
1177 3525 1373 3574 become
1395 3523 1520 3583 due3
1545 3524 1643 3573 and
1663 3530 1797 3573 must
1810 3525 1870 3573 be
1882 3524 2204 3590 prospectioe,
2220 3510 2327 3572 that
2338 3524 2423 3572 the
2439 3525 2636 3574 niterent

456 3612 575 3664 then
596 3614 706 3672 due,
730 3611 852 3661 shall
874 3626 1010 3673 carry
1031 3610 1241 3658 interest.
1309 3609 1394 3657 An
1417 3607 1619 3668 original
1654 3612 1943 3668 agreement,
1964 3606 2070 3654 that
2089 3606 2136 3654 if
2161 3606 2243 3655 the
2266 3606 2463 3654 interest
2483 3607 2525 3654 is
2548 3615 2637 3657 not

457 3698 572 3763 pnid
591 3704 642 3746 at
659 3698 744 3745 the
765 3696 881 3745 time
903 3696 942 3743 it
963 3694 1086 3742 shall
1106 3694 1166 3740 be
1187 3692 1298 3750 due,
1315 3691 1354 3739 it
1375 3692 1498 3739 shall
1520 3706 1657 3753 carry
1671 3691 1881 3749 interest,
1896 3690 2084 3750 though
2102 3690 2140 3737 it
2153 3689 2318 3738 would
2330 3696 2418 3737 not
2432 3698 2634 3740 amount

458 3789 508 3831 to
530 3798 680 3844 usur-y
703 3796 759 3829 so
789 3795 844 3827 as
875 3786 926 3827 to
947 3776 1117 3827 render
1138 3776 1220 3823 the
1241 3775 1455 3823 contract
1475 3773 1742 3823 connected
1762 3772 1884 3821 with
1917 3772 1955 3822 it
1975 3772 2135 3834 illegal
2158 3773 2253 3821 and
2275 3772 2401 3833 void,
2435 3780 2520 3837 yet
2551 3775 2634 3825 the
2722 3779 2725 3781 ’

462 3873 598 3929 party
623 3870 804 3913 cannot
821 3878 1014 3911 recover
1034 3863 1158 3913 such
1178 3863 1376 3911 interest
1396 3861 1548 3910 either
1570 3866 1621 3907 at
1641 3859 1751 3919 law,
1766 3874 1820 3907 or
1840 3858 1895 3907 in
1916 3856 2130 3921 equity.’'
2198 3856 2450 3911 Purdon'o
2463 3859 2635 3921 Digest

466 3948 523 3995 of
537 3947 620 3995 the
642 3949 760 3996 laws
782 3946 839 3995 of
853 3946 1233 4009 Pennsylvania,
1256 3952 1344 3994 art.
1370 3945 1599 3994 Interest.
1669 3942 1831 3993 Notes.
2612 3964 2623 3971 --

538 4034 622 4097 (1)
661 4032 690 4079 J
693 4031 892 4079 eremias
915 4030 1160 4079 Bentham
1181 4030 1311 4092 apud
1335 4029 1524 4091 Anglos
1546 4034 1713 4077 contra
1734 4028 1864 4089 leges
1885 4026 2059 4091 quibus
2091 4028 2246 4077 nimia
2277 4034 2463 4078 vetatur
2495 4046 2642 4079 usura

465 4114 702 4172 disseruit,
724 4130 864 4177 opere
887 4114 1017 4177 quod
1038 4129 1168 4163 anno
1206 4116 1332 4161 1816
1357 4114 1532 4163 iterum
1553 4112 1742 4177 prodiit,
1766 4119 1823 4161 ut
1842 4113 2185 4161 demonstraret
2198 4130 2280 4163 eas
2297 4114 2351 4163 in
2372 4130 2641 4177 pauperum

467 4212 740 4263 gravamen,
756 4196 1028 4245 commercii
1049 4196 1406 4257 detrimentum,
1421 4204 1470 4245 et
1487 4212 1645 4246 usurae
1662 4196 1865 4260 palliatae
1889 4202 2204 4256 augmentum
2220 4196 2399 4245 cedere.
2434 4196 2640 4245 Plurimi

467 4282 522 4335 in
541 4285 636 4333 hac
657 4282 852 4344 regione
872 4298 956 4331 eas
975 4282 1079 4331 tolli
1101 4282 1320 4347 cupiunt,
1342 4298 1449 4346 quae
1469 4298 1635 4331 revera
1654 4282 1739 4331 vix
1760 4288 1975 4345 prosunt,
1998 4297 2151 4344 quum
2184 4283 2467 4346 plerumque
2488 4282 2639 4342 negli-
2678 4277 2712 4291 ”’

467 4376 656 4433 gantur.
727 4366 968 4435 Caeterum
990 4373 1190 4417 eatenus
1223 4368 1492 4418 inserviunt
1510 4374 1569 4416 ut
1602 4367 1835 4416 damnum
1858 4368 1933 4416 vel
1957 4356 2079 4416 lucri
2110 4367 2306 4416 amissio
2339 4365 2641 4430 probabiliter

467 4455 724 4509 estimetur
745 4468 810 4501 ex
831 4467 890 4500 eo
912 4452 1042 4516 quod
1064 4452 1384 4503 communiter
1403 4450 1657 4512 contingit.

626 4550 779 4607 Vor„
823 4548 1069 4608 11.—17
1114 4607 1118 4611 ,
