<?xml version="1.0" encoding="UTF-8"?>
<!DOCTYPE html PUBLIC "-//W3C//DTD XHTML 1.0 Transitional//EN"
    "http://www.w3.org/TR/xhtml1/DTD/xhtml1-transitional.dtd">
<html xmlns="http://www.w3.org/1999/xhtml" xml:lang="en" lang="en">
 <head>
  <title>
</title>
<meta http-equiv="Content-Type" content="text/html;charset=utf-8" />
  <meta name='ocr-system' content='tesseract 3.04.00' />
  <meta name='ocr-capabilities' content='ocr_page ocr_carea ocr_par ocr_line ocrx_word'/>
</head>
<body>
  <div class='ocr_page' id='page_1' title='image "./theologiaemoral00unkngoog_0253.png"; bbox 0 0 3117 5217; ppageno 0'>
   <div class='ocr_carea' id='block_1_1' title="bbox 1107 542 2629 603">
    <p class='ocr_par' dir='ltr' id='par_1_1' title="bbox 1107 542 2629 603">
     <span class='ocr_line' id='line_1_1' title="bbox 1107 542 2629 603; baseline 0 -2"><span class='ocrx_word' id='word_1_1' title='bbox 1107 542 1220 601; x_wconf 92' lang='lat' dir='ltr'>DE</span> <span class='ocrx_word' id='word_1_2' title='bbox 1263 543 1970 603; x_wconf 84' lang='lat' dir='ltr'>SUPERSTITIONE.</span> <span class='ocrx_word' id='word_1_3' title='bbox 2418 584 2426 587; x_wconf 87' lang='lat'><em>-</em></span> <span class='ocrx_word' id='word_1_4' title='bbox 2510 546 2629 601; x_wconf 84' lang='lat'>239</span> 
     </span>
    </p>
   </div>
   <div class='ocr_carea' id='block_1_2' title="bbox 401 710 2640 3764">
    <p class='ocr_par' dir='ltr' id='par_1_2' title="bbox 401 710 2640 1872">
     <span class='ocr_line' id='line_1_2' title="bbox 455 710 2640 787; baseline -0 -20"><span class='ocrx_word' id='word_1_5' title='bbox 455 720 633 768; x_wconf 88' lang='lat' dir='ltr'>turam</span> <span class='ocrx_word' id='word_1_6' title='bbox 662 728 770 785; x_wconf 92' lang='lat' dir='ltr'>ope</span> <span class='ocrx_word' id='word_1_7' title='bbox 797 710 1074 768; x_wconf 67' lang='lat' dir='ltr'>daemonis</span> <span class='ocrx_word' id='word_1_8' title='bbox 1103 712 1466 787; x_wconf 87' lang='lat' dir='ltr'>contingere:</span> <span class='ocrx_word' id='word_1_9' title='bbox 1499 710 1600 767; x_wconf 91' lang='lat' dir='ltr'>sed</span> <span class='ocrx_word' id='word_1_10' title='bbox 1619 710 1695 779; x_wconf 89' lang='lat' dir='ltr'>id,</span> <span class='ocrx_word' id='word_1_11' title='bbox 1720 712 1849 769; x_wconf 92' lang='lat' dir='ltr'>Deo</span> <span class='ocrx_word' id='word_1_12' title='bbox 1868 713 1944 769; x_wconf 89' lang='lat' dir='ltr'>ita</span> <span class='ocrx_word' id='word_1_13' title='bbox 1964 710 2339 787; x_wconf 74' lang='lat' dir='ltr'><strong>permittente,</strong></span> <span class='ocrx_word' id='word_1_14' title='bbox 2358 728 2640 767; x_wconf 86' lang='lat' dir='ltr'>nonnum·</span> 
     </span>
     <span class='ocr_line' id='line_1_3' title="bbox 458 809 2637 886; baseline -0 -20"><span class='ocrx_word' id='word_1_15' title='bbox 458 829 628 881; x_wconf 86' lang='lat' dir='ltr'>quam</span> <span class='ocrx_word' id='word_1_16' title='bbox 655 810 982 886; x_wconf 81' lang='lat' dir='ltr'><strong>contigisse,</strong></span> <span class='ocrx_word' id='word_1_17' title='bbox 1012 819 1173 867; x_wconf 83' lang='lat' dir='ltr'>extra</span> <span class='ocrx_word' id='word_1_18' title='bbox 1197 828 1429 867; x_wconf 83' lang='lat' dir='ltr'>omnem</span> <span class='ocrx_word' id='word_1_19' title='bbox 1457 809 1817 870; x_wconf 87' lang='lat' dir='ltr'>dubitationis</span> <span class='ocrx_word' id='word_1_20' title='bbox 1847 812 2013 868; x_wconf 87' lang='lat' dir='ltr'>aliam</span> <span class='ocrx_word' id='word_1_21' title='bbox 2030 810 2289 884; x_wconf 77' lang='lat' dir='ltr'>&#39;positum</span> <span class='ocrx_word' id='word_1_22' title='bbox 2312 826 2637 867; x_wconf 87' lang='lat' dir='ltr'>censemus.</span> 
     </span>
     <span class='ocr_line' id='line_1_4' title="bbox 456 907 2639 985; baseline 0 -22"><span class='ocrx_word' id='word_1_23' title='bbox 456 908 543 976; x_wconf 85' lang='lat' dir='ltr'>Si,</span> <span class='ocrx_word' id='word_1_24' title='bbox 585 928 644 965; x_wconf 87' lang='lat' dir='ltr'>re</span> <span class='ocrx_word' id='word_1_25' title='bbox 683 909 786 965; x_wconf 89' lang='lat' dir='ltr'>rite</span> <span class='ocrx_word' id='word_1_26' title='bbox 830 909 1144 985; x_wconf 88' lang='lat' dir='ltr'>explorata,</span> <span class='ocrx_word' id='word_1_27' title='bbox 1175 908 1514 967; x_wconf 86' lang='lat' dir='ltr'>maleficium</span> <span class='ocrx_word' id='word_1_28' title='bbox 1554 920 1829 985; x_wconf 89' lang='lat' dir='ltr'>patratum</span> <span class='ocrx_word' id='word_1_29' title='bbox 1873 908 2146 973; x_wconf 87' lang='lat' dir='ltr'>videatur,</span> <span class='ocrx_word' id='word_1_30' title='bbox 2174 908 2527 966; x_wconf 87' lang='lat' dir='ltr'>orationibus</span> <span class='ocrx_word' id='word_1_31' title='bbox 2568 907 2639 963; x_wconf 88' lang='lat' dir='ltr'>ad</span> 
     </span>
     <span class='ocr_line' id='line_1_5' title="bbox 456 1007 2639 1086; baseline -0.001 -23"><span class='ocrx_word' id='word_1_32' title='bbox 456 1007 667 1086; x_wconf 61' lang='lat' dir='ltr'>Deum,</span> <span class='ocrx_word' id='word_1_33' title='bbox 697 1008 1194 1067; x_wconf 85' lang='lat' dir='ltr'>Sacramentorum</span> <span class='ocrx_word' id='word_1_34' title='bbox 1221 1008 1426 1066; x_wconf 88' lang='lat' dir='ltr'>devota</span> <span class='ocrx_word' id='word_1_35' title='bbox 1444 1010 1789 1084; x_wconf 82' lang='lat' dir='ltr'>receptione,</span> <span class='ocrx_word' id='word_1_36' title='bbox 1814 1009 2053 1081; x_wconf 89' lang='lat' dir='ltr'>aliisque</span> <span class='ocrx_word' id='word_1_37' title='bbox 2081 1008 2309 1083; x_wconf 89' lang='lat' dir='ltr'>pietatis</span> <span class='ocrx_word' id='word_1_38' title='bbox 2332 1008 2639 1072; x_wconf 85' lang='lat' dir='ltr'>exercitiis,</span> 
     </span>
     <span class='ocr_line' id='line_1_6' title="bbox 455 1104 2637 1183; baseline -0.001 -20"><span class='ocrx_word' id='word_1_39' title='bbox 455 1104 765 1163; x_wconf 88' lang='lat' dir='ltr'>tollendum</span> <span class='ocrx_word' id='word_1_40' title='bbox 811 1108 950 1175; x_wconf 81' lang='lat' dir='ltr'>erit3</span> <span class='ocrx_word' id='word_1_41' title='bbox 997 1108 1134 1179; x_wconf 88' lang='lat' dir='ltr'>quin</span> <span class='ocrx_word' id='word_1_42' title='bbox 1179 1107 1247 1164; x_wconf 91' lang='lat' dir='ltr'>ad</span> <span class='ocrx_word' id='word_1_43' title='bbox 1293 1109 1491 1165; x_wconf 89' lang='lat' dir='ltr'>inanes</span> <span class='ocrx_word' id='word_1_44' title='bbox 1538 1110 2080 1183; x_wconf 87' lang='lat' dir='ltr'>superstitiososque</span> <span class='ocrx_word' id='word_1_45' title='bbox 2121 1108 2263 1164; x_wconf 89' lang='lat' dir='ltr'>ritus</span> <span class='ocrx_word' id='word_1_46' title='bbox 2307 1115 2637 1164; x_wconf 84' lang='lat' dir='ltr'>recurratur.</span> 
     </span>
     <span class='ocr_line' id='line_1_7' title="bbox 453 1203 2639 1283; baseline -0 -21"><span class='ocrx_word' id='word_1_47' title='bbox 453 1205 582 1262; x_wconf 88' lang='lat' dir='ltr'>Hos</span> <span class='ocrx_word' id='word_1_48' title='bbox 609 1203 760 1280; x_wconf 78' lang='lat' dir='ltr'>apud</span> <span class='ocrx_word' id='word_1_49' title='bbox 790 1207 1094 1282; x_wconf 88' lang='lat' dir='ltr'>mancipia,</span> <span class='ocrx_word' id='word_1_50' title='bbox 1117 1206 1371 1278; x_wconf 83' lang='lat' dir='ltr'>aliosque</span> <span class='ocrx_word' id='word_1_51' title='bbox 1397 1204 1586 1273; x_wconf 77' lang='lat' dir='ltr'>rudeS‚</span> <span class='ocrx_word' id='word_1_52' title='bbox 1612 1207 1773 1266; x_wconf 85' lang='lat' dir='ltr'>facile</span> <span class='ocrx_word' id='word_1_53' title='bbox 1790 1208 2035 1283; x_wconf 89' lang='lat' dir='ltr'>reperire</span> <span class='ocrx_word' id='word_1_54' title='bbox 2055 1216 2158 1263; x_wconf 90' lang='lat' dir='ltr'>est.</span> <span class='ocrx_word' id='word_1_55' title='bbox 2243 1204 2535 1277; x_wconf 83' lang='lat' dir='ltr'>Quidquid</span> <span class='ocrx_word' id='word_1_56' title='bbox 2564 1204 2639 1260; x_wconf 89' lang='lat' dir='ltr'>sit</span> 
     </span>
     <span class='ocr_line' id='line_1_8' title="bbox 401 1298 2631 1390; baseline 0 -29"><span class='ocrx_word' id='word_1_57' title='bbox 401 1298 521 1390; x_wconf 26' lang='lat' dir='ltr'>&#39;&#39;de</span> <span class='ocrx_word' id='word_1_58' title='bbox 560 1305 644 1361; x_wconf 87' lang='lat' dir='ltr'>rei</span> <span class='ocrx_word' id='word_1_59' title='bbox 684 1306 939 1371; x_wconf 88' lang='lat' dir='ltr'>veritate,</span> <span class='ocrx_word' id='word_1_60' title='bbox 983 1316 1170 1363; x_wconf 89' lang='lat' dir='ltr'>utrum</span> <span class='ocrx_word' id='word_1_61' title='bbox 1212 1305 1434 1363; x_wconf 89' lang='lat' dir='ltr'>scilicet</span> <span class='ocrx_word' id='word_1_62' title='bbox 1477 1304 1747 1364; x_wconf 79' lang='lat' dir='ltr'>habeatur</span> <span class='ocrx_word' id='word_1_63' title='bbox 1792 1306 2018 1379; x_wconf 85' lang='lat' dir='ltr'>aliquod</span> <span class='ocrx_word' id='word_1_64' title='bbox 2058 1307 2461 1363; x_wconf 83' lang='lat' dir='ltr'>commercium</span> <span class='ocrx_word' id='word_1_65' title='bbox 2504 1322 2631 1361; x_wconf 88' lang='lat' dir='ltr'>cum</span> 
     </span>
     <span class='ocr_line' id='line_1_9' title="bbox 453 1404 2635 1483; baseline 0 -24"><span class='ocrx_word' id='word_1_66' title='bbox 453 1404 712 1461; x_wconf 86' lang='lat' dir='ltr'>daemone</span> <span class='ocrx_word' id='word_1_67' title='bbox 742 1405 809 1460; x_wconf 91' lang='lat' dir='ltr'>ab</span> <span class='ocrx_word' id='word_1_68' title='bbox 837 1404 926 1460; x_wconf 89' lang='lat' dir='ltr'>his</span> <span class='ocrx_word' id='word_1_69' title='bbox 968 1405 1066 1476; x_wconf 89' lang='lat' dir='ltr'>qui</span> <span class='ocrx_word' id='word_1_70' title='bbox 1103 1404 1512 1462; x_wconf 89' lang='lat' dir='ltr'>divinationem</span> <span class='ocrx_word' id='word_1_71' title='bbox 1552 1406 1867 1483; x_wconf 89' lang='lat' dir='ltr'>magiamve</span> <span class='ocrx_word' id='word_1_72' title='bbox 1910 1405 2260 1481; x_wconf 86' lang='lat' dir='ltr'>profitentur,</span> <span class='ocrx_word' id='word_1_73' title='bbox 2289 1412 2509 1461; x_wconf 89' lang='lat' dir='ltr'>constat</span> <span class='ocrx_word' id='word_1_74' title='bbox 2534 1422 2635 1461; x_wconf 89' lang='lat' dir='ltr'>eos</span> 
     </span>
     <span class='ocr_line' id='line_1_10' title="bbox 453 1503 2635 1581; baseline 0 -23"><span class='ocrx_word' id='word_1_75' title='bbox 453 1503 646 1560; x_wconf 86' lang='lat' dir='ltr'>fovere</span> <span class='ocrx_word' id='word_1_76' title='bbox 691 1504 1168 1577; x_wconf 83' lang='lat' dir='ltr'>superstitionem,</span> <span class='ocrx_word' id='word_1_77' title='bbox 1202 1522 1271 1561; x_wconf 84' lang='lat' dir='ltr'>ea</span> <span class='ocrx_word' id='word_1_78' title='bbox 1315 1503 1486 1581; x_wconf 87' lang='lat' dir='ltr'>vulgo</span> <span class='ocrx_word' id='word_1_79' title='bbox 1522 1505 1731 1580; x_wconf 86' lang='lat' dir='ltr'>injecta</span> <span class='ocrx_word' id='word_1_80' title='bbox 1772 1505 2063 1581; x_wconf 87' lang='lat' dir='ltr'>opinione,</span> <span class='ocrx_word' id='word_1_81' title='bbox 2103 1513 2159 1560; x_wconf 89' lang='lat' dir='ltr'>et</span> <span class='ocrx_word' id='word_1_82' title='bbox 2195 1522 2380 1561; x_wconf 86' lang='lat' dir='ltr'>mores</span> <span class='ocrx_word' id='word_1_83' title='bbox 2420 1503 2635 1571; x_wconf 86' lang='lat' dir='ltr'>vitiare,</span> 
     </span>
     <span class='ocr_line' id='line_1_11' title="bbox 455 1603 2637 1679; baseline 0 -21"><span class='ocrx_word' id='word_1_84' title='bbox 455 1610 798 1677; x_wconf 87' lang='lat' dir='ltr'>quapropter</span> <span class='ocrx_word' id='word_1_85' title='bbox 815 1603 1134 1678; x_wconf 87' lang='lat' dir='ltr'>justissime</span> <span class='ocrx_word' id='word_1_86' title='bbox 1161 1603 1379 1679; x_wconf 88' lang='lat' dir='ltr'>legibus</span> <span class='ocrx_word' id='word_1_87' title='bbox 1406 1603 1543 1660; x_wconf 89' lang='lat' dir='ltr'>olim</span> <span class='ocrx_word' id='word_1_88' title='bbox 1572 1604 1990 1661; x_wconf 81' lang='lat' dir='ltr'>coercebantur.</span> <span class='ocrx_word' id='word_1_89' title='bbox 2052 1603 2157 1660; x_wconf 75' lang='lat' dir='ltr'>‘Ex</span> <span class='ocrx_word' id='word_1_90' title='bbox 2177 1603 2509 1677; x_wconf 80' lang='lat' dir='ltr'>impunitate</span> <span class='ocrx_word' id='word_1_91' title='bbox 2524 1619 2637 1673; x_wconf 89' lang='lat' dir='ltr'>qua</span> 
     </span>
     <span class='ocr_line' id='line_1_12' title="bbox 452 1700 2632 1778; baseline -0 -20"><span class='ocrx_word' id='word_1_92' title='bbox 452 1700 702 1775; x_wconf 88' lang='lat' dir='ltr'>gaudent</span> <span class='ocrx_word' id='word_1_93' title='bbox 729 1702 782 1757; x_wconf 92' lang='lat' dir='ltr'>in</span> <span class='ocrx_word' id='word_1_94' title='bbox 813 1702 1134 1777; x_wconf 86' lang='lat' dir='ltr'>regionibus</span> <span class='ocrx_word' id='word_1_95' title='bbox 1163 1702 1593 1760; x_wconf 88' lang='lat' dir='ltr'>Protestanticis</span> <span class='ocrx_word' id='word_1_96' title='bbox 1616 1703 1679 1759; x_wconf 91' lang='lat' dir='ltr'>fit</span> <span class='ocrx_word' id='word_1_97' title='bbox 1696 1712 1758 1760; x_wconf 91' lang='lat' dir='ltr'>ut</span> <span class='ocrx_word' id='word_1_98' title='bbox 1783 1703 2027 1778; x_wconf 90' lang='lat' dir='ltr'>pecunia</span> <span class='ocrx_word' id='word_1_99' title='bbox 2048 1701 2280 1759; x_wconf 86' lang='lat' dir='ltr'>ancillas</span> <span class='ocrx_word' id='word_1_100' title='bbox 2303 1712 2632 1777; x_wconf 86' lang='lat' dir='ltr'>emungant,</span> 
     </span>
     <span class='ocr_line' id='line_1_13' title="bbox 444 1794 2087 1872; baseline 0 -15"><span class='ocrx_word' id='word_1_101' title='bbox 444 1810 506 1857; x_wconf 86' lang='lat' dir='ltr'>et</span> <span class='ocrx_word' id='word_1_102' title='bbox 533 1800 682 1858; x_wconf 83' lang='lat' dir='ltr'>soeda</span> <span class='ocrx_word' id='word_1_103' title='bbox 708 1818 1117 1872; x_wconf 88' lang='lat' dir='ltr'>nonnunquam</span> <span class='ocrx_word' id='word_1_104' title='bbox 1143 1800 1368 1868; x_wconf 86' lang='lat' dir='ltr'>faciant,</span> <span class='ocrx_word' id='word_1_105' title='bbox 1397 1802 1488 1858; x_wconf 87' lang='lat' dir='ltr'>vel</span> <span class='ocrx_word' id='word_1_106' title='bbox 1516 1800 1759 1859; x_wconf 89' lang='lat' dir='ltr'>doceant</span> <span class='ocrx_word' id='word_1_107' title='bbox 1783 1794 2087 1859; x_wconf 80' lang='lat' dir='ltr'>facienda.¹</span> 
     </span>
    </p>

    <p class='ocr_par' dir='ltr' id='par_1_3' title="bbox 445 1897 2639 3764">
     <span class='ocr_line' id='line_1_14' title="bbox 530 1897 2639 1975; baseline 0 -20"><span class='ocrx_word' id='word_1_108' title='bbox 530 1903 627 1956; x_wconf 85' lang='lat'>51.</span> <span class='ocrx_word' id='word_1_109' title='bbox 681 1898 959 1957; x_wconf 82' lang='lat' dir='ltr'>Tentatio</span> <span class='ocrx_word' id='word_1_110' title='bbox 987 1897 1107 1957; x_wconf 79' lang='lat' dir='ltr'>Dei</span> <span class='ocrx_word' id='word_1_111' title='bbox 1133 1899 1216 1967; x_wconf 87' lang='lat' dir='ltr'>fit,</span> <span class='ocrx_word' id='word_1_112' title='bbox 1245 1900 1474 1971; x_wconf 85' lang='lat' dir='ltr'>quando</span> <span class='ocrx_word' id='word_1_113' title='bbox 1501 1901 1630 1974; x_wconf 90' lang='lat' dir='ltr'>quis</span> <span class='ocrx_word' id='word_1_114' title='bbox 1660 1900 1929 1958; x_wconf 88' lang='lat' dir='ltr'>subsidiis</span> <span class='ocrx_word' id='word_1_115' title='bbox 1958 1919 2082 1973; x_wconf 85' lang='lat' dir='ltr'>quae</span> <span class='ocrx_word' id='word_1_116' title='bbox 2103 1908 2309 1975; x_wconf 86' lang='lat' dir='ltr'>praesto</span> <span class='ocrx_word' id='word_1_117' title='bbox 2350 1908 2481 1956; x_wconf 88' lang='lat' dir='ltr'>sunt</span> <span class='ocrx_word' id='word_1_118' title='bbox 2504 1918 2639 1975; x_wconf 89' lang='lat' dir='ltr'>neg·</span> 
     </span>
     <span class='ocr_line' id='line_1_15' title="bbox 449 1985 2637 2075; baseline 0 -19"><span class='ocrx_word' id='word_1_119' title='bbox 449 2000 630 2066; x_wconf 89' lang='lat' dir='ltr'>lectis,</span> <span class='ocrx_word' id='word_1_120' title='bbox 659 1998 905 2057; x_wconf 89' lang='lat' dir='ltr'>divinam</span> <span class='ocrx_word' id='word_1_121' title='bbox 935 2018 1104 2075; x_wconf 89' lang='lat' dir='ltr'>opem</span> <span class='ocrx_word' id='word_1_122' title='bbox 1132 1999 1240 2056; x_wconf 86' lang='lat' dir='ltr'>sibi</span> <span class='ocrx_word' id='word_1_123' title='bbox 1269 2000 1586 2074; x_wconf 89' lang='lat' dir='ltr'>pollicetur.</span> <span class='ocrx_word' id='word_1_124' title='bbox 1656 1999 1827 2057; x_wconf 89' lang='lat' dir='ltr'>Hanc</span> <span class='ocrx_word' id='word_1_125' title='bbox 1856 2002 2031 2057; x_wconf 89' lang='lat' dir='ltr'>vetuit</span> <span class='ocrx_word' id='word_1_126' title='bbox 2058 1985 2253 2071; x_wconf 22' lang='lat' dir='ltr'>Deusf&#39;:</span> <span class='ocrx_word' id='word_1_127' title='bbox 2296 2007 2333 2034; x_wconf 77' lang='lat'>‘⁴</span> <span class='ocrx_word' id='word_1_128' title='bbox 2352 1998 2489 2055; x_wconf 91' lang='lat' dir='ltr'>Non</span> <span class='ocrx_word' id='word_1_129' title='bbox 2518 2008 2637 2056; x_wconf 85' lang='lat' dir='ltr'>ten·</span> 
     </span>
     <span class='ocr_line' id='line_1_16' title="bbox 449 2090 2626 2179; baseline 0.001 -26"><span class='ocrx_word' id='word_1_130' title='bbox 449 2099 588 2179; x_wconf 88' lang='lat' dir='ltr'>tabis</span> <span class='ocrx_word' id='word_1_131' title='bbox 631 2097 944 2156; x_wconf 88' lang='lat' dir='ltr'>Dominum</span> <span class='ocrx_word' id='word_1_132' title='bbox 988 2090 1178 2155; x_wconf 79' lang='lat' dir='ltr'>Deum</span> <span class='ocrx_word' id='word_1_133' title='bbox 1207 2092 1465 2156; x_wconf 80' lang='lat' dir='ltr'>tuum.”²</span> <span class='ocrx_word' id='word_1_134' title='bbox 1545 2100 1797 2157; x_wconf 88' lang='lat' dir='ltr'>Tentare</span> <span class='ocrx_word' id='word_1_135' title='bbox 1830 2109 2015 2156; x_wconf 89' lang='lat' dir='ltr'>autem</span> <span class='ocrx_word' id='word_1_136' title='bbox 2057 2098 2245 2155; x_wconf 87' lang='lat' dir='ltr'>Deum</span> <span class='ocrx_word' id='word_1_137' title='bbox 2274 2098 2497 2163; x_wconf 88' lang='lat' dir='ltr'>dicitur,</span> <span class='ocrx_word' id='word_1_138' title='bbox 2528 2100 2626 2168; x_wconf 90' lang='lat' dir='ltr'>qui</span> 
     </span>
     <span class='ocr_line' id='line_1_17' title="bbox 449 2195 2635 2274; baseline 0 -21"><span class='ocrx_word' id='word_1_139' title='bbox 449 2196 780 2254; x_wconf 82' lang='lat' dir='ltr'>miraculum</span> <span class='ocrx_word' id='word_1_140' title='bbox 822 2199 980 2271; x_wconf 89' lang='lat' dir='ltr'>petit,</span> <span class='ocrx_word' id='word_1_141' title='bbox 1022 2195 1242 2255; x_wconf 75' lang='lat' dir='ltr'>dubius-</span> <span class='ocrx_word' id='word_1_142' title='bbox 1265 2196 1334 2254; x_wconf 90' lang='lat' dir='ltr'>de</span> <span class='ocrx_word' id='word_1_143' title='bbox 1375 2197 1565 2269; x_wconf 87' lang='lat' dir='ltr'>aliqua</span> <span class='ocrx_word' id='word_1_144' title='bbox 1604 2198 1718 2255; x_wconf 90' lang='lat' dir='ltr'>Dei</span> <span class='ocrx_word' id='word_1_145' title='bbox 1745 2198 2125 2274; x_wconf 83' lang='lat' dir='ltr'>perfectione3</span> <span class='ocrx_word' id='word_1_146' title='bbox 2154 2196 2244 2252; x_wconf 86' lang='lat' dir='ltr'>vel</span> <span class='ocrx_word' id='word_1_147' title='bbox 2290 2197 2385 2267; x_wconf 91' lang='lat' dir='ltr'>qui</span> <span class='ocrx_word' id='word_1_148' title='bbox 2423 2206 2635 2253; x_wconf 89' lang='lat' dir='ltr'>temere</span> 
     </span>
     <span class='ocr_line' id='line_1_18' title="bbox 452 2294 2635 2371; baseline 0.001 -20"><span class='ocrx_word' id='word_1_149' title='bbox 452 2294 588 2351; x_wconf 87' lang='lat' dir='ltr'>illud</span> <span class='ocrx_word' id='word_1_150' title='bbox 617 2295 724 2350; x_wconf 87' lang='lat' dir='ltr'>sibi</span> <span class='ocrx_word' id='word_1_151' title='bbox 750 2296 1042 2369; x_wconf 88' lang='lat' dir='ltr'>promittit.</span> <span class='ocrx_word' id='word_1_152' title='bbox 1127 2294 1438 2355; x_wconf 83' lang='lat' dir='ltr'>Sic.Judaei</span> <span class='ocrx_word' id='word_1_153' title='bbox 1467 2298 1755 2355; x_wconf 85' lang='lat' dir='ltr'>tentabant</span> <span class='ocrx_word' id='word_1_154' title='bbox 1782 2295 2103 2363; x_wconf 86' lang='lat' dir='ltr'>Christum,</span> <span class='ocrx_word' id='word_1_155' title='bbox 2134 2314 2307 2367; x_wconf 89' lang='lat' dir='ltr'>quum</span> <span class='ocrx_word' id='word_1_156' title='bbox 2350 2296 2575 2371; x_wconf 89' lang='lat' dir='ltr'>signum</span> <span class='ocrx_word' id='word_1_157' title='bbox 2604 2313 2635 2353; x_wconf 90' lang='lat' dir='ltr'>e</span> 
     </span>
     <span class='ocr_line' id='line_1_19' title="bbox 451 2392 2635 2472; baseline 0 -23"><span class='ocrx_word' id='word_1_158' title='bbox 451 2394 597 2450; x_wconf 87' lang='lat' dir='ltr'>coelo</span> <span class='ocrx_word' id='word_1_159' title='bbox 638 2392 1004 2468; x_wconf 86' lang='lat' dir='ltr'>postularent,</span> <span class='ocrx_word' id='word_1_160' title='bbox 1045 2394 1166 2468; x_wconf 90' lang='lat' dir='ltr'>jam</span> <span class='ocrx_word' id='word_1_161' title='bbox 1195 2394 1445 2466; x_wconf 88' lang='lat' dir='ltr'>alioquin</span> <span class='ocrx_word' id='word_1_162' title='bbox 1477 2397 1625 2452; x_wconf 84' lang='lat' dir='ltr'>satis</span> <span class='ocrx_word' id='word_1_163' title='bbox 1666 2398 1789 2472; x_wconf 91' lang='lat' dir='ltr'>ejus</span> <span class='ocrx_word' id='word_1_164' title='bbox 1818 2405 2154 2471; x_wconf 88' lang='lat' dir='ltr'>potestatem</span> <span class='ocrx_word' id='word_1_165' title='bbox 2184 2393 2405 2452; x_wconf 88' lang='lat' dir='ltr'>edocti:</span> <span class='ocrx_word' id='word_1_166' title='bbox 2450 2393 2554 2450; x_wconf 92' lang='lat' dir='ltr'>sed</span> <span class='ocrx_word' id='word_1_167' title='bbox 2580 2404 2635 2451; x_wconf 89' lang='lat' dir='ltr'>et</span> 
     </span>
     <span class='ocr_line' id='line_1_20' title="bbox 452 2492 2635 2568; baseline 0 -19"><span class='ocrx_word' id='word_1_168' title='bbox 452 2492 641 2549; x_wconf 89' lang='lat' dir='ltr'>Deum</span> <span class='ocrx_word' id='word_1_169' title='bbox 671 2499 881 2547; x_wconf 90' lang='lat' dir='ltr'>tentare</span> <span class='ocrx_word' id='word_1_170' title='bbox 909 2500 1251 2559; x_wconf 87' lang='lat' dir='ltr'>censeretur,</span> <span class='ocrx_word' id='word_1_171' title='bbox 1281 2494 1378 2563; x_wconf 92' lang='lat' dir='ltr'>qui</span> <span class='ocrx_word' id='word_1_172' title='bbox 1408 2493 1686 2552; x_wconf 84' lang='lat' dir='ltr'>daernonis</span> <span class='ocrx_word' id='word_1_173' title='bbox 1729 2496 1996 2551; x_wconf 89' lang='lat' dir='ltr'>instinctu</span> <span class='ocrx_word' id='word_1_174' title='bbox 2040 2512 2101 2551; x_wconf 88' lang='lat' dir='ltr'>se</span> <span class='ocrx_word' id='word_1_175' title='bbox 2128 2512 2161 2549; x_wconf 90' lang='lat' dir='ltr'>e</span> <span class='ocrx_word' id='word_1_176' title='bbox 2189 2493 2382 2568; x_wconf 87' lang='lat' dir='ltr'>templi</span> <span class='ocrx_word' id='word_1_177' title='bbox 2426 2494 2635 2549; x_wconf 89' lang='lat' dir='ltr'>vertice</span> 
     </span>
     <span class='ocr_line' id='line_1_21' title="bbox 449 2582 2634 2668; baseline -0 -19"><span class='ocrx_word' id='word_1_178' title='bbox 449 2592 800 2668; x_wconf 72' lang='lat' dir='ltr'>praecipitem</span> <span class='ocrx_word' id='word_1_179' title='bbox 844 2582 1198 2667; x_wconf 83' lang='lat' dir='ltr'>projiceret.³</span> <span class='ocrx_word' id='word_1_180' title='bbox 1278 2590 1420 2656; x_wconf 83' lang='lat' dir='ltr'>Quae</span> <span class='ocrx_word' id='word_1_181' title='bbox 1461 2592 1666 2649; x_wconf 89' lang='lat' dir='ltr'>mediis</span> <span class='ocrx_word' id='word_1_182' title='bbox 1707 2594 1763 2650; x_wconf 89' lang='lat' dir='ltr'>in</span> <span class='ocrx_word' id='word_1_183' title='bbox 1806 2593 2032 2648; x_wconf 88' lang='lat' dir='ltr'>saeculis</span> <span class='ocrx_word' id='word_1_184' title='bbox 2072 2593 2371 2667; x_wconf 86' lang='lat' dir='ltr'>viguerunt</span> <span class='ocrx_word' id='word_1_185' title='bbox 2399 2609 2634 2668; x_wconf 83' lang='lat' dir='ltr'>purga-</span> 
     </span>
     <span class='ocr_line' id='line_1_22' title="bbox 448 2688 2634 2767; baseline -0.001 -17"><span class='ocrx_word' id='word_1_186' title='bbox 448 2692 640 2750; x_wconf 75' lang='lat' dir='ltr'>tiones</span> <span class='ocrx_word' id='word_1_187' title='bbox 668 2688 976 2767; x_wconf 74' lang='lat' dir='ltr'>vulgares,</span> <span class='ocrx_word' id='word_1_188' title='bbox 1007 2710 1040 2747; x_wconf 87' lang='lat' dir='ltr'>a</span> <span class='ocrx_word' id='word_1_189' title='bbox 1065 2690 1385 2747; x_wconf 89' lang='lat' dir='ltr'>nationibus</span> <span class='ocrx_word' id='word_1_190' title='bbox 1413 2690 1947 2766; x_wconf 82' lang='lat' dir='ltr'>septentrionalibus</span> <span class='ocrx_word' id='word_1_191' title='bbox 1983 2690 2241 2756; x_wconf 85' lang='lat' dir='ltr'>inveetae,</span> <span class='ocrx_word' id='word_1_192' title='bbox 2274 2690 2634 2747; x_wconf 87' lang='lat' dir='ltr'>tentationem</span> 
     </span>
     <span class='ocr_line' id='line_1_23' title="bbox 448 2788 2635 2865; baseline -0.002 -16"><span class='ocrx_word' id='word_1_193' title='bbox 448 2790 751 2863; x_wconf 88' lang='lat' dir='ltr'>quamdam</span> <span class='ocrx_word' id='word_1_194' title='bbox 794 2790 907 2847; x_wconf 92' lang='lat' dir='ltr'>Dei</span> <span class='ocrx_word' id='word_1_195' title='bbox 945 2788 1413 2865; x_wconf 80' lang='lat' dir='ltr'>praeseferebant3</span> <span class='ocrx_word' id='word_1_196' title='bbox 1459 2806 1565 2847; x_wconf 88' lang='lat' dir='ltr'>nec</span> <span class='ocrx_word' id='word_1_197' title='bbox 1608 2790 1759 2847; x_wconf 89' lang='lat' dir='ltr'>enim</span> <span class='ocrx_word' id='word_1_198' title='bbox 1802 2808 1875 2846; x_wconf 88' lang='lat' dir='ltr'>ex</span> <span class='ocrx_word' id='word_1_199' title='bbox 1917 2788 2093 2847; x_wconf 89' lang='lat' dir='ltr'>duelli</span> <span class='ocrx_word' id='word_1_200' title='bbox 2132 2800 2357 2854; x_wconf 84' lang='lat' dir='ltr'>eventu,</span> <span class='ocrx_word' id='word_1_201' title='bbox 2401 2808 2509 2845; x_wconf 89' lang='lat' dir='ltr'>nec</span> <span class='ocrx_word' id='word_1_202' title='bbox 2562 2806 2635 2845; x_wconf 83' lang='lat' dir='ltr'>ex</span> 
     </span>
     <span class='ocr_line' id='line_1_24' title="bbox 447 2887 2631 2965; baseline -0.002 -18"><span class='ocrx_word' id='word_1_203' title='bbox 447 2891 594 2949; x_wconf 91' lang='lat' dir='ltr'>ferro</span> <span class='ocrx_word' id='word_1_204' title='bbox 623 2888 896 2945; x_wconf 88' lang='lat' dir='ltr'>candente</span> <span class='ocrx_word' id='word_1_205' title='bbox 925 2907 1094 2944; x_wconf 89' lang='lat' dir='ltr'>manu</span> <span class='ocrx_word' id='word_1_206' title='bbox 1121 2888 1428 2963; x_wconf 89' lang='lat' dir='ltr'>prehenso,</span> <span class='ocrx_word' id='word_1_207' title='bbox 1459 2906 1566 2946; x_wconf 90' lang='lat' dir='ltr'>nec</span> <span class='ocrx_word' id='word_1_208' title='bbox 1606 2906 1679 2946; x_wconf 87' lang='lat' dir='ltr'>ex</span> <span class='ocrx_word' id='word_1_209' title='bbox 1706 2888 2172 2947; x_wconf 74' lang='lat' dir='ltr'>‘deambulatione</span> <span class='ocrx_word' id='word_1_210' title='bbox 2213 2889 2387 2965; x_wconf 78' lang='lat' dir='ltr'>super</span> <span class='ocrx_word' id='word_1_211' title='bbox 2421 2887 2631 2945; x_wconf 88' lang='lat' dir='ltr'>ferrum</span> 
     </span>
     <span class='ocr_line' id='line_1_25' title="bbox 447 2974 2632 3060; baseline -0.001 -15"><span class='ocrx_word' id='word_1_212' title='bbox 447 2988 717 3053; x_wconf 66' lang='lat' dir='ltr'>candem,</span> <span class='ocrx_word' id='word_1_213' title='bbox 750 3006 854 3044; x_wconf 89' lang='lat' dir='ltr'>nec</span> <span class='ocrx_word' id='word_1_214' title='bbox 881 3006 955 3045; x_wconf 84' lang='lat' dir='ltr'>ex</span> <span class='ocrx_word' id='word_1_215' title='bbox 984 3004 1151 3043; x_wconf 89' lang='lat' dir='ltr'>manu</span> <span class='ocrx_word' id='word_1_216' title='bbox 1177 2987 1236 3043; x_wconf 88' lang='lat' dir='ltr'>in</span> <span class='ocrx_word' id='word_1_217' title='bbox 1261 2974 1464 3060; x_wconf 84' lang='lat' dir='ltr'>aquam</span> <span class='ocrx_word' id='word_1_218' title='bbox 1493 2987 1806 3045; x_wconf 88' lang='lat' dir='ltr'>ferventem</span> <span class='ocrx_word' id='word_1_219' title='bbox 1832 2989 2100 3053; x_wconf 89' lang='lat' dir='ltr'>demissa,</span> <span class='ocrx_word' id='word_1_220' title='bbox 2132 2986 2337 3045; x_wconf 84' lang='lat' dir='ltr'>licebat</span> <span class='ocrx_word' id='word_1_221' title='bbox 2363 2987 2632 3045; x_wconf 89' lang='lat' dir='ltr'>innoeen-</span> 
     </span>
     <span class='ocr_line' id='line_1_26' title="bbox 448 3084 2633 3163; baseline -0.001 -19"><span class='ocrx_word' id='word_1_222' title='bbox 448 3089 602 3153; x_wconf 88' lang='lat' dir='ltr'>tiam,</span> <span class='ocrx_word' id='word_1_223' title='bbox 631 3089 720 3144; x_wconf 82' lang='lat' dir='ltr'>vel</span> <span class='ocrx_word' id='word_1_224' title='bbox 741 3087 966 3163; x_wconf 88' lang='lat' dir='ltr'>culpam</span> <span class='ocrx_word' id='word_1_225' title='bbox 989 3085 1361 3161; x_wconf 86' lang='lat' dir='ltr'>dignoscere:</span> <span class='ocrx_word' id='word_1_226' title='bbox 1392 3096 1560 3163; x_wconf 89' lang='lat' dir='ltr'>prout</span> <span class='ocrx_word' id='word_1_227' title='bbox 1588 3088 1911 3158; x_wconf 83' lang='lat' dir='ltr'>quaerebant</span> <span class='ocrx_word' id='word_1_228' title='bbox 1936 3097 1993 3144; x_wconf 91' lang='lat' dir='ltr'>et</span> <span class='ocrx_word' id='word_1_229' title='bbox 2016 3085 2393 3145; x_wconf 84' lang='lat' dir='ltr'>confidebant.</span> <span class='ocrx_word' id='word_1_230' title='bbox 2461 3084 2633 3153; x_wconf 83' lang='lat' dir='ltr'>Quod</span> 
     </span>
     <span class='ocr_line' id='line_1_27' title="bbox 445 3184 2628 3264; baseline -0.001 -21"><span class='ocrx_word' id='word_1_231' title='bbox 445 3186 616 3262; x_wconf 90' lang='lat' dir='ltr'>igitur</span> <span class='ocrx_word' id='word_1_232' title='bbox 651 3187 1015 3263; x_wconf 86' lang='lat' dir='ltr'>purgationes</span> <span class='ocrx_word' id='word_1_233' title='bbox 1057 3185 1386 3261; x_wconf 87' lang='lat' dir='ltr'>hujusmodi</span> <span class='ocrx_word' id='word_1_234' title='bbox 1425 3185 1730 3258; x_wconf 90' lang='lat' dir='ltr'>aliquando</span> <span class='ocrx_word' id='word_1_235' title='bbox 1771 3187 2015 3264; x_wconf 81' lang='lat' dir='ltr'>toleratae</span> <span class='ocrx_word' id='word_1_236' title='bbox 2062 3188 2195 3253; x_wconf 90' lang='lat' dir='ltr'>sint,</span> <span class='ocrx_word' id='word_1_237' title='bbox 2244 3184 2628 3243; x_wconf 88' lang='lat' dir='ltr'>sacerdotibus</span> 
     </span>
     <span class='ocr_line' id='line_1_28' title="bbox 445 3284 2633 3363; baseline -0 -20"><span class='ocrx_word' id='word_1_238' title='bbox 445 3286 613 3343; x_wconf 88' lang='lat' dir='ltr'>etiam</span> <span class='ocrx_word' id='word_1_239' title='bbox 639 3286 884 3343; x_wconf 87' lang='lat' dir='ltr'>Missam</span> <span class='ocrx_word' id='word_1_240' title='bbox 913 3285 1046 3343; x_wconf 89' lang='lat' dir='ltr'>dum</span> <span class='ocrx_word' id='word_1_241' title='bbox 1087 3284 1288 3358; x_wconf 80' lang='lat' dir='ltr'>fierent</span> <span class='ocrx_word' id='word_1_242' title='bbox 1325 3286 1757 3353; x_wconf 75' lang='lat' dir='ltr'>celebrantibuS‚</span> <span class='ocrx_word' id='word_1_243' title='bbox 1788 3286 2026 3363; x_wconf 89' lang='lat' dir='ltr'>contigit</span> <span class='ocrx_word' id='word_1_244' title='bbox 2062 3304 2137 3343; x_wconf 89' lang='lat' dir='ltr'>ex</span> <span class='ocrx_word' id='word_1_245' title='bbox 2178 3284 2459 3343; x_wconf 87' lang='lat' dir='ltr'>Ecclesiae</span> <span class='ocrx_word' id='word_1_246' title='bbox 2502 3302 2633 3360; x_wconf 91' lang='lat' dir='ltr'>pru·</span> 
     </span>
     <span class='ocr_line' id='line_1_29' title="bbox 445 3381 2631 3461; baseline -0 -20"><span class='ocrx_word' id='word_1_247' title='bbox 445 3384 649 3452; x_wconf 89' lang='lat' dir='ltr'>dentia,</span> <span class='ocrx_word' id='word_1_248' title='bbox 698 3404 822 3457; x_wconf 87' lang='lat' dir='ltr'>quae</span> <span class='ocrx_word' id='word_1_249' title='bbox 859 3402 976 3452; x_wconf 77' lang='lat' dir='ltr'>eae,</span> <span class='ocrx_word' id='word_1_250' title='bbox 1024 3402 1097 3441; x_wconf 87' lang='lat' dir='ltr'>ex</span> <span class='ocrx_word' id='word_1_251' title='bbox 1132 3384 1508 3455; x_wconf 86' lang='lat' dir='ltr'>quorumdam</span> <span class='ocrx_word' id='word_1_252' title='bbox 1553 3386 1705 3443; x_wconf 89' lang='lat' dir='ltr'>bona</span> <span class='ocrx_word' id='word_1_253' title='bbox 1740 3385 1849 3443; x_wconf 90' lang='lat' dir='ltr'>fide</span> <span class='ocrx_word' id='word_1_254' title='bbox 1887 3386 2082 3450; x_wconf 54' lang='lat' dir='ltr'>factam,</span> <span class='ocrx_word' id='word_1_255' title='bbox 2124 3403 2291 3461; x_wconf 84' lang='lat' dir='ltr'>passa</span> <span class='ocrx_word' id='word_1_256' title='bbox 2330 3394 2433 3450; x_wconf 90' lang='lat' dir='ltr'>est,</span> <span class='ocrx_word' id='word_1_257' title='bbox 2478 3381 2631 3455; x_wconf 90' lang='lat' dir='ltr'>quod</span> 
     </span>
     <span class='ocr_line' id='line_1_30' title="bbox 445 3481 2629 3559; baseline -0 -20"><span class='ocrx_word' id='word_1_258' title='bbox 445 3491 640 3559; x_wconf 89' lang='lat' dir='ltr'>gentes</span> <span class='ocrx_word' id='word_1_259' title='bbox 667 3485 912 3541; x_wconf 85' lang='lat' dir='ltr'>barbarae</span> <span class='ocrx_word' id='word_1_260' title='bbox 940 3482 1011 3540; x_wconf 89' lang='lat' dir='ltr'>ad</span> <span class='ocrx_word' id='word_1_261' title='bbox 1035 3482 1206 3539; x_wconf 89' lang='lat' dir='ltr'>fidem</span> <span class='ocrx_word' id='word_1_262' title='bbox 1234 3484 1518 3540; x_wconf 87' lang='lat' dir='ltr'>recentius</span> <span class='ocrx_word' id='word_1_263' title='bbox 1547 3483 1803 3540; x_wconf 84' lang='lat' dir='ltr'>adductae</span> <span class='ocrx_word' id='word_1_264' title='bbox 1831 3502 1945 3541; x_wconf 87' lang='lat' dir='ltr'>non</span> <span class='ocrx_word' id='word_1_265' title='bbox 1986 3491 2221 3557; x_wconf 89' lang='lat' dir='ltr'>possent</span> <span class='ocrx_word' id='word_1_266' title='bbox 2258 3481 2430 3539; x_wconf 90' lang='lat' dir='ltr'>simul</span> <span class='ocrx_word' id='word_1_267' title='bbox 2471 3482 2629 3539; x_wconf 88' lang='lat' dir='ltr'>omni</span> 
     </span>
     <span class='ocr_line' id='line_1_31' title="bbox 446 3577 2634 3658; baseline -0.002 -20"><span class='ocrx_word' id='word_1_268' title='bbox 446 3584 620 3640; x_wconf 81' lang='lat' dir='ltr'>veteri</span> <span class='ocrx_word' id='word_1_269' title='bbox 667 3582 1066 3658; x_wconf 86' lang='lat' dir='ltr'>superstitione</span> <span class='ocrx_word' id='word_1_270' title='bbox 1101 3581 1253 3637; x_wconf 87' lang='lat' dir='ltr'>exui.</span> <span class='ocrx_word' id='word_1_271' title='bbox 1337 3582 1458 3638; x_wconf 89' lang='lat' dir='ltr'>Eas</span> <span class='ocrx_word' id='word_1_272' title='bbox 1500 3590 1689 3639; x_wconf 90' lang='lat' dir='ltr'>tamen</span> <span class='ocrx_word' id='word_1_273' title='bbox 1726 3599 2037 3653; x_wconf 88' lang='lat' dir='ltr'>numquam</span> <span class='ocrx_word' id='word_1_274' title='bbox 2075 3579 2349 3655; x_wconf 88' lang='lat' dir='ltr'>probavit,</span> <span class='ocrx_word' id='word_1_275' title='bbox 2391 3577 2493 3635; x_wconf 91' lang='lat' dir='ltr'>sed</span> <span class='ocrx_word' id='word_1_276' title='bbox 2536 3596 2634 3653; x_wconf 92' lang='lat' dir='ltr'>pe-</span> 
     </span>
     <span class='ocr_line' id='line_1_32' title="bbox 447 3672 2633 3764; baseline -0.002 -27"><span class='ocrx_word' id='word_1_277' title='bbox 447 3682 596 3738; x_wconf 91' lang='lat' dir='ltr'>nitus</span> <span class='ocrx_word' id='word_1_278' title='bbox 618 3672 958 3737; x_wconf 82' lang='lat' dir='ltr'>damnavit.⁴</span> <span class='ocrx_word' id='word_1_279' title='bbox 1038 3676 1282 3737; x_wconf 86' lang='lat' dir='ltr'>Constat</span> <span class='ocrx_word' id='word_1_280' title='bbox 1309 3678 1538 3750; x_wconf 88' lang='lat' dir='ltr'>quidem</span> <span class='ocrx_word' id='word_1_281' title='bbox 1560 3697 1988 3751; x_wconf 88' lang='lat' dir='ltr'>nonnumquam</span> <span class='ocrx_word' id='word_1_282' title='bbox 2006 3677 2633 3764; x_wconf 62' lang='lat' dir='ltr'>mirumpurgationum</span> 
     </span>
    </p>
   </div>
   <div class='ocr_carea' id='block_1_3' title="bbox 445 3833 2625 4563">
    <p class='ocr_par' dir='ltr' id='par_1_4' title="bbox 448 3833 2625 4323">
     <span class='ocr_line' id='line_1_33' title="bbox 518 3833 2621 3905; baseline -0.002 -20"><span class='ocrx_word' id='word_1_283' title='bbox 518 3840 602 3905; x_wconf 94' lang='lat' dir='ltr'>(l)</span> <span class='ocrx_word' id='word_1_284' title='bbox 643 3845 672 3870; x_wconf 77' lang='lat'>‘⁴</span> <span class='ocrx_word' id='word_1_285' title='bbox 691 3837 803 3886; x_wconf 89' lang='lat' dir='ltr'>Une</span> <span class='ocrx_word' id='word_1_286' title='bbox 824 3851 1003 3900; x_wconf 84' lang='lat' dir='ltr'>preuve</span> <span class='ocrx_word' id='word_1_287' title='bbox 1025 3852 1120 3899; x_wconf 89' lang='lat' dir='ltr'>que</span> <span class='ocrx_word' id='word_1_288' title='bbox 1141 3852 1197 3885; x_wconf 88' lang='lat' dir='ltr'>ce</span> <span class='ocrx_word' id='word_1_289' title='bbox 1218 3852 1282 3885; x_wconf 84' lang='lat' dir='ltr'>ne</span> <span class='ocrx_word' id='word_1_290' title='bbox 1304 3842 1415 3885; x_wconf 89' lang='lat' dir='ltr'>sont</span> <span class='ocrx_word' id='word_1_291' title='bbox 1449 3836 1502 3885; x_wconf 91' lang='lat' dir='ltr'>ni</span> <span class='ocrx_word' id='word_1_292' title='bbox 1524 3851 1607 3885; x_wconf 85' lang='lat' dir='ltr'>ces</span> <span class='ocrx_word' id='word_1_293' title='bbox 1626 3833 1822 3899; x_wconf 69' lang='lat' dir='ltr'>prietes,</span> <span class='ocrx_word' id='word_1_294' title='bbox 1839 3835 1893 3883; x_wconf 88' lang='lat' dir='ltr'>ni</span> <span class='ocrx_word' id='word_1_295' title='bbox 1914 3835 1983 3883; x_wconf 83' lang='lat' dir='ltr'>les</span> <span class='ocrx_word' id='word_1_296' title='bbox 2004 3833 2307 3893; x_wconf 70' lang='lat' dir='ltr'>exorcismos,</span> <span class='ocrx_word' id='word_1_297' title='bbox 2330 3834 2383 3883; x_wconf 91' lang='lat' dir='ltr'>ni</span> <span class='ocrx_word' id='word_1_298' title='bbox 2406 3835 2477 3882; x_wconf 90' lang='lat' dir='ltr'>les</span> <span class='ocrx_word' id='word_1_299' title='bbox 2516 3833 2621 3893; x_wconf 88' lang='lat' dir='ltr'>lois,</span> 
     </span>
     <span class='ocr_line' id='line_1_34' title="bbox 449 3917 2625 3984; baseline -0.003 -13"><span class='ocrx_word' id='word_1_300' title='bbox 449 3922 533 3984; x_wconf 88' lang='lat' dir='ltr'>qui</span> <span class='ocrx_word' id='word_1_301' title='bbox 555 3922 861 3971; x_wconf 76' lang='lat' dir='ltr'>contribuerit</span> <span class='ocrx_word' id='word_1_302' title='bbox 881 3918 915 3983; x_wconf 63' lang='lat' dir='ltr'>a</span> <span class='ocrx_word' id='word_1_303' title='bbox 937 3920 1196 3972; x_wconf 77' lang='lat' dir='ltr'>entretenir</span> <span class='ocrx_word' id='word_1_304' title='bbox 1217 3922 1288 3969; x_wconf 83' lang='lat' dir='ltr'>les</span> <span class='ocrx_word' id='word_1_305' title='bbox 1327 3936 1510 3969; x_wconf 87' lang='lat' dir='ltr'>erreurs</span> <span class='ocrx_word' id='word_1_306' title='bbox 1531 3920 1601 3969; x_wconf 84' lang='lat' dir='ltr'>du</span> <span class='ocrx_word' id='word_1_307' title='bbox 1621 3919 1811 3983; x_wconf 88' lang='lat' dir='ltr'>peuple,</span> <span class='ocrx_word' id='word_1_308' title='bbox 1834 3919 1876 3968; x_wconf 88' lang='lat' dir='ltr'>c&#39;</span> <span class='ocrx_word' id='word_1_309' title='bbox 1898 3924 1974 3967; x_wconf 87' lang='lat' dir='ltr'>est</span> <span class='ocrx_word' id='word_1_310' title='bbox 1995 3933 2090 3981; x_wconf 88' lang='lat' dir='ltr'>que</span> <span class='ocrx_word' id='word_1_311' title='bbox 2111 3917 2227 3966; x_wconf 87' lang='lat' dir='ltr'>chez</span> <span class='ocrx_word' id='word_1_312' title='bbox 2263 3917 2333 3966; x_wconf 86' lang='lat' dir='ltr'>les</span> <span class='ocrx_word' id='word_1_313' title='bbox 2354 3924 2625 3982; x_wconf 75' lang='lat' dir='ltr'>protestans</span> 
     </span>
     <span class='ocr_line' id='line_1_35' title="bbox 449 4002 2623 4070; baseline -0.001 -17"><span class='ocrx_word' id='word_1_314' title='bbox 449 4006 533 4067; x_wconf 88' lang='lat' dir='ltr'>qui</span> <span class='ocrx_word' id='word_1_315' title='bbox 554 4012 642 4053; x_wconf 91' lang='lat' dir='ltr'>ont</span> <span class='ocrx_word' id='word_1_316' title='bbox 660 4008 804 4070; x_wconf 70' lang='lat' dir='ltr'>rejete</span> <span class='ocrx_word' id='word_1_317' title='bbox 830 4011 988 4053; x_wconf 83' lang='lat' dir='ltr'>tontes</span> <span class='ocrx_word' id='word_1_318' title='bbox 1009 4006 1080 4053; x_wconf 86' lang='lat' dir='ltr'>les</span> <span class='ocrx_word' id='word_1_319' title='bbox 1101 4005 1345 4067; x_wconf 80' lang='lat' dir='ltr'>pratiques</span> <span class='ocrx_word' id='word_1_320' title='bbox 1365 4003 1426 4053; x_wconf 88' lang='lat' dir='ltr'>de</span> <span class='ocrx_word' id='word_1_321' title='bbox 1447 4003 1479 4053; x_wconf 92' lang='lat' dir='ltr'>l’</span> <span class='ocrx_word' id='word_1_322' title='bbox 1503 4004 1687 4065; x_wconf 80' lang='lat' dir='ltr'>Eglise,</span> <span class='ocrx_word' id='word_1_323' title='bbox 1710 4018 1774 4053; x_wconf 90' lang='lat' dir='ltr'>en</span> <span class='ocrx_word' id='word_1_324' title='bbox 1796 4003 1978 4064; x_wconf 84' lang='lat' dir='ltr'>Suisse,</span> <span class='ocrx_word' id='word_1_325' title='bbox 2000 4018 2065 4051; x_wconf 81' lang='lat' dir='ltr'>en</span> <span class='ocrx_word' id='word_1_326' title='bbox 2088 4002 2384 4064; x_wconf 85' lang='lat' dir='ltr'>Angleterre,</span> <span class='ocrx_word' id='word_1_327' title='bbox 2408 4004 2529 4051; x_wconf 84' lang='lat' dir='ltr'>dans</span> <span class='ocrx_word' id='word_1_328' title='bbox 2553 4004 2623 4052; x_wconf 88' lang='lat' dir='ltr'>les</span> 
     </span>
     <span class='ocr_line' id='line_1_36' title="bbox 451 4085 2621 4152; baseline -0.001 -16"><span class='ocrx_word' id='word_1_329' title='bbox 451 4103 572 4151; x_wconf 79' lang='lat' dir='ltr'>pays</span> <span class='ocrx_word' id='word_1_330' title='bbox 594 4089 662 4137; x_wconf 89' lang='lat' dir='ltr'>du</span> <span class='ocrx_word' id='word_1_331' title='bbox 683 4090 837 4147; x_wconf 88' lang='lat' dir='ltr'>Nord,</span> <span class='ocrx_word' id='word_1_332' title='bbox 855 4090 904 4137; x_wconf 80' lang='lat' dir='ltr'>la</span> <span class='ocrx_word' id='word_1_333' title='bbox 923 4088 1206 4147; x_wconf 79' lang='lat' dir='ltr'>divination,</span> <span class='ocrx_word' id='word_1_334' title='bbox 1229 4089 1277 4136; x_wconf 84' lang='lat' dir='ltr'>la</span> <span class='ocrx_word' id='word_1_335' title='bbox 1298 4088 1471 4148; x_wconf 77' lang='lat' dir='ltr'>magie‚</span> <span class='ocrx_word' id='word_1_336' title='bbox 1483 4089 1554 4137; x_wconf 83' lang='lat' dir='ltr'>les</span> <span class='ocrx_word' id='word_1_337' title='bbox 1576 4088 1823 4149; x_wconf 79' lang='lat' dir='ltr'>sortileges</span> <span class='ocrx_word' id='word_1_338' title='bbox 1845 4094 1956 4136; x_wconf 85' lang='lat' dir='ltr'>sont</span> <span class='ocrx_word' id='word_1_339' title='bbox 1971 4089 2221 4151; x_wconf 84' lang='lat' dir='ltr'>beaucoup</span> <span class='ocrx_word' id='word_1_340' title='bbox 2236 4085 2347 4152; x_wconf 86' lang='lat' dir='ltr'>plus</span> <span class='ocrx_word' id='word_1_341' title='bbox 2364 4102 2621 4137; x_wconf 75' lang='lat' dir='ltr'>commune</span> 
     </span>
     <span class='ocr_line' id='line_1_37' title="bbox 448 4171 2623 4235; baseline -0.001 -15"><span class='ocrx_word' id='word_1_342' title='bbox 448 4188 544 4235; x_wconf 90' lang='lat' dir='ltr'>que</span> <span class='ocrx_word' id='word_1_343' title='bbox 565 4172 682 4220; x_wconf 87' lang='lat' dir='ltr'>ehez</span> <span class='ocrx_word' id='word_1_344' title='bbox 703 4174 773 4220; x_wconf 87' lang='lat' dir='ltr'>les</span> <span class='ocrx_word' id='word_1_345' title='bbox 793 4171 1106 4234; x_wconf 83' lang='lat' dir='ltr'>catholiques,</span> <span class='ocrx_word' id='word_1_346' title='bbox 1127 4187 1364 4235; x_wconf 78' lang='lat' dir='ltr'>parceque</span> <span class='ocrx_word' id='word_1_347' title='bbox 1398 4188 1478 4220; x_wconf 85' lang='lat' dir='ltr'>ces</span> <span class='ocrx_word' id='word_1_348' title='bbox 1515 4172 1687 4220; x_wconf 85' lang='lat' dir='ltr'>crimes</span> <span class='ocrx_word' id='word_1_349' title='bbox 1709 4171 1991 4221; x_wconf 76' lang='lat' dir='ltr'>domeurent</span> <span class='ocrx_word' id='word_1_350' title='bbox 2010 4171 2223 4235; x_wconf 81' lang='lat' dir='ltr'>impunis</span> <span class='ocrx_word' id='word_1_351' title='bbox 2244 4171 2400 4235; x_wconf 79' lang='lat' dir='ltr'>parmi</span> <span class='ocrx_word' id='word_1_352' title='bbox 2423 4172 2493 4220; x_wconf 81' lang='lat' dir='ltr'>les</span> <span class='ocrx_word' id='word_1_353' title='bbox 2514 4186 2623 4233; x_wconf 86' lang='lat' dir='ltr'>pro-</span> 
     </span>
     <span class='ocr_line' id='line_1_38' title="bbox 448 4254 1635 4323; baseline 0.001 -21"><span class='ocrx_word' id='word_1_354' title='bbox 448 4254 678 4303; x_wconf 79' lang='lat' dir='ltr'>testans.”</span> <span class='ocrx_word' id='word_1_355' title='bbox 749 4254 960 4315; x_wconf 85' lang='lat' dir='ltr'>Bergier,</span> <span class='ocrx_word' id='word_1_356' title='bbox 983 4254 1112 4304; x_wconf 82' lang='lat' dir='ltr'>Dict.</span> <span class='ocrx_word' id='word_1_357' title='bbox 1135 4254 1316 4303; x_wconf 71' lang='lat' dir='ltr'>Theol.</span> <span class='ocrx_word' id='word_1_358' title='bbox 1339 4260 1424 4303; x_wconf 83' lang='lat' dir='ltr'>art.</span> <span class='ocrx_word' id='word_1_359' title='bbox 1447 4254 1635 4323; x_wconf 72' lang='lat' dir='ltr'>Magio.</span> 
     </span>
    </p>

    <p class='ocr_par' dir='ltr' id='par_1_5' title="bbox 515 4340 1939 4408">
     <span class='ocr_line' id='line_1_39' title="bbox 515 4340 1939 4408; baseline 0.001 -20"><span class='ocrx_word' id='word_1_360' title='bbox 515 4341 598 4406; x_wconf 77' lang='lat'>(2)</span> <span class='ocrx_word' id='word_1_361' title='bbox 639 4340 785 4389; x_wconf 77' lang='lat' dir='ltr'>Deut-</span> <span class='ocrx_word' id='word_1_362' title='bbox 807 4340 871 4390; x_wconf 83' lang='lat' dir='ltr'>vi.</span> <span class='ocrx_word' id='word_1_363' title='bbox 901 4343 977 4389; x_wconf 89' lang='grc'>16.</span> <span class='ocrx_word' id='word_1_364' title='bbox 1516 4342 1602 4408; x_wconf 87' lang='grc'>(3)</span> <span class='ocrx_word' id='word_1_365' title='bbox 1642 4340 1781 4391; x_wconf 82' lang='lat' dir='ltr'>Matt.</span> <span class='ocrx_word' id='word_1_366' title='bbox 1803 4342 1867 4390; x_wconf 83' lang='lat' dir='ltr'>iv.</span> <span class='ocrx_word' id='word_1_367' title='bbox 1892 4345 1939 4391; x_wconf 86' lang='grc'>7.</span> 
     </span>
    </p>

    <p class='ocr_par' dir='ltr' id='par_1_6' title="bbox 445 4420 2625 4563">
     <span class='ocr_line' id='line_1_40' title="bbox 516 4420 2625 4495; baseline -0.002 -23"><span class='ocrx_word' id='word_1_368' title='bbox 516 4427 600 4491; x_wconf 88' lang='grc'>(4)</span> <span class='ocrx_word' id='word_1_369' title='bbox 639 4427 718 4476; x_wconf 83' lang='lat' dir='ltr'>De</span> <span class='ocrx_word' id='word_1_370' title='bbox 729 4430 946 4493; x_wconf 77' lang='lat' dir='ltr'>purgat.</span> <span class='ocrx_word' id='word_1_371' title='bbox 968 4424 1166 4495; x_wconf 80' lang='lat' dir='ltr'>vulgar.</span> <span class='ocrx_word' id='word_1_372' title='bbox 1191 4425 1264 4475; x_wconf 89' lang='lat' dir='ltr'>tit.</span> <span class='ocrx_word' id='word_1_373' title='bbox 1285 4426 1424 4475; x_wconf 82' lang='lat' dir='ltr'>xxxi.</span> <span class='ocrx_word' id='word_1_374' title='bbox 1459 4426 1588 4475; x_wconf 86' lang='lat' dir='ltr'>Vide</span> <span class='ocrx_word' id='word_1_375' title='bbox 1606 4432 1657 4475; x_wconf 88' lang='lat' dir='ltr'>et</span> <span class='ocrx_word' id='word_1_376' title='bbox 1679 4426 1731 4474; x_wconf 79' lang='lat' dir='ltr'>S.</span> <span class='ocrx_word' id='word_1_377' title='bbox 1754 4426 2015 4485; x_wconf 84' lang='lat' dir='ltr'>Thomam,</span> <span class='ocrx_word' id='word_1_378' title='bbox 2040 4428 2086 4474; x_wconf 81' lang='lat'>2.</span> <span class='ocrx_word' id='word_1_379' title='bbox 2110 4428 2158 4473; x_wconf 83' lang='lat'>2.</span> <span class='ocrx_word' id='word_1_380' title='bbox 2176 4440 2257 4488; x_wconf 89' lang='lat' dir='ltr'>qu.</span> <span class='ocrx_word' id='word_1_381' title='bbox 2280 4439 2391 4471; x_wconf 85' lang='lat' dir='ltr'>xcv.</span> <span class='ocrx_word' id='word_1_382' title='bbox 2416 4427 2502 4470; x_wconf 76' lang='lat' dir='ltr'>ert.</span> <span class='ocrx_word' id='word_1_383' title='bbox 2525 4420 2625 4469; x_wconf 78' lang='lat' dir='ltr'>viii.</span> 
     </span>
     <span class='ocr_line' id='line_1_41' title="bbox 445 4510 1322 4563; baseline 0.001 -4"><span class='ocrx_word' id='word_1_384' title='bbox 445 4510 533 4563; x_wconf 77' lang='lat' dir='ltr'>Ad</span> <span class='ocrx_word' id='word_1_385' title='bbox 547 4511 770 4563; x_wconf 70' lang='lat' dir='ltr'>ter-tium.</span> <span class='ocrx_word' id='word_1_386' title='bbox 1195 4536 1202 4545; x_wconf 89' lang='lat'><em>·</em></span> <span class='ocrx_word' id='word_1_387' title='bbox 1318 4530 1322 4534; x_wconf 91' lang='lat'>·</span> 
     </span>
    </p>
   </div>
  </div>
 </body>
</html>
