3117 5217
552 552 673 607 280
1110 544 1223 603 DE
1266 543 1499 603 FIDEI
1542 541 2165 603 NECESSITATE.

536 712 685 771 favet
712 712 867 769 enim
895 711 1122 778 haeresi,
1150 718 1209 767 et
1246 708 1634 785 perversionis
1673 706 1993 783 periculum
2033 717 2092 765 et
2127 723 2368 783 pravum
2407 704 2747 782 exemplum

536 811 724 869 habet.
810 809 1031 867 Idcirco
1070 807 1319 875 famulis,
1362 826 1507 880 quos
1548 806 1770 865 domini
1795 806 1984 865 solent
2007 806 2079 864 ad
2117 804 2177 863 id
2213 822 2438 881 urgere,
2466 803 2620 861 haud
2649 810 2743 860 est

540 909 823 967 ullatenus
864 905 1333 984 permittendum.
1418 906 1672 964 Possunt
1714 915 1904 963 autem
1947 903 2214 964 dominos
2261 902 2332 960 ad
2373 901 2586 979 templa
2627 901 2747 959 1100-

547 1008 719 1065 retica
760 1026 928 1065 curru
969 1006 1196 1073 vehere,
1246 1005 1339 1063 vel
1390 1004 1545 1071 filiae,
1595 1003 1686 1061 vel
1726 1004 1896 1062 uxori
1925 1004 2314 1085 ‘dominorum
2361 1002 2430 1062 ad
2489 1020 2576 1069 ea,
2620 1017 2754 1075 pro·

550 1106 814 1164 tectionis
843 1125 1033 1173 causa,
1070 1105 1352 1171 comitari,
1384 1105 1521 1175 quin
1563 1104 1764 1161 ritibus
1791 1122 1990 1161 eorum
2015 1103 2408 1161 interveniant.
2491 1099 2750 1157 Infantes

538 1205 708 1262 etiam
759 1204 1133 1281 baptizandos
1176 1203 1393 1261 deferre
1434 1202 1588 1268 licet,
1633 1212 1689 1259 01
1723 1201 1956 1259 brachio
1993 1202 2295 1268 sustinere,
2337 1199 2472 1256 dum
2513 1199 2582 1255 ab
2628 1196 2746 1255 hae-

534 1304 707 1361 retico
752 1322 1013 1379 praecone
1055 1302 1433 1379 baptizantur.
1519 1300 1666 1357 Haec
1705 1302 1859 1357 enim
1901 1301 2096 1359 omnia
2133 1300 2206 1357 ad
2245 1297 2574 1357 famulatum
2615 1315 2746 1372 per-

538 1403 738 1469 tinent,
764 1421 869 1461 nec
896 1403 1079 1461 cultus
1106 1402 1453 1460 consortium
1475 1400 1734 1475 probant.
1803 1399 2086 1457 Elisaeum
2125 1398 2456 1474 permisisse
2497 1394 2751 1453 Naama-

538 1519 615 1559 no
672 1511 733 1559 ut
770 1502 891 1576 regi
951 1502 1011 1559 in
1064 1500 1281 1577 templo
1326 1499 1477 1557 idola
1527 1498 1736 1555 colenti
1787 1499 2170 1563 comitaretur,
2221 1498 2462 1573 ejusque
2501 1504 2747 1560 vestem,

541 1600 679 1657 dum
722 1600 979 1657 adoraret
1028 1598 1263 1666 idolum,
1306 1593 1658 1665 sustineret‚¹
1710 1596 1966 1672 plerique
2007 1606 2265 1665 censent,
2309 1594 2569 1667 quamvis
2621 1612 2745 1651 non

544 1692 801 1758 omnes.²

615 1804 714 1856 35.
763 1798 833 1857 In
862 1798 1101 1855 navibus
1130 1815 1256 1869 quoe
1284 1816 1317 1853 a
1346 1795 1644 1854 Gubernio
1672 1796 2016 1854 Americano
2055 1793 2322 1871 pendent,
2351 1792 2488 1849 etin
2528 1790 2747 1849 Schola

542 1898 792 1963 militari,
822 1898 968 1953 sicut
994 1896 1051 1952 in
1082 1896 1322 1961 arcibus,
1351 1903 1409 1951 et
1434 1895 1561 1952 aliis
1589 1894 1833 1970 publicis
1874 1895 2210 1971 plerumque
2236 1892 2399 1958 locis,
2428 1899 2486 1947 et
2523 1890 2582 1947 in
2620 1909 2743 1947 car·

539 1996 762 2051 ceribus
792 1994 1103 2061 nonnullis,
1133 1992 1529 2069 vapulantibus
1558 1994 1657 2065 qui
1700 2004 1980 2061 recusant,
2009 2002 2290 2069 coguntur
2315 2008 2518 2049 omnes
2561 1990 2747 2065 preci-

536 2094 641 2151 bus
687 2092 903 2150 adstare
950 2102 1007 2149 et
1051 2092 1333 2151 concioni.
1420 2092 1631 2151 Utrum
1679 2103 1868 2151 autem
1919 2092 1980 2151 id
2023 2094 2194 2149 liceat
2235 2090 2480 2149 dubitari
2532 2098 2742 2164 potest.

540 2191 835 2264 Equidem
860 2192 985 2249 haec
1010 2191 1176 2267 plane
1204 2192 1574 2251 adversantur
1600 2192 1786 2260 cultus
1805 2193 2072 2258 libertati,
2101 2208 2273 2263 quam
2303 2188 2738 2247 constitutiones

542 2292 844 2349 Generalis
894 2302 950 2347 et
989 2292 1269 2366 speciales
1312 2292 1607 2349 sanciunt:
1653 2291 1758 2348 sed
1807 2310 1982 2363 quum
2036 2289 2254 2348 ordinis
2305 2288 2498 2363 potius
2549 2304 2740 2353 causa,

538 2409 711 2461 quam
740 2400 910 2447 sectae
951 2389 1142 2447 favore
1184 2389 1241 2447 id
1266 2391 1549 2466 exigatur,
1579 2399 1637 2447 et
1661 2408 1835 2447 nemo
1861 2399 2094 2465 cogatur
2119 2388 2330 2446 cultum
2358 2404 2558 2462 reapse
2592 2404 2736 2459 prae-

538 2500 705 2556 stare,
728 2488 947 2547 videtur
966 2489 1230 2547 excusari
1251 2489 1349 2561 qui
1369 2508 1431 2546 se
1452 2488 1602 2546 sistit
1622 2498 1960 2564 praesentem
1983 2488 2053 2545 ad
2072 2485 2466 2545 declinandam
2487 2503 2738 2560 poenam,

540 2587 630 2645 vel
658 2589 769 2646 alia
794 2606 867 2645 ex
896 2607 1067 2646 causa
1094 2589 1231 2645 satis
1248 2590 1427 2664 gravi,
1452 2588 1767 2646 dummodo
1787 2599 1979 2664 aperte
1999 2586 2327 2664 profiteatur
2351 2584 2526 2642 fidem
2551 2582 2742 2641 catho-

538 2686 727 2755 licam,
757 2698 815 2745 et
837 2706 1009 2745 omne
1038 2688 1223 2745 cultus
1250 2688 1602 2745 consortium
1631 2688 1823 2745 evitet.

619 2790 717 2843 36.
760 2786 851 2843 Ad
872 2804 1102 2843 omnem
1124 2787 1377 2862 speciem
1400 2788 1670 2844 consortii
1698 2788 1760 2844 in
1785 2786 1954 2868 rebus
1976 2784 2296 2860 Religionis
2317 2780 2733 2848 declinandam,

541 2894 597 2940 et
624 2902 694 2941 ne
724 2884 923 2941 fideles
952 2884 1199 2955 qualibet
1219 2884 1289 2940 de
1316 2902 1489 2941 causa
1514 2885 1720 2941 adeant
1745 2884 2018 2941 ecclesias
2045 2892 2346 2949 sectarum,
2375 2899 2492 2938 non
2517 2888 2742 2955 oportet

541 2982 879 3057 plerumque
918 2981 1242 3039 sacerdotes
1281 2982 1615 3051 00111011000,
1659 2984 1828 3041 0110111
1868 2996 2116 3059 rogatos,
2159 2984 2220 3041 111
2260 2981 2330 3037 110
2371 2979 2739 3046 concionari;

542 3089 806 3139 caeterum
833 3081 928 3138 ubi
956 3080 1119 3139 deest
1144 3082 1387 3139 ecclesia
1413 3082 1711 3149 catholica,
1739 3082 1831 3139 vel
1869 3082 2032 3139 locus
2073 3081 2214 3139 alius
2255 3089 2632 3155 opportunuS,
2661 3096 2734 3136 v:

542 3198 612 3253 gx
643 3182 819 3244 curia,
850 3198 965 3236 non
992 3178 1255 3236 videntur
1279 3179 1545 3255 culpandi
1574 3182 1672 3253 qui
1697 3181 1758 3237 in
1786 3182 1856 3237 iis
1884 3182 2177 3238 veritatem
2207 3178 2541 3237 catholicam
2563 3194 2738 3234 enun-

539 3278 696 3333 tiant.
785 3276 925 3333 Non
965 3275 1100 3332 licet
1143 3277 1439 3333 catholicis
1474 3296 1574 3335 000
1613 3277 1766 3336 adire
1807 3281 1978 3337 etiam
2019 3280 2090 3338 ad
2130 3286 2441 3337 concentus
2481 3276 2736 3335 musicos

540 3374 872 3443 audiendoS‚
903 3376 1001 3447 qui
1029 3375 1174 3433 1111111
1200 3375 1443 3435 1101100111
1466 3376 1604 3433 fidei
1643 3377 1980 3447 adversum3
2011 3398 2140 3436 nam
2181 3379 2520 3455 plerumque
2551 3393 2738 3452 praeco

542 3473 745 3547 aliquis
774 3475 1083 3533 orationem
1113 3473 1372 3543 effundit,
1395 3476 1487 3538 vel
1514 3477 1850 3535 concionem
1877 3478 2064 3546 habet,
2093 3496 2208 3550 quo
2226 3484 2402 3553 ,pacto
2429 3476 2570 3533 ritus
2595 3475 2740 3531 sacri

544 3574 715 3633 habet
740 3576 994 3653 speciem
1020 3595 1034 3631 ε
1076 3574 1167 3631 vel
1192 3574 1305 3631 loci
1331 3576 1635 3634 occasione
1666 3587 1976 3635 concentus
2011 3577 2195 3633 cultus
2222 3575 2406 3635 induit
2423 3575 2734 3632 rationem:

538 3674 631 3731 vel
667 3684 974 3752 proventus
1002 3676 1061 3732 in
1088 3674 1324 3731 haeresis
1346 3675 1612 3733 utilitates
1631 3675 1799 3743 cedit,
1823 3676 1914 3733 vel
1935 3676 2070 3731 alias
2085 3675 2288 3733 haeresi
2316 3675 2552 3733 favetur.
2638 3673 2738 3731 Sic

543 3792 650 3835 nec
690 3775 823 3831 licet
847 3792 943 3830 eas
980 3773 1133 3831 adire
1174 3793 1343 3831 causa
1382 3774 1651 3831 audiendi
1693 3776 2094 3832 concionantes
2134 3774 2204 3831 de
2246 3773 2639 3850 temperantia,
2667 3771 2736 3829 de

541 3870 813 3939 libertate,
842 3872 1037 3928 aliisve
1065 3872 1352 3940 11010111ιο,
1398 3874 1600 3945 quibus
1641 3874 1980 3949 plerumque
2023 3873 2269 3949 plurima
2301 3873 2434 3930 fidei
2464 3871 2742 3929 contraria

542 3969 883 4035 immiscent,
912 3970 1003 4026 vel
1030 3970 1187 4027 falsis
1216 3972 1468 4030 nituntur
1494 3972 1830 4047 principiis:
1861 3972 1965 4030 sed
1991 3991 2098 4031 nec
2139 3972 2373 4048 expedit
2407 3969 2738 4037 catholicos,

509 4072 520 4082 ‘
544 4067 715 4123 etiam
743 4068 939 4133 laicos,
968 4063 1184 4125 eisdem
1214 4068 1283 4125 de
1321 4072 1489 4128 rebus
1516 4072 1576 4128 in
1605 4080 1884 4129 sectarum
1911 4071 2168 4129 ecclesiis
2195 4072 2557 4135 concionari;
2600 4087 2740 4144 prae-

542 4165 739 4221 sertim
766 4164 815 4220 si
844 4165 1139 4225 acatholici
1167 4166 1339 4225 simul
1364 4170 1702 4227 concionem
1730 4170 1993 4236 habeant,
2025 4172 2122 4243 qui
2151 4188 2306 4246 saepe
2345 4179 2503 4226 extra
2527 4167 2738 4224 limites

532 4267 722 4341 justos
745 4273 1077 4321 ¹excurrunt.
1132 4266 1198 4322 Si
1219 4284 1408 4341 praeco
1430 4267 1578 4325 adsit
1597 4268 1698 4341 qui
1722 4272 1924 4345 preces
1947 4262 2200 4328 effundat
2219 4279 2350 4344 post
2375 4267 2733 4332 concionem,

613 4473 698 4536 (1)
738 4470 825 4521 IV.
850 4433 970 4531 Reg.
991 4485 1033 4519 c.
1055 4486 1101 4518 v.
1125 4472 1202 4519 19.
1344 4474 1424 4537 (2)
1461 4472 1590 4521 Vide
1612 4474 1796 4536 MaonL
1822 4474 1972 4541 Βίῳ.
1997 4472 2246 4525 Praeamb.
2269 4490 2351 4537 qu.
2374 4474 2410 4523 ii
2431 4476 2517 4521 art.
2539 4470 2592 4519 ii.
2617 4473 2663 4529 ἦ.
2682 4472 2728 4516 3.
