3117 5217
470 559 585 616 130
666 555 781 615 DE
810 517 1328 616 srecrALmM
1358 551 1888 615 INJURIARUM
1917 551 2550 612 REPARATIONE.

468 723 851 783 detrahendo:
902 728 959 782 3.
1001 723 1053 781 si
1080 723 1283 782 habeat
1318 723 1469 780 bona
1511 722 1763 799 propria,
1808 720 1936 797 plus
1975 719 2108 778 filiis
2147 720 2439 796 legitimis,
2482 737 2653 792 quam

464 822 659 898 spurio
700 823 1111 896 relinquendo:
1160 826 1217 883 4.
1264 823 1521 898 spurium
1569 818 1892 880 inducendo
1933 830 2016 887 ut,
2059 817 2384 878 haereditate
2428 818 2644 885 relicta,

464 922 799 998 religiosum
874 931 1079 980 statum
1140 921 1566 998 complectatur,
1627 922 1677 978 si
1741 918 1998 978 videatur
2061 917 2323 977 idoneuS.
2434 917 2650 993 Dispu-

466 1031 583 1078 tant
609 1020 855 1097 theologi
894 1031 1083 1080 utrum
1128 1031 1387 1079 teneatur
1418 1033 1599 1078 mater
1636 1034 1804 1078 suum
1843 1017 2114 1080 delictum
2143 1018 2363 1084 marito,
2394 1017 2486 1075 vel
2510 1015 2650 1082 filio,

476 1117 747 1196 pandera,
774 1121 825 1176 si
866 1121 1008 1180 alias
1032 1119 1241 1180 damna
1282 1127 1526 1192 nequeat
1564 1129 1832 1176 avertere.
1917 1119 1998 1176 Iis
2042 1117 2388 1177 assentimur
2411 1117 2509 1188 qui
2554 1116 2653 1172 vix

468 1237 721 1291 unquam
748 1237 873 1276 eam
900 1219 1139 1297 obligari
1180 1219 1249 1278 ad
1292 1217 1433 1277 illud
1468 1219 1672 1276 marito
1714 1216 2170 1295 patefaciendum
2213 1225 2433 1292 putant,
2474 1231 2649 1286 quum

468 1320 657 1396 gravis
704 1319 804 1386 ira,
854 1319 1033 1377 aliave
1077 1321 1335 1397 ingentia
1382 1317 1529 1376 mala
1575 1335 1650 1375 ex
1695 1318 1792 1376 illa
1817 1317 2162 1376 revelatione
2209 1315 2458 1372 timenda
2498 1315 2644 1371 sint:

468 1417 709 1495 proinde
750 1427 789 1454 ‘⁴
810 1414 1056 1486 mulieri,
1086 1435 1211 1492 quae
1240 1419 1533 1496 ignorante
1575 1418 1774 1476 marito
1813 1416 1886 1474 de
1913 1416 2191 1474 adulterio
2218 1415 2441 1490 prolem
2471 1413 2650 1473 susci-

469 1519 571 1594 pit,
602 1517 861 1589 quamvis
888 1517 945 1574 id
971 1518 1097 1575 viro
1136 1535 1243 1576 suo
1284 1518 1479 1576 timeat
1508 1516 1786 1584 confiteri,
1815 1535 1931 1574 non
1971 1526 2060 1574 est
2101 1507 2436 1592 poeniteirtia
2475 1513 2647 1570 dene-

471 1608 749 1694 ganda.”¹
832 1617 962 1675 Nec
988 1617 1109 1677 filio
1135 1619 1352 1695 spurio,
1381 1634 1488 1674 nec
1516 1615 1644 1673 aliis
1671 1617 1887 1674 crimen
1925 1615 2250 1674 necessario
2288 1610 2651 1670 revelandum

470 1716 789 1792 opinamur,
820 1716 871 1772 si
896 1715 1169 1775 damnum
1196 1717 1359 1776 famae
1388 1715 1540 1788 quod
1569 1725 1749 1772 mater
1771 1716 2007 1782 subiret,
2034 1714 2208 1791 longe
2235 1721 2468 1788 superet
2493 1710 2650 1768 dam-

399 1798 405 1804 ·
474 1833 608 1872 num
638 1815 821 1872 mariti
863 1825 919 1872 et
960 1816 1245 1874 filiorum:
1288 1813 1441 1887 quod
1485 1815 1826 1892 plerumque
1868 1812 2072 1872 accidit
2109 1813 2331 1871 mulieri
2372 1811 2537 1868 famae
2575 1810 2658 1866 in·

474 1923 666 1989 tegrae,
694 1925 749 1970 et
774 1913 1119 1974 conditionis
1148 1913 1299 1972 haud
1324 1913 1476 1972 vilis.
1559 1913 1626 1970 Si
1656 1912 1788 1972 vero
1817 1913 2054 1971 infamia
2079 1931 2196 1971 non
2222 1912 2298 1968 sit
2323 1919 2494 1977 tanta,
2525 1926 2656 1966 cen·

472 2019 602 2069 sent
627 2011 817 2088 plures
846 2015 1097 2091 theologi
1124 2032 1257 2071 cum
1284 2013 1348 2071 S.
1378 2012 1682 2088 Alphonso
1709 2013 1781 2070 de
1808 2013 2066 2089 Ligorio,
2095 2021 2328 2070 matrem
2358 2010 2566 2068 debere
2591 2025 2654 2064 se

472 2109 733 2190 prodere,
763 2131 867 2188 spe
894 2111 1201 2192 affulgente
1236 2112 1527 2178 damnum,
1571 2114 1886 2188 praesertim
1929 2112 2238 2188 publicum,
2283 2111 2368 2167 sic
2407 2118 2659 2166 averten-

474 2209 641 2266 dum:
674 2229 745 2268 v:
777 2231 852 2288 gt
898 2220 937 2248 ‘⁸
961 2214 1009 2270 si
1052 2224 1230 2271 mater
1268 2230 1331 2269 se
1374 2208 1792 2270 manifestando
1837 2211 1956 2270 filio
1995 2213 2212 2287 spurio,
2256 2207 2658 2267 verosimiliter

478 2322 731 2385 speraret
754 2311 934 2368 filium
960 2313 1324 2378 crediturum,
1368 2312 1650 2382 bonisque
1689 2328 2007 2378 cessurum,
2051 2328 2156 2367 nec
2197 2309 2482 2366 timeretur
2521 2306 2660 2363 ulte·

478 2411 594 2466 rior
620 2427 826 2485 magna
852 2410 1102 2479 infamia,
1132 2421 1227 2469 aut
1252 2411 1477 2468 vexatio
1506 2402 1798 2468 mat.1·is.”⁵¹
1877 2409 2060 2467 Filius
2081 2419 2268 2467 tamen
2297 2409 2459 2466 matri
2489 2407 2660 2464 etiam

468 2509 793 2584 juramento
820 2513 1106 2568 attestanti
1143 2511 1203 2568 in
1242 2511 1371 2586 ipso
1413 2510 1610 2568 mortis
1651 2510 1890 2568 articulo
1931 2528 2044 2567 non
2087 2518 2308 2568 tenetur
2341 2506 2572 2564 credere
2599 2523 2662 2562 se

479 2625 607 2663 esse
634 2609 911 2682 spurium,
934 2612 1067 2681 qnia
1092 2629 1265 2669 nemo
1288 2620 1507 2668 tenetur
1526 2609 1758 2667 credere
1776 2611 1878 2668 uni
1901 2609 2051 2676 testi,
2080 2609 2185 2665 etsi
2213 2595 2663 2683 probatissima-³

482 2705 567 2763 Ita
594 2709 843 2766 sentiunt
871 2709 1097 2785 plurimi
1124 2710 1395 2786 theologi,
1440 2709 1726 2766 nonnullis
1773 2717 1968 2766 contra
2013 2707 2384 2765 sentientibus
2427 2705 2666 2762 “Secus

480 2817 671 2864 tamen
692 2807 1017 2876 dicendum,
1046 2809 1096 2866 si
1123 2808 1311 2866 adsint
1331 2807 1539 2865 indicia
1567 2809 1644 2864 ita
1666 2807 2043 2873 vehementia,
2071 2817 2136 2862 ut
2151 2805 2306 2863 filius
2333 2806 2391 2862 in
2417 2804 2542 2862 soro
2569 2821 2667 2860 ex·

480 2917 639 2961 terno
670 2914 957 2977 tamquam
984 2908 1213 2983 spurius
1248 2906 1740 2973 condemnaretur,
1784 2918 1953 2982 prout
1991 2906 2041 2963 si
2083 2914 2265 2963 mater
2305 2904 2452 2961 clare
2481 2914 2668 2960 osten-

476 3002 638 3060 deret
659 3004 1071 3078 impotentiam,
1099 3006 1191 3065 vel
1230 3007 1542 3064 absentiam
1571 3005 1756 3064 mariti
1787 3012 2044 3082 tempore
2073 2995 2588 3082 procreationi2.”⁴

556 3105 697 3159 220.
742 3103 809 3160 Si
835 3105 991 3162 nulla
1014 3105 1107 3162 vel
1134 3125 1307 3183 parva
1332 3107 1409 3163 sit
1432 3104 1754 3173 haereditaS‚
1783 3114 1841 3162 et
1879 3107 2110 3181 spurius
2135 3121 2370 3179 operam
2417 3119 2576 3161 suam
2605 3101 2666 3158 in

480 3201 773 3259 utilitatem
804 3204 980 3278 putati
1006 3205 1182 3278 patris
1209 3203 1595 3279 impendendo
1621 3222 1725 3279 pro
1753 3204 2039 3267 alimentis
2055 3212 2113 3261 et
2137 3203 2478 3260 educatione
2507 3219 2664 3259 com-

484 3302 825 3374 pensaverit,
854 3302 1009 3360 nulla
1036 3302 1257 3360 videtur
1284 3302 1476 3360 deberi
1504 3303 1798 3360 restitutio.

558 3403 699 3457 221.
744 3399 986 3466 Quando
1014 3392 1305 3460 dubitatur'
1321 3411 1509 3459 utrum
1538 3402 1728 3478 proles
1755 3403 1828 3482 sit
1846 3401 2176 3469 adulterina,
2199 3401 2292 3458 vel
2313 3419 2385 3458 ex
2405 3399 2666 3476 legitimo

482 3500 785 3557 concubitu
812 3513 1108 3578 concepta,
1137 3502 1497 3578 praesumitur
1517 3521 1643 3559 eam
1667 3520 1794 3560 esse
1823 3502 2158 3578 legitimam,
2181 3518 2356 3572 quum
2377 3499 2667 3557 matrimo-

490 3600 649 3658 nium
682 3602 999 3677 possideat:
1045 3611 1287 3659 attamen
1335 3619 1439 3678 pro
1482 3601 1640 3658 dubii
1679 3601 1895 3659 ratione
1937 3600 2238 3676 Laymann
2281 3608 2480 3657 censet
2519 3596 2673 3654 adul-

486 3711 669 3758 terum
696 3701 1017 3760 satisfacere
1044 3697 1301 3760 debere.⁵
1380 3700 1555 3758 Matri
1577 3699 1876 3758 affirmanti
1895 3701 2115 3775 prolem
2143 3717 2270 3756 esse
2299 3698 2667 3757 adulterinam

486 3815 601 3855 non
630 3809 846 3858 tenetur
872 3801 1087 3859 adulter
1126 3801 1376 3868 credere,
1408 3801 1520 3858 nisi
1563 3800 1672 3857 alia
1710 3809 2020 3874 suppetant
2059 3808 2392 3875 argumenta
2431 3815 2559 3855 eam
2598 3811 2673 3852 ex

488 3897 789 3955 concubitu
818 3899 1075 3975 legitimo
1102 3919 1221 3960 non
1246 3918 1373 3958 esse
1400 3910 1611 3958 natam.
1695 3899 1762 3956 Si
1801 3907 2026 3956 constet
2052 3898 2272 3974 prolem
2299 3915 2431 3954 esse
2457 3895 2672 3954 adulte·

488 3995 693 4061 tinam,
716 4015 841 4070 quae
868 4000 1087 4056 scilicet
1124 4000 1323 4056 marito
1349 4000 1549 4074 procul
1577 3998 1819 4075 degente
1860 4007 1987 4055 nata
2013 3998 2090 4055 sit
2113 4017 2130 4064 ;
2171 3997 2458 4068 dubitetur
2483 4005 2670 4052 autem

490 4094 655 4171 cujus
683 4096 774 4163 sit,
804 4115 980 4168 quum
1008 4098 1212 4155 mulier
1238 4116 1370 4155 cum
1399 4099 1652 4173 pluribus
1695 4097 2074 4166 consueverit,
2104 4097 2323 4155 nullum
2353 4095 2424 4152 ad
2453 4094 2673 4171 prolem

490 4193 749 4251 alendam
765 4196 973 4263 teneri,
1004 4197 1069 4253 S.
1099 4195 1431 4271 Alphonsus
1472 4215 1604 4255 cum
1647 4198 1772 4255 aliis
1814 4199 2004 4256 sentit.
2048 4196 2366 4254 Advertens
2397 4193 2680 4280 posterior

568 4357 653 4421 (1)
693 4355 815 4418 Cap.
841 4355 1001 4415 officii,
1024 4358 1053 4404 9
1078 4355 1137 4406 de
1150 4356 1332 4422 poenit.
1354 4361 1401 4408 et
1421 4358 1612 4408 remiss.

569 4441 652 4506 (2)
692 4437 750 4487 L.
774 4439 841 4487 iii.
864 4454 913 4488 n.
938 4442 1053 4490 653.
1244 4462 1255 4466 ·
1460 4445 1545 4509 (3)
1587 4443 1685 4490 Ex.
1712 4441 1772 4490 C.
1797 4441 2040 4499 Relatum,
2062 4439 2120 4491 de
2143 4444 2340 4491 testam.

571 4527 655 4591 (4)
695 4523 749 4571 S.
770 4524 921 4589 Alph.
942 4521 975 4575 l.
998 4522 1064 4574 iii.
1088 4538 1137 4574 n.
1162 4525 1276 4575 654.
1449 4529 1537 4592 (5)
1577 4525 1638 4574 1..
1660 4525 1727 4576 iii.
1749 4525 1811 4574 de
1832 4526 1962 4575 Just.
1981 4520 2134 4574 Tract
2153 4525 2222 4574 iii.
2245 4539 2345 4587 par.
2368 4521 2435 4571 iii.
2458 4538 2485 4570 c
2510 4520 2608 4569 xiv.
2629 4521 2678 4566 3.
