3117 5217
491 532 610 589 854
1174 549 1183 557 ·
1279 531 1394 591 DE
1437 481 1881 591 CENSUizIS.

493 704 612 755 tum
653 690 972 755 dividitur-¹
1055 693 1116 753 A
1141 696 1294 773 jure
1323 695 1530 758 dIcitur
1564 697 1695 763 lata,
1726 675 1949 768 duoties
1975 694 2151 753 fertur
2168 714 2391 765 canone
2430 691 2681 767 quodam

491 795 766 871 generali,
807 795 896 853 vel
931 803 1136 851 statuto
1177 804 1473 870 perpetuo,
1519 795 1645 853 sive
1692 813 1725 851 a
1762 795 2003 853 summis
2045 794 2443 860 Pontificibus,
2473 793 2601 849 sive
2640 809 2675 845 a

495 892 750 965 quolibet
784 890 1082 967 episcopo.
1163 890 1262 949 Ab
1289 891 1530 951 homine
1568 911 1809 952 censura
1840 901 1945 959 est,
1982 910 2110 963 quae
2137 892 2311 949 fertur
2334 892 2510 948 instar
2534 906 2677 963 prae-

494 991 644 1066 cepti
695 990 813 1055 uni,
855 989 948 1047 vel
991 989 1248 1066 pluribus
1299 991 1577 1065 impositi,
1620 991 1713 1047 vel
1762 989 2055 1047 sententiaa
2102 989 2439 1066 judiciariae.
2523 987 2669 1052 Quae

491 1089 850 1145 continentur
867 1088 1000 1163 jure
1027 1088 1324 1153 canonico,
1341 1088 1434 1145 vel
1459 1088 1795 1165 pontificum
1816 1088 2057 1146 decretis
2084 1096 2243 1143 extra
2268 1104 2477 1161 corpus
2495 1085 2667 1161 juris,

493 1186 584 1241 vel
611 1185 831 1241 statutis
861 1184 1200 1243 dioecesanis
1227 1204 1505 1253 censuras,
1531 1206 1567 1243 a
1584 1187 1715 1261 jure
1740 1196 1905 1243 sunt:
1948 1203 2119 1257 quam
2146 1183 2255 1241 fert
2276 1185 2583 1260 episcopus
2610 1184 2671 1238 in
2709 1231 2715 1235 .

491 1300 654 1340 reum
681 1282 1026 1357 singularem
1054 1285 1122 1341 ab
1149 1284 1384 1341 homine
1407 1293 1514 1341 est.
1600 1282 1877 1349 censurae
1906 1302 1939 1339 a
1968 1283 2099 1359 jure
2124 1300 2244 1339 non
2279 1291 2521 1347 cessant,
2548 1297 2670 1337 mo-

491 1381 672 1438 riente
699 1380 1054 1456 legislatore:
1083 1391 1312 1439 cessant
1335 1391 1522 1439 autem
1549 1400 1677 1453 quae
1706 1383 1774 1438 ab
1790 1382 2023 1439 homine
2043 1380 2375 1457 prodiemnt
2392 1388 2675 1455 praecepta

487 1474 758 1555 specialia
776 1496 908 1535 cum
925 1480 1212 1536 censuris:
1243 1477 1348 1535 sed
1363 1480 1462 1556 qui
1481 1480 1601 1556 jam
1624 1480 1907 1537 contraxit
1922 1496 2249 1551 censuram,
2269 1476 2487 1553 indiget
2512 1476 2672 1533 abso-

493 1575 706 1633 lutione
733 1595 766 1631 a
805 1593 1154 1644 successore,
1196 1577 1285 1635 vel
1325 1578 1450 1653 ejus
1489 1578 1807 1652 superiore.
1886 1576 2151 1633 Censura
2188 1573 2324 1634 latae
2364 1572 2671 1632 sententiae
2746 1621 2749 1622 γ

491 1682 577 1729 est
604 1692 690 1740 ea,
720 1692 846 1746 quae
875 1674 1004 1749 ipso
1049 1674 1194 1732 sacto
1221 1675 1584 1741 contrahitur,
1614 1674 1818 1732 delicto
1839 1684 2074 1749 patrato,
2104 1673 2248 1731 adeo
2286 1682 2349 1731 ut
2386 1690 2531 1749 opus
2555 1690 2673 1729 non

493 1772 568 1828 sit
586 1771 800 1847 Judicis
828 1774 1125 1839 sententia,
1145 1774 1257 1830 nisi
1283 1773 1471 1830 forsan
1502 1772 1571 1829 ad
1600 1772 1809 1831 factum
1840 1770 2271 1830 declarandum:
2314 1790 2551 1829 censura
2568 1768 2670 1848 se·

491 1870 690 1927 rendoe
717 1870 1026 1928 sententiae
1051 1882 1139 1927 est
1165 1871 1623 1929 comminationis
1653 1870 1844 1938 instar,
1876 1888 2001 1942 quae
2030 1871 2261 1928 nonnisi
2300 1878 2431 1945 post
2460 1868 2675 1945 judicis

487 1968 825 2023 sententiam
867 1966 1232 2025 contrahitur.
1315 1966 1675 2026 Attendenda
1700 1976 1833 2026 sunt
1856 1969 2025 2026 verba
2049 1968 2216 2043 legia.
2300 1966 2439 2043 Ipso
2461 1965 2663 2051 sacto,

489 2062 618 2140 ipso
645 2062 812 2141 jure,
858 2082 932 2122 εει)
971 2072 1135 2134 tunc,
1166 2082 1240 2123 ez·
1277 2084 1460 2133 nunc,
1501 2066 1733 2132 statim,
1762 2064 1945 2133 illico,
1978 2063 2293 2132 continuo,
2336 2064 2672 2145 confestim,

469 2178 650 2227 'mozin
670 2162 978 2237 proti-nus,
1000 2162 1137 2222 latae
1164 2165 1490 2231 sententiae,
1521 2182 1691 2221 voces
1719 2173 1869 2229 sunt,
1899 2182 2025 2235 quae
2053 2164 2220 2240 plane
2249 2163 2517 2220 denotant
2542 2180 2671 2219 sen-

495 2261 725 2317 tentiam
777 2262 984 2329 latam3
1039 2263 1184 2320 sicut
1221 2272 1278 2320 et
1318 2262 1404 2319 hae
1445 2261 1671 2321 dicendi
1722 2262 2003 2319 rationes:
2056 2262 2670 2328 excommunicamus,

489 2356 962 2434 suspenduntur,
993 2358 1472 2417 interdicuntur:
1512 2360 1604 2416 vel
1633 2359 2187 2417 excommunicatus
2222 2365 2309 2417 est
2324 2381 2350 2429 ,-
2392 2357 2673 2417 volumus

488 2470 612 2513 esse
640 2450 1249 2523 excommunicatum,
1281 2474 1639 2535 suspensum
1655 2479 1681 2526 ,-
1708 2457 1946 2514 noverit
1972 2476 2034 2514 se
2060 2457 2668 2523 excommunicatum,

485 2570 868 2630 suspensum.
953 2554 1053 2611 Sic
1101 2566 1156 2611 et
1203 2557 1371 2612 verba
1412 2554 1754 2631 imperandi,
1802 2573 1927 2626 quae
1974 2556 2253 2613 actionem
2296 2556 2508 2631 judicis
2548 2573 2666 2613 non

485 2652 802 2727 postulant:
849 2671 916 2709 v:
962 2673 1030 2731 g:
1076 2652 1384 2731 subjaceat
1423 2652 2054 2720 excommunicationi,
2083 2652 2317 2711 incidat
2346 2654 2412 2712 in
2440 2670 2670 2712 excom·

481 2749 976 2820 manicationem,
1005 2758 1250 2809 maneat
1276 2736 1626 2832 suspensae,
1656 2749 2053 2809 interdictus.-
2096 2752 2387 2809 habeatur
2414 2769 2531 2828 pro
2573 2769 2672 2808 ecc-

487 2847 946 2907 communicato.
1021 2846 1119 2906 Sit
1147 2849 1723 2916 excommunicatus,
1753 2866 2103 2925 suspensae.
2136 2858 2143 2860 ’
2172 2850 2353 2906 Secus
2380 2851 2431 2905 si
2457 2850 2673 2925 judicis

484 2946 766 3003 actionem
794 2948 963 3003 verba
988 2948 1312 3013 insinuent,v
1333 2966 1367 3003 v
1391 2966 1406 3003 :
1437 2966 1506 3023 g:
1541 2946 2111 3014 excommunicetur,
2142 2946 2565 3025 suspendatur,
2594 2946 2669 3005 ab

488 3040 741 3101 eeclesiae
766 3042 1054 3121 ingressu
1092 3053 1389 3112 arceatur,
1412 3032 1798 3103 ’decernimus
1839 3044 2504 3113 eoecommunicandum,
2539 3062 2673 3101 sua-

472 3141 998 3219 pendendum—etc.
1041 3152 1078 3179 ‘⁶
1102 3153 1158 3199 at
1184 3145 1235 3199 si
1262 3144 1514 3200 absolute
1543 3144 1714 3201 modo
1742 3146 2076 3219 imperativo
2104 3144 2401 3219 profertur,
2429 3162 2675 3201 censura

485 3236 724 3295 dicenda
750 3248 837 3295 est
861 3237 986 3295 latae
1015 3232 1408 3296 sententiae.''²
1489 3240 1681 3297 Verba
1706 3242 1877 3298 futuri
1913 3244 2185 3318 temporis
2226 3243 2562 3299 sententiam
2590 3241 2671 3298 fe-

481 3334 717 3393 rendam
745 3336 1100 3412 significant:
1133 3338 1775 3407 excommunicabitur,
1802 3340 2218 3416 suspendetur.
2276 3338 2665 3397 Comminatio

481 3434 818 3509 plerumque
847 3433 1048 3494 eodem
1075 3435 1308 3493 recidit:
1355 3436 1464 3493 sub
1497 3456 1678 3517 poena
1719 3438 2383 3505 eaecommunicationis,
2424 3454 2671 3515 suspen-

485 3532 698 3601 sionis,
722 3534 831 3592 sub
859 3534 1352 3593 interminatione
1379 3536 1787 3595 anathematis
1806 3557 1828 3594 .·
1866 3537 2168 3607 aliquando
2196 3546 2386 3593 tamen
2424 3555 2488 3592 ea
2530 3535 2671 3611 adji-

487 3632 735 3700 ciuntur,
769 3652 893 3705 quae
921 3636 1258 3691 sententiam
1299 3634 1470 3691 latam
1512 3634 1852 3693 ostendunt:
1899 3654 1952 3690 v.
1980 3631 2067 3709 'gn
2100 3635 2209 3691 sub
2228 3634 2409 3711 poena
2437 3652 2670 3692 excom-

483 3732 921 3790 municationis
939 3733 1149 3791 statim
1177 3732 1574 3800 incurrendae,
1598 3732 1688 3789 vel
1716 3732 1815 3790 cui
1834 3732 2065 3799 statim,
2089 3731 2403 3813 confestim
2424 3732 2671 3790 omnino

485 3823 843 3907 subjaceat.³
883 3830 1121 3901 Quoties
1143 3830 1443 3898 dubitatur,
1464 3840 1650 3889 utrum
1680 3849 1917 3890 censura
1946 3832 2018 3888 sit
2042 3832 2153 3887 lata
2181 3832 2269 3888 vel
2298 3828 2550 3897 ferenda,
2571 3832 2668 3887 be-

477 3928 706 4003 nignior
730 3928 1117 4002 interpretatio
1146 3929 1371 3986 vincere
1412 3928 1597 3997 debet,
1619 3930 1785 4005 juxta
1811 3930 1959 4005 juris
1988 3929 2276 4005 regulam:
2323 3928 2438 3984 “in
2480 3928 2664 4002 poenis

480 4025 781 4101 benignior
807 4035 894 4081 est
918 4026 1302 4102 interpretatio
1343 4022 1715 4086 facienda:”⁴
1754 4026 1853 4084 sed
1880 4036 1939 4084 et
1964 4046 2104 4087 usus
2146 4024 2517 4084 attendendus
2558 4036 2665 4083 est.

550 4166 634 4231 (l)
676 4163 735 4211 C.
759 4178 843 4213 xx.
867 4164 926 4215 de
947 4164 1126 4216 verbor.
1149 4166 1330 4235 sign-is.

550 4248 634 4312 (2)
681 4244 800 4294 Vide
820 4246 948 4310 apud
962 4248 1192 4307 Antoine,
1213 4264 1275 4298 ex
1300 4264 1398 4311 quo
1412 4248 1637 4312 pleraque
1654 4247 1772 4296 haec.
1791 4248 2143 4311 descripsimus,
2161 4248 2323 4297 Tract.
2340 4247 2399 4299 dc
2422 4248 2663 4307 censuris,

477 4346 519 4378 c.
542 4345 573 4378 1.
997 4358 1002 4361 -

549 4416 634 4479 (3)
675 4414 726 4463 S.
751 4414 1048 4478 Alphonsus,
1073 4416 1104 4463 l.
1126 4414 1208 4473 vii,
1229 4431 1282 4467 n.
1307 4418 1354 4463 8.
1697 4415 1783 4483 (ᾧ)
1822 4414 1941 4477 Reg-
1964 4416 2062 4463 xlv·
2081 4415 2134 4464 in
2158 4417 2203 4463 6.
