3117 5217
1288 1312 1643 1385 PARS
1748 1312 1827 1383 I.

1340 1540 1462 1603 DE
1505 1542 1544 1602 J
1549 1541 1757 1603 URE.

1358 1918 1646 1978 CAPUT
1691 1920 1739 1979 1.

1344 2128 1422 2167 nn
1463 2108 1743 2169 nomme.

527 2282 583 2334 3.
626 2276 719 2334 De
747 2274 988 2336 dominii
1011 2280 1232 2355 origine
1261 2278 1502 2353 quaestio
1529 2280 1750 2337 institui
1776 2280 1945 2349 solet,
1976 2297 2147 2352 quam
2176 2288 2367 2337 tamen
2409 2279 2641 2335 nonnisi

446 2375 819 2452 conjectando
847 2376 1074 2440 solvunt
1100 2370 1409 2453 plerique.¹
1462 2377 1755 2450 Equidem
1776 2380 1963 2454 primo
1990 2378 2212 2436 homini
2233 2377 2551 2437 dominium
2579 2378 2641 2435 in

447 2491 542 2529 res
583 2493 784 2532 omnes
813 2476 880 2533 ab
916 2476 1077 2536 initio
1105 2495 1444 2536 concessum
1470 2478 1654 2549 liquet
1684 2495 1760 2535 ex
1803 2477 2053 2537 Genesis
2092 2479 2448 2536 narratione:
2494 2478 2639 2534 natis

451 2581 640 2628 autem
671 2572 726 2629 ei
753 2570 883 2631 filiis
911 2570 1217 2649 quamdam
1232 2565 1509 2631 'tributam
1537 2561 1938 2649 proprietatem
1966 2574 2100 2632 inde
2121 2576 2290 2632 etiam
2314 2574 2637 2651 colligitur;

445 2688 579 2727 nam
599 2670 745 2728 Abel
771 2672 1014 2731 refertur
1039 2674 1169 2731 Deo
1197 2671 1470 2731 obtulisse
1499 2690 1737 2730 munera
1762 2690 1837 2729 ex
1859 2674 2256 2749 primogenitis
2279 2672 2469 2748 gregis
2498 2664 2642 2728 sui.²

446 2768 795 2828 Verosimile
823 2780 912 2829 est
937 2791 1010 2829 ex
1040 2771 1212 2849 patris
1241 2772 1480 2831 humani
1507 2772 1734 2850 generis
1764 2771 2049 2831 voluntate
2077 2770 2384 2847 imprimis,
2408 2779 2464 2827 et
2482 2769 2639 2826 dein-

443 2885 604 2943 cepS,
633 2868 934 2928 hominum
961 2888 1202 2950 numero
1237 2881 1424 2938 aucto,
1445 2888 1518 2927 ex
1543 2873 1839 2931 seniorum
1868 2870 2152 2945 praecipue
2180 2870 2428 2936 arbitri0‚
2445 2886 2637 2928 rerum

441 2968 848 3043 proprietatem
873 2970 1115 3056 singulis
1143 2969 1520 3037 distributam,
1549 2989 1722 3043 quam
1750 2979 1951 3048 gentes
1979 2970 2263 3028 universae
2291 2969 2411 3026 suis
2454 2988 2578 3026 mor
2590 2970 2634 3025 i-

447 3065 550 3121 bus
569 3142 583 3150 ,
619 3065 960 3143 legibusque
1026 3068 1455 3129 confirmarunt.
1540 3070 1683 3137 Quae
1738 3069 1809 3128 de
1864 3069 2277 3125 communitate
2345 3070 2631 3126 bonorum

436 3162 589 3222 haud
617 3166 692 3222 ita
738 3166 960 3243 pridem
988 3164 1319 3245 Eugenius³
1361 3170 1575 3242 aliique
1619 3171 2019 3247 excogitarunt
2056 3167 2356 3244 principia,
2393 3166 2633 3224 humani

439 3265 667 3339 generis
717 3266 1119 3325 consuetudini
1139 3279 1431 3345 perpetuae
1471 3268 1861 3337 adversantur,
1910 3278 1969 3323 et
2010 3267 2248 3337 inertiae,
2287 3258 2525 3343 rapinae,
2577 3274 2637 3323 et

438 3361 810 3425 dissidiorum
853 3366 1109 3427 fomitem
1158 3369 1444 3444 praebent:
1493 3369 1715 3427 sublata
1760 3369 1917 3427 e’nim
1944 3368 2305 3443 proprietate,
2333 3365 2629 3424 industriae

438 3463 651 3520 stimuli
680 3466 1106 3532 subtrahuntur,
1136 3475 1194 3523 et
1209 3452 1443 3543 justitiae
1471 3469 1632 3527 notio
1660 3466 1967 3525 evanescit.
2036 3463 2306 3524 Dilucide
2333 3482 2632 3541 exponun-

439 3569 528 3618 tur
552 3564 802 3623 rationes
823 3564 912 3623 hae
940 3566 1011 3623 ab
1039 3566 1317 3642 Angelico
1345 3567 1629 3625 Doctore:
1718 3575 1757 3603 ‘⁶
1778 3562 1891 3625 Est
1915 3565 2084 3621 etiam
2124 3564 2517 3621 necessarium
2560 3561 2632 3618 ad

442 3658 753 3722 humanam
781 3666 978 3733 vitam,
1009 3675 1244 3742 propter
1272 3667 1395 3724 tria.
1481 3667 1682 3725 Primo
1711 3665 1967 3738 quidem,
1997 3662 2131 3732 quia
2157 3661 2341 3735 magis
2369 3661 2629 3718 solicitus

435 3770 526 3817 est
570 3765 966 3836 unusquisque
1009 3764 1081 3822 ad
1119 3765 1542 3842 procurandum
1585 3762 1801 3835 aliquid
1842 3759 1997 3836 quod
2037 3760 2147 3817 sibi
2190 3758 2298 3817 soli
2338 3748 2629 3836 competit,

439 3877 612 3931 quam
653 3860 712 3919 id
752 3862 905 3935 quod
944 3874 1034 3921 est
1069 3882 1376 3923 commune
1417 3864 1700 3928 omnium,
1744 3862 1837 3920 vel
1890 3858 2233 3920 multorum:
2282 3860 2416 3934 quia
2455 3879 2629 3919 unus-

435 3958 683 4029 quisque
721 3960 976 4021 laborem
1015 3962 1264 4039 fugiens,
1304 3962 1578 4032 relinquit
1602 3961 1764 4029 alteri
1802 3960 1862 4020 id
1903 3958 2057 4033 quod
2098 3960 2345 4038 pertinet
2372 3960 2442 4019 ad
2470 3978 2627 4018 com-

433 4074 632 4125 mune,
660 4060 811 4118 sicut
849 4060 1058 4120 accidit
1093 4064 1155 4119 in
1194 4059 1559 4119 multitudine
1600 4060 2013 4124 ministrorum.
2097 4059 2229 4117 Alio
2268 4060 2462 4127 modo,
2493 4059 2628 4131 quia

437 4154 750 4217 ordinatius
776 4178 868 4217 res
896 4161 1162 4219 humanae
1192 4169 1514 4227 tractantur,
1543 4160 1594 4220 si
1620 4161 1863 4238 singulis
1891 4159 2188 4217 immineat
2223 4160 2454 4235 propria
2492 4174 2627 4212 cura

514 4330 600 4398 t1)
638 4330 848 4385 Censuit
866 4342 1026 4399 potest
1037 4334 1333 4387 Blackstone
1357 4332 1549 4385 Comm.
1575 4338 1605 4386 1.
1627 4336 1677 4385 ii.
1701 4336 1777 4385 ch.
1800 4336 1832 4385 i.
2143 4336 2228 4401 (2)
2267 4334 2393 4385 Gen.
2416 4334 2479 4384 iv.
2496 4336 2545 4381 4.

1281 4419 1366 4488 (3)
1405 4418 1569 4482 Vulgo
1593 4420 1788 4470 Owens.
1992 4420 1997 4432 ’
