3117 5217
1101 557 1213 616 DE
1256 554 1950 615 COOPERATIONE.
2495 562 2614 617 327

430 722 669 791 domini,
698 720 949 781 fovendo
976 728 1196 798 turpem
1236 722 1361 797 ejus
1399 719 1721 779 amorem.'’
1806 721 2050 780 Litteras
2089 720 2422 799 hujusmodi
2451 740 2484 779 a
2519 721 2616 780 do-

428 822 587 879 mino
612 821 851 899 scriptas
879 839 991 879 non
1030 819 1165 879 licet
1203 820 1443 887 deferre,
1474 819 1612 893 quia
1647 820 1733 878 sic
1761 820 1930 879 etiam
1972 820 2196 879 fovetur
2220 822 2402 897 turpis
2431 840 2610 888 amor,

428 919 625 979 famuli
674 938 865 996 opera.
951 918 1273 979 Censendoe
1326 929 1513 978 autem
1565 927 1702 977 sunt
1750 929 1942 996 turpes
1986 920 2206 988 litterae,
2261 919 2490 992 quando
2543 920 2614 978 de

428 1038 601 1096 prava
619 1016 1029 1079 consuetudine
1056 1028 1293 1077 constat.
1362 1018 1479 1077 Sed
1508 1019 1557 1077 si
1587 1027 1801 1077 tantum
1831 1019 1906 1077 sit
1929 1018 2104 1096 hujus
2129 1019 2405 1095 suspicio,
2434 1020 2615 1079 samu·

424 1119 513 1179 lus
554 1120 771 1177 ratione
808 1118 984 1177 officii
1024 1128 1357 1183 excusatum
1402 1138 1507 1177 nec
1546 1118 1704 1177 enim
1747 1127 1966 1177 tenetur
2001 1120 2241 1177 scrutari
2267 1118 2489 1177 domini
2527 1138 2612 1175 ar·

428 1237 588 1284 cana,
618 1217 707 1274 vel
734 1216 803 1273 de
830 1217 1066 1275 occultis
1094 1217 1219 1293 ejus
1248 1218 1496 1293 peccatis
1515 1215 1795 1293 judicare.

510 1320 643 1373 143.
690 1314 1001 1390 caupones
1030 1316 1129 1387 qui
1166 1332 1365 1373 carnes
1406 1316 1662 1391 praebent
1701 1314 2018 1391 petentibus
2046 1314 2106 1373 in
2133 1314 2332 1374 diebus
2358 1315 2611 1375 esuriali-

427 1416 550 1481 bus,
581 1416 640 1473 in
667 1413 757 1471 his
783 1414 1133 1490 regionibuS‚
1162 1414 1425 1473 videntur
1462 1415 1765 1482 excusari3
1807 1430 1986 1487 quum
2023 1412 2178 1471 enim
2207 1416 2466 1491 plerique
2493 1416 2612 1473 sint

428 1512 745 1579 acatholici,
788 1522 845 1570 et
880 1512 1109 1590 plurimi
1147 1513 1301 1573 haud
1341 1514 1610 1590 baptizati
1654 1514 1788 1581 sint,
1814 1513 1903 1570 vel
1946 1511 2169 1589 legibus
2214 1512 2614 1572 ecclesiasticis

427 1631 543 1671 non
570 1611 1009 1688 adstringuntur,
1039 1613 1129 1670 vel
1164 1630 1261 1671 eas
1301 1612 1501 1671 saltem
1527 1632 1643 1671 non
1671 1621 2025 1689 agnoscunt3
2067 1622 2125 1669 et
2150 1611 2392 1689 proinde
2419 1612 2612 1671 induci

428 1719 717 1782 nequeunt
740 1710 813 1769 ad
838 1730 933 1769 eas
954 1711 1281 1771 servandas.
1349 1712 1529 1788 {gitur
1552 1712 1711 1771 nullo
1737 1730 1870 1771 cum
1898 1710 2104 1780 fructu,
2133 1710 2236 1769 sed
2263 1713 2451 1790 potius
2477 1731 2610 1771 cum
2684 1718 2689 1722 '

426 1809 559 1869 fidei
605 1808 897 1868 catholicae
945 1809 1178 1878 invidia,
1221 1820 1304 1869 et·
1320 1811 1479 1887 gravi
1525 1813 1616 1869 sui
1667 1810 2058 1874 incommodo,
2106 1810 2454 1889 denegarent
2493 1810 2607 1869 illis

424 1926 711 1984 caupones
741 1928 961 1967 carnes.
1006 1910 1064 1967 N
1070 1928 1137 1967 ec
1164 1908 1447 1992 videretur
1469 1912 1648 1970 teneri
1677 1910 1748 1967 ad
1773 1929 1872 1969 eas
1893 1909 2258 1987 denegandas
2287 1909 2604 1977 catholicis,
2689 1912 2692 1915 ’

425 2026 599 2080 quum
628 2009 781 2065 enim
806 2008 868 2066 hi
907 2010 1305 2068 excusationes
1348 2010 1573 2085 possint
1612 2009 1918 2083 aliquando
1955 2009 2164 2067 habere
2204 2010 2513 2087 legitimas,
2555 2019 2614 2067 et

424 2108 583 2166 iuviti
604 2117 889 2179 nequeant
909 2106 979 2165 ad
996 2108 1157 2184 leges
1176 2102 1459 2167 Ecclesiae
1481 2108 1786 2166 servandas
1807 2107 2101 2185 adstringi,
2123 2128 2230 2167 suo
2250 2108 2612 2181 relinquendi

426 2215 559 2263 sunt
576 2206 825 2273 arbitri0,
855 2216 914 2263 et
938 2207 1320 2265 conscientiae.
1407 2206 1699 2264 Caeterum
1727 2208 1826 2279 qui
1855 2205 2188 2264 Catholicos
2217 2226 2432 2284 paucos
2460 2206 2612 2283 apud

430 2322 492 2361 se
520 2303 728 2361 habent
752 2306 1045 2373 convivas»,
1075 2325 1180 2382 pro
1206 2324 1366 2364 more
1407 2306 1684 2383 regioniS,
1728 2307 1907 2382 pretio
1947 2306 2192 2378 quodam
2235 2325 2338 2382 per
2362 2304 2616 2383 singulas

428 2400 809 2460 hebdomadas
836 2414 1087 2480 accepto,
1114 2423 1231 2463 non
1258 2404 1465 2463 debent
1490 2423 1688 2463 carnes
1714 2403 1878 2463 facile
1897 2406 2148 2482 praebere
2175 2404 2374 2463 diebus
2401 2404 2610 2473 vetitis,

426 2502 557 2573 quia
584 2502 816 2577 privatis
857 2502 915 2560 in
956 2500 1219 2562 domibus
1257 2504 1417 2579 leges
1443 2503 1726 2561 Ecclesiae
1755 2503 1976 2561 facilius
2017 2513 2342 2563 servantur:
2386 2523 2492 2561 nec
2519 2524 2612 2563 oc-

426 2601 601 2659 currit
618 2600 955 2676 plerumque
980 2602 1167 2677 gravis
1194 2603 1333 2660 ratio
1360 2620 1462 2660 cur
1500 2602 1626 2659 aliis
1652 2620 1750 2659 eas
1775 2602 2066 2660 violaturis
2094 2611 2389 2677 praestetur
2415 2620 2608 2680 opera.

426 2698 565 2759 Ideo
591 2718 707 2757 non
733 2709 868 2759 sunt
892 2701 1203 2760 excusandi
1229 2700 1324 2772 qui
1346 2718 1549 2758 carnes
1577 2701 1692 2759 illis
1717 2700 1894 2757 libere
1921 2701 2178 2777 praebent
2202 2700 2468 2758 omnibus
2494 2700 2611 2759 die-

425 2798 551 2866 bus,
579 2798 705 2858 solo
732 2808 975 2874 excepto
1014 2799 1106 2859 die
1145 2786 1427 2867 Veneris3
1471 2818 1649 2871 quum
1689 2798 1956 2875 obligatio
1983 2798 2327 2867 abstinendi,
2356 2797 2612 2871 quando·

428 2915 673 2969 cumque
700 2898 778 2955 ita
804 2898 944 2955 serat
961 2898 1059 2956 lex
1077 2908 1135 2957 et
1151 2898 1455 2974 disciplina
1474 2898 1646 2975 hujus
1667 2897 1936 2973 regionis,
1957 2916 2189 2973 semper
2213 2899 2290 2957 sit
2309 2896 2606 2958 servanda.

427 2995 683 3055 Facilius
708 3006 1054 3055 excusantur
1080 2998 1236 3056 cibos
1263 2997 1429 3065 alios,
1458 3006 1662 3074 praeter
1699 3015 1924 3063 carnes,
1951 3014 2120 3055 mane
2147 3006 2204 3054 et
2227 3014 2464 3073 vespere
2493 2997 2610 3056 die-

426 3096 533 3153 bus
553 3096 761 3173 jejunii
790 3098 847 3155 iu
876 3097 1081 3169 quibus
1108 3114 1239 3155 esus
1278 3097 1535 3155 carnium
1575 3114 1692 3154 non
1735 3095 2079 3173 indulgetur,
2107 3096 2178 3154 iis
2219 3105 2610 3173 apponentes;

425 3212 553 3252 nam
579 3206 823 3271 possunt
839 3195 1047 3253 habere
1068 3196 1495 3255 excusationem
1514 3214 1547 3251 a
1565 3196 1754 3273 rigore
1766 3196 1976 3273 jejunii
1997 3196 2069 3253 ob
2084 3196 2336 3254 laborem
2357 3214 2610 3273 gravem,

429 3295 519 3351 vel
550 3294 927 3355 valetudinem
954 3294 1107 3353 haud
1144 3295 1405 3353 firmam:
1449 3294 1582 3367 ideo
1623 3312 1713 3351 res
1741 3293 1856 3353 tuto
1887 3296 2229 3373 permittitur
2253 3294 2613 3372 singulorum

424 3395 807 3453 conscientiis.
890 3394 1131 3471 Insuper
1154 3394 1484 3453 maritorum
1520 3394 1748 3453 indoles
1789 3412 1990 3471 aspera
2027 3413 2456 3467 nonnumquam
2484 3395 2620 3455 facit

425 3499 488 3551 ut
512 3512 721 3552 uxores
748 3493 863 3551 illis
890 3494 1103 3566 absque
1128 3493 1293 3569 culpa
1333 3504 1531 3569 parent
1568 3511 1766 3551 carnes
1805 3493 2006 3551 diebus
2035 3494 2257 3551 vetitis:
2301 3512 2418 3551 non
2453 3496 2610 3553 enim

425 3589 512 3647 hae
542 3601 807 3653 tenentur
832 3590 903 3649 ad
936 3591 1361 3668 impediendum
1392 3610 1592 3651 eorum
1631 3602 1928 3669 peccatum
1961 3610 2095 3651 cum
2121 3600 2274 3650 tanto
2299 3592 2392 3650 sui
2415 3611 2613 3669 grava·

425 3689 600 3749 mine.

510 3792 644 3847 144.
688 3788 1000 3865 caupones
1043 3790 1259 3859 vinum,
1304 3789 1395 3848 vel
1436 3790 1611 3849 alium
1651 3788 1934 3862 liquorem
1978 3788 2330 3847 inebriaturis
2373 3808 2436 3847 se
2479 3808 2616 3849 ven-

426 3885 645 3957 dente&
673 3888 905 3949 nonnisi
946 3897 1101 3949 metu
1140 3890 1337 3949 mortis
1376 3891 1469 3947 vel
1508 3888 1876 3948 mutilationis
1915 3898 2156 3947 excusat
2193 3888 2265 3946 P.
2309 3886 2606 3948 Concina:

426 4004 527 4044 eos
554 3998 742 4048 tamen
768 3988 938 4047 habet
961 3998 1259 4047 excusatos
1304 3990 1368 4046 S.
1399 3988 1734 4066 Alphonsus
1775 3997 1815 4025 ‘⁶
1837 3989 1913 4048 ob
1952 3998 2166 4047 metum
2194 3988 2609 4064 cujuscumque

422 4089 611 4163 gravis
651 4088 866 4156 damni,
912 4096 1048 4167 puta
1093 4090 1143 4148 si
1188 4089 1328 4148 alias
1368 4090 1690 4148 notabiliter
1727 4088 2069 4148 laederentur
2113 4106 2186 4145 ex
2230 4086 2608 4146 diminutione

421 4196 763 4263 emptorum.
847 4189 1037 4257 Ratio,
1067 4191 1200 4263 quia
1226 4208 1357 4248 cum
1391 4190 1607 4247 nullum
1637 4206 1707 4247 eo
1735 4208 1870 4248 casu
1891 4206 2062 4267 grave
2089 4186 2362 4247 damnum
2391 4197 2610 4265 tempo-

422 4284 539 4343 rale
566 4288 833 4346 obveniat
869 4289 1171 4357 ebriaturo,
1212 4288 1453 4347 charitas
1494 4307 1612 4346 non
1641 4288 1852 4366 obligat
1889 4306 2020 4347 cum
2045 4288 2204 4364 gravi
2242 4283 2611 4347 incommodo

421 4394 717 4459 peccatum
746 4385 899 4444 illius
926 4381 1198 4445 vitare.”¹
1266 4386 1557 4445 Caeterum
1585 4388 1746 4445 nullo
1772 4387 1944 4447 modo
1971 4388 2103 4445 licet
2127 4385 2478 4461 cauponibus
2501 4400 2608 4440 eos

1300 4546 1385 4611 (1)
1425 4543 1485 4594 L.
1507 4544 1559 4595 ii.
1581 4560 1632 4595 n.
1657 4547 1744 4594 69.
