3117 5217
1133 478 1248 539 DE
1294 478 1941 557 TEMPERANTIA.
2558 486 2629 539 19

453 656 540 703 ata
545 687 754 705 .....
837 645 920 703 Et
944 644 1075 705 ideo
1103 654 1330 723 oportet
1351 645 1668 704 remedium
1689 654 1886 705 contra
1912 644 2299 721 fatigationem
2326 647 2628 706 animalem

458 744 709 803 adhiberi
736 762 840 821 per
879 745 1126 819 aliquam
1155 745 1615 813 delectationem,
1642 744 1965 803 intermissa
2002 743 2315 810 intentione
2354 744 2423 803 ad
2463 747 2633 805 insis-

456 843 687 901 tendum
715 843 904 901 studio
930 844 1182 902 rationis,
1267 846 1427 903 Sicut
1453 844 1512 904 in
1555 844 1949 903 collationibus
1976 852 2199 919 patrum
2225 844 2451 921 legitur,
2481 844 2635 918 quod

453 943 646 999 beatus
663 942 698 1001 J
704 962 919 1002 oannes
947 944 1336 1021 Evangelista,
1366 963 1496 1001 cum
1524 943 1755 1017 quidam
1776 942 2292 1001 scandalizarentur
2318 943 2475 1015 quod
2500 962 2633 1003 eum

455 1060 585 1099 cum
607 1042 903 1119 discipulis
932 1044 1050 1100 suis
1071 1042 1363 1101 ludentem
1389 1043 1727 1110 invenirent,
1752 1043 1955 1101 dicitur
1982 1042 2283 1101 mandasse
2310 1043 2409 1101 uni
2435 1061 2633 1101 eorum

457 1140 553 1211 qui
583 1122 786 1199 arcum
804 1144 1054 1217 gerebat,
1081 1152 1144 1200 ut
1169 1143 1430 1221 sagittam
1457 1142 1718 1199 traheret.
1788 1142 1957 1209 Quod
1985 1160 2116 1199 cum
2144 1142 2355 1220 pluries
2381 1142 2633 1209 fecisset,

458 1240 720 1311 quaesivit
744 1250 931 1299 utrum
959 1242 1070 1299 hoc
1099 1242 1364 1299 continue
1391 1240 1575 1298 facere
1610 1251 1849 1316 posset3
1898 1241 1997 1313 qui
2037 1240 2351 1318 respondit,
2392 1240 2545 1313 quod
2585 1241 2635 1298 si

458 1337 572 1396 hoc
597 1340 864 1398 continue
891 1339 1120 1407 faceret,
1159 1358 1321 1397 arcus
1349 1340 1719 1415 frangeretur.
1773 1339 1943 1399 Unde
1978 1339 2189 1399 Beatus
2215 1340 2469 1399 Joannes
2504 1341 2635 1399 sub-

433 1437 670 1513 uintulit,
717 1436 870 1511 quod
913 1438 1170 1496 similiter
1209 1440 1429 1496 animus
1468 1439 1719 1501 hominis
1761 1440 2135 1515 frangeretur,
2164 1440 2215 1495 si
2255 1458 2568 1513 numquam
2603 1458 2637 1495 a

465 1552 569 1593 sua
588 1536 902 1594 intentione
929 1534 1370 1595 relaxaretur.”¹
1451 1536 1790 1597 Cavendum
1820 1546 2007 1595 tamen
2048 1555 2121 1595 ne
2160 1538 2459 1597 oblectatio
2488 1539 2545 1597 in
2574 1558 2635 1597 re

462 1635 611 1710 turpi
641 1644 952 1707 quaeratur3
993 1637 1084 1694 vel
1123 1656 1196 1694 ne
1235 1637 1458 1694 animus
1496 1646 1645 1694 totus
1683 1639 1998 1704 relaxetur3
2041 1635 2134 1693 vel
2158 1636 2297 1710 quid
2322 1635 2640 1695 admittatur

463 1733 615 1804 quod
644 1752 924 1811 personae,
955 1736 1104 1804 loco,
1121 1736 1451 1813 temporive
1477 1751 1593 1793 non
1620 1738 1949 1795 conveniat:
1980 1736 2072 1793 vel
2104 1754 2179 1794 ne
2198 1734 2319 1793 ludi
2338 1737 2637 1795 occasione

461 1822 655 1909 gravia
679 1834 1040 1911 negligantur
1067 1836 1311 1913 negotia.
1396 1832 1578 1892 Rudis
1605 1834 1749 1892 soret
1784 1844 1842 1892 et
1880 1833 2121 1913 agrestis
2149 1834 2249 1908 qui
2286 1834 2485 1893 ludum
2512 1853 2634 1894 om-

464 1950 600 1989 nem
627 1942 940 2007 respueret,
969 1943 1025 1991 et
1050 1933 1356 2000 damnaret,
1384 1952 1448 1991 se
1476 1952 1742 2009 asperum
1770 1935 1896 1992 aliis
1924 1927 2285 2011 praebendo.²

545 2035 643 2089 37.
689 2032 879 2089 Grave
920 2032 1220 2105 aliquando
1259 2031 1569 2089 admittitur
1598 2042 1889 2109 peccatum
1929 2033 2211 2091 ludendo:
2264 2040 2303 2067 “
2323 2031 2477 2105 quod
2519 2036 2641 2107 qui-

467 2128 598 2186 dem
642 2140 830 2206 potest
869 2150 998 2189 esse
1040 2130 1357 2207 dupliciter.
1444 2130 1580 2189 Uno
1614 2131 1809 2198 modo,
1846 2124 2082 2209 ex‘ipsa
2114 2131 2307 2209 specie
2354 2133 2645 2191 actionum>

467 2247 592 2302 quae
621 2240 986 2289 assumuntur
1012 2232 1072 2289 in
1109 2231 1338 2289 ludum:
1383 2228 1537 2301 quod
1576 2229 1809 2303 quidem
1840 2231 2073 2309 jocandi
2106 2249 2289 2307 genus
2328 2229 2643 2289 secundum

469 2326 725 2387 Tullium
779 2329 980 2387 dicitur
1029 2348 1157 2388 esse
1205 2329 1492 2397 illiberale,
1547 2330 1830 2406 petulans,
1879 2330 2243 2408 flagitiosum,
2286 2330 2639 2399 obscoenum,

472 2427 701 2498 quando
739 2428 957 2487 scilicet
991 2431 1162 2487 utitur
1199 2428 1402 2501 aliquis
1435 2446 1605 2485 causa
1643 2428 1763 2487 ludi
1802 2431 2059 2505 turpibus
2100 2429 2286 2487 verbis
2323 2431 2414 2486 vel
2456 2429 2641 2497 factis,

474 2524 565 2581 vel
591 2526 758 2583 etiam
788 2526 878 2584 his
907 2547 1032 2601 quae
1058 2537 1300 2604 vergunt
1324 2528 1383 2584 in
1411 2528 1660 2601 proximi
1687 2538 2129 2585 nocumentum:
2159 2546 2285 2600 quae
2312 2526 2383 2585 de
2410 2546 2475 2585 se
2514 2536 2649 2585 sunt

473 2634 700 2701 peccata
737 2627 1013 2684 mortalia.
1098 2628 1180 2685 Et
1211 2627 1294 2683 sic
1341 2634 1498 2702 patet
1533 2624 1688 2697 quod
1718 2643 2007 2683 ‚excessus
2046 2627 2107 2681 in
2144 2625 2281 2682 ludo
2320 2635 2411 2682 est
2447 2644 2647 2699 pecca·

472 2732 590 2781 tum
633 2724 884 2782 mortale.
970 2726 1101 2784 Alio
1141 2736 1327 2783 autem
1372 2723 1544 2781 modo
1580 2733 1773 2801 potest
1806 2742 1935 2781 esse
1974 2741 2247 2781 excessus
2286 2723 2344 2781 in
2384 2721 2519 2781 ludo
2560 2742 2649 2781 se-

472 2821 720 2881 cundum
773 2824 1057 2883 defectum
1109 2824 1420 2883 debitarum
1476 2806 2059 2903 circumstantiarum:
2108 2831 2245 2899 puta
2294 2841 2423 2881 cum
2477 2823 2651 2897 aliqui

473 2930 705 2979 utuntur
747 2922 883 2981 ludo
923 2924 1016 2981 vel
1055 2924 1426 3001 temporibus,
1463 2922 1557 2979 vel
1596 2924 1739 2983 locis
1778 2922 2063 2988 indebitis,
2106 2932 2201 2981 aut
2238 2923 2405 2981 etiam
2447 2927 2651 2998 pr'aeter

475 3022 931 3080 convenientiam
981 3024 1198 3100 negotii
1249 3040 1350 3079 seu
1397 3040 1677 3099 personae.
1760 3022 1843 3080 Et
1884 3022 1995 3080 hoc
2037 3020 2267 3093 quidem
2308 3020 2649 3095 quandoque

476 3128 663 3197 potest
677 3140 805 3179 esse
823 3132 1118 3199 peccatum
1133 3122 1388 3189 mortale,
1409 3129 1641 3197 propter
1653 3120 2071 3179 vehementiam
2090 3119 2325 3179 affectus
2342 3120 2411 3179 ad
2431 3119 2648 3189 ludum,

473 3220 636 3297 cujus
663 3219 1092 3279 delectationem
1121 3204 1404 3297 praeponit
1429 3220 1633 3293 aliquis
1660 3220 1947 3280 dilectioni
1987 3219 2123 3289 Dei,
2150 3222 2229 3278 ita
2263 3220 2419 3293 quod
2458 3230 2653 3279 contra

477 3329 823 3397 praeceptum
850 3321 984 3389 Dei,
1017 3321 1107 3377 vel
1132 3320 1432 3389 Ecclesiae,
1461 3320 1663 3378 talibus
1688 3320 1841 3378 ludis
1876 3321 1957 3377 uti
1990 3338 2110 3378 non
2146 3318 2407 3395 refugiat.
2461 3319 2653 3385 Quan-

478 3415 667 3490 doque
696 3429 882 3478 autem
912 3430 998 3477 est
1025 3429 1318 3495 peccatum
1344 3419 1586 3489 veniale,
1616 3431 1753 3497 puta
1778 3420 1827 3477 si
1854 3419 2058 3491 aliquis
2087 3438 2203 3477 non
2232 3426 2449 3476 tantum
2476 3414 2659 3477 affici--

479 3524 568 3574 tur
594 3517 662 3574 ad
689 3519 905 3587 ludum,
936 3520 1091 3592 quod
1117 3528 1349 3596 propter
1373 3520 1485 3577 hoc
1511 3520 1649 3577 velit
1672 3517 1885 3591 aliquid
1926 3526 2121 3579 contra
2160 3518 2352 3575 Deum
2395 3518 2653 3573 commit-

485 3612 694 3675 tere.''³

561 3720 658 3772 38.
703 3717 956 3775 “Ludus
985 3726 1073 3775 est
1121 3718 1475 3775 necessarius
1527 3716 1600 3773 ad
1645 3714 2133 3773 conversationem
2188 3712 2449 3769 humanae
2504 3713 2650 3771 vitae.

485 3814 573 3872 Ad
617 3817 811 3873 omnia
857 3826 1043 3874 autem
1080 3835 1204 3889 quae
1247 3824 1380 3874 sunt
1423 3815 1583 3873 utilia
1619 3812 2037 3870 'conversationi
2076 3812 2358 3880 humanae,
2402 3810 2658 3888 deputari

485 3926 726 3988 possunt
769 3915 957 3988 aliqua
1001 3915 1192 3974 officia
1238 3914 1408 3973 licita.
1493 3913 1574 3969 Et
1616 3910 1746 3970 ideo
1784 3912 1953 3982 etiam
1996 3910 2249 3971 officium
2290 3911 2653 3977 histrionum,

487 4012 636 4083 quod
665 4013 950 4072 ordinatur
987 4015 1055 4072 ad
1097 4013 1358 4071 solatium
1400 4011 1727 4070 hominibus
1768 4010 2176 4077 exhibendum,
2204 4029 2319 4069 non
2346 4020 2435 4069 est
2459 4028 2669 4070 secun-

487 4111 621 4170 dum
649 4131 710 4169 se
738 4113 1018 4181 illicitum,
1046 4130 1152 4170 nec
1179 4111 1393 4169 suntin
1419 4119 1561 4168 statu
1607 4112 1844 4187 peccati,
1872 4109 2185 4168 dummodo
2212 4108 2498 4167 moderate
2522 4107 2660 4168 ludo

553 4250 638 4316 (1)
677 4250 728 4297 S.
751 4250 930 4299 Thom.
955 4255 1001 4299 2.
1026 4255 1072 4299 2.
1095 4267 1176 4313 qu.
1199 4248 1377 4319 clxviii.
1400 4256 1484 4296 art.
1507 4249 1556 4297 ii.
1627 4248 1777 4315 Res-p.

558 4336 642 4400 (3)
682 4335 807 4384 Vide
831 4336 1021 4395 ibidem,
1046 4344 1130 4385 art.
1153 4336 1217 4384 iv.
1287 4334 1435 4399 Resp-
1797 4335 1879 4399 (3)
1918 4331 2115 4380 Ibidem.
2138 4336 2223 4377 art.
2244 4330 2311 4379 iii.
2381 4331 2529 4395 Resp.
