3117 5217
1114 571 1228 630 DE
1271 570 1941 640 RESTITUTIONE.
2021 567 2034 578 ’
2502 576 2616 630 109

440 733 707 808 damnum
751 735 939 793 minus
977 736 1183 796 inferre
1226 736 1423 795 volens
1464 737 1761 806 satisfacit,
1808 736 2011 796 eodem
2045 733 2294 814 judice,²
2333 738 2384 794 si
2428 738 2616 794 minus

437 835 719 900 resarciat,
760 853 1034 892 excessus
1070 836 1283 911 quippe
1319 845 1521 912 praeter
1557 837 1906 894 voluntatem
1946 838 2282 912 contingeps
2325 837 2482 894 casui
2523 837 2620 894 ad·

438 933 733 992 scribitur:
766 933 851 989 sic
872 935 973 1005 qui
999 934 1281 992 stabulum
1302 934 1573 1002 incendit,
1591 937 1828 993 minime
1852 935 2171 1011 praevidens
2198 934 2457 992 flammas
2485 935 2617 992 inde

441 1041 609 1089 vento
654 1030 1037 1107 abripiendae,
1085 1034 1291 1104 quibus
1330 1032 1535 1091 domus
1577 1033 1988 1101 incenderetur,
2034 1053 2151 1092 non
2190 1041 2410 1091 tenetur
2451 1035 2620 1111 juxta

442 1129 635 1204 ipsum
662 1129 731 1188 ad
760 1128 967 1188 domus
994 1130 1246 1189 valorem
1275 1133 1711 1200 restituendum,
1747 1132 1850 1189 sed
1888 1133 2160 1190 satisfacit
2197 1130 2401 1189 stabuli
2428 1132 2618 1189 valore

446 1227 652 1288 soluto·
734 1229 854 1287 Alii
882 1238 1073 1287 tamen
1099 1238 1339 1287 censent
1360 1248 1513 1295 eum,
1540 1240 1738 1308 utpote
1767 1211 1976 1289 temere
2003 1241 2058 1289 et
2083 1231 2364 1289 malitiose
2391 1231 2621 1288 dantem

448 1328 808 1385 occasionem
856 1327 1059 1384 domus
1102 1327 1366 1386 incendio
1422 1345 1582 1385 reum
1637 1329 1866 1386 haberi:
1917 1329 2070 1402 quod
2110 1338 2260 1386 certe
2295 1329 2621 1395 dicendum,

449 1426 673 1497 quoties
702 1425 1015 1500 periculum
1044 1425 1291 1482 incendii
1316 1427 1592 1502 gravioris
1620 1427 1984 1486 manifestum
2011 1427 2133 1486 suit.

535 1527 669 1582 173.
714 1521 903 1598 Culpa
942 1523 1093 1598 apud
1128 1524 1424 1600 theologos
1466 1536 1553 1583 est
1591 1539 1920 1603 peccatum:
1963 1525 2112 1601 apud
2142 1526 2504 1603 jurisperitos
2543 1535 2630 1581 est

448 1621 756 1698 diligentiae
784 1620 987 1679 debitae
1012 1623 1269 1689 omissi0‚
1298 1641 1400 1680 seu
1427 1642 1584 1692 casu,
1613 1643 1716 1681 seu
1742 1625 1880 1682 vitio
1908 1625 2080 1681 animi
2115 1625 2422 1701 contingat,
2459 1642 2628 1695 quam

448 1720 688 1798 culpam
715 1719 1063 1797 juridicam
1104 1719 1495 1789 latissimam,
1536 1722 1835 1789 latiorem,
1877 1721 2088 1790 latam,
2141 1722 2348 1790 levem,
2395 1720 2626 1779 levissi-

449 1838 634 1888 mam,
665 1819 817 1876 varie
845 1819 1152 1894 appellant.
1240 1828 1281 1853 ‘⁸
1305 1820 1493 1896 Culpa
1518 1819 1825 1880 latissima
1851 1831 1940 1879 est
1964 1821 2127 1879 dolus
2161 1831 2420 1898 apertus3
2452 1818 2635 1878 latior

452 1929 541 1976 est
562 1918 727 1976 dolus
756 1927 1159 1994 praesumptuS.
1243 1918 1355 1976 Est
1388 1928 1576 1978 autem
1603 1919 1766 1978 dolus
1807 1921 2024 1992 quaevis
2063 1920 2360 1987 calliditas,
2389 1919 2629 1986 fallacia,

453 2027 510 2076 ct
536 2016 880 2074 machinatio
909 2015 980 2072 ad
1006 2017 1590 2087 circumveniendum,
1619 2017 1933 2077 fallendum
1960 2028 2017 2076 et
2041 2017 2445 2095 decipiendum
2473 2016 2630 2076 adhi-

450 2118 583 2174 bita.
669 2113 969 2173 calliditas
996 2115 1059 2172 fit
1084 2115 1343 2184 tacendo,
1372 2116 1594 2175 fallacia
1621 2117 1970 2184 mentiendo,
2001 2117 2341 2175 machinatio
2369 2126 2485 2173 arte
2514 2135 2648 2173 vers

456 2212 720 2274 borum.’'
775 2213 863 2271 Ita
891 2211 1183 2282 LessiuS‚²
1209 2225 1338 2290 post
1377 2208 1702 2274 Glossam.³
1760 2212 1952 2292 Culpa
1975 2214 2102 2274 lata
2129 2225 2218 2272 est
2243 2216 2483 2272 omissio
2509 2214 2635 2272 dili-

455 2315 677 2390 gentiae,
718 2331 889 2384 quam
929 2299 1197 2370 adhibere
1236 2313 1421 2372 solent
1459 2315 1726 2373 homines
1769 2315 2027 2391 ejusdem
2067 2314 2432 2380 conditionis,
2461 2314 2543 2370 uti
2584 2314 2634 2370 si

459 2412 585 2484 quis
635 2429 711 2467 ex
760 2409 990 2467 officina
1040 2412 1315 2469 recedens
1354 2411 1638 2486 relinquat
1685 2412 1893 2470 ostium
1947 2415 2269 2486 scriniaque
2321 2421 2530 2487 aperta,
2584 2422 2641 2468 et

458 2527 699 2592 merces,
727 2527 828 2566 scu
847 2511 1172 2584 pec-uniam,
1192 2529 1333 2582 quas
1361 2511 1668 2583 quisquam
1689 2509 1854 2567 facile
1881 2511 2116 2568 auferat.
2173 2509 2362 2584 Culpa
2383 2509 2532 2568 levis
2553 2519 2641 2567 est

461 2608 699 2667 omissio
737 2606 1042 2683 diligentiae
1070 2627 1240 2681 quam
1270 2607 1664 2683 prudentiores
1694 2617 2112 2666 consueverunt
2151 2607 2437 2665 adhibere.
2524 2608 2639 2673 Qui

460 2706 749 2784 paululum
774 2705 1049 2764 recedens
1076 2707 1313 2783 negligit
1339 2725 1537 2765 secum
1565 2705 1784 2764 deferre
1813 2707 2006 2764 scrinii
2033 2707 2243 2772 claves,
2279 2723 2422 2776 quas
2449 2716 2639 2764 tamen

458 2806 777 2864 nullatenus
800 2805 1127 2863 verosimile
1152 2815 1243 2862 est
1260 2806 1455 2873 alium,
1478 2825 1547 2864 eo
1571 2806 1822 2872 absente,
1847 2817 2198 2882 arrepturum
2222 2803 2291 2861 ad
2319 2804 2642 2872 firrandum‚

462 2905 647 2962 levem
703 2913 921 2982 tantum
980 2902 1204 2979 culpam
1258 2904 1564 2980 juridicam
1615 2904 1874 2962 admittit.
1959 2901 2150 2980 Culpa
2198 2902 2511 2962 levissima
2561 2915 2649 2962 est

464 3003 701 3062 omissio
729 2999 1034 3077 diligentiae
1063 3021 1235 3074 quam
1262 3003 1694 3078 prudentissimi
1722 3013 1934 3059 tantum
1963 3003 2249 3061 adhibent.
2334 3003 2427 3060 Ea
2448 3013 2649 3079 posset

468 3101 634 3160 tribui
658 3100 863 3157 domus
890 3101 1132 3168 custodi,
1162 3101 1261 3174 qui
1300 3102 1549 3160 cubitum
1579 3103 1760 3160 iturus
1788 3103 1981 3160 omnia
2005 3103 2150 3160 ostia
2183 3102 2426 3168 obserat,
2455 3114 2514 3159 et
2549 3102 2649 3160 do·

467 3219 623 3259 mum
650 3199 1032 3271 undequaque
1060 3201 1263 3268 munit,
1284 3201 1523 3277 negligit
1542 3196 1730 3259 autem
1759 3201 1980 3278 singula
1999 3201 2235 3259 scrutari
2251 3201 2398 3267 loca,
2419 3219 2490 3258 ne
2505 3199 2647 3258 forte

467 3301 559 3358 fur
581 3300 769 3357 lateat.

552 3402 686 3458 174.
706 3474 711 3478 ·
729 3397 829 3455 Ex
852 3397 1019 3474 culpa
1041 3397 1322 3456 latissima
1338 3399 1475 3457 oriri
1500 3399 1902 3475 obligationem
1930 3398 2261 3458 restituendi
2287 3399 2487 3470 liquet,
2518 3399 2652 3456 nam

471 3497 634 3557 dolus
654 3505 947 3578 peccatum
976 3496 1234 3556 includit.
1320 3497 1439 3554 Sed
1465 3507 1504 3533 ‘⁶
1528 3497 1757 3570 quando
1785 3515 1900 3555 non
1927 3499 2247 3555 intercessit
2285 3497 2490 3566 aliquis
2518 3514 2652 3553 con-

472 3607 700 3664 tractae,
728 3614 845 3654 non
873 3597 1049 3654 oritur
1072 3597 1343 3672 obligatio
1383 3596 1755 3656 restitutionis
1794 3597 2010 3653 ratione
2037 3595 2231 3652 damni
2259 3594 2395 3659 dati,
2428 3591 2654 3671 (saltem

474 3697 535 3754 in
559 3695 683 3753 foro
710 3692 1117 3773 conscientiae,)
1148 3695 1257 3752 nisi
1286 3714 1360 3752 ex
1388 3697 1555 3772 culpa
1579 3696 1712 3762 lata,
1741 3712 1858 3752 non
1887 3703 2073 3751 autem
2101 3710 2176 3749 ex
2212 3691 2346 3759 levi,
2375 3693 2466 3748 vel
2491 3690 2658 3747 levis-

477 3793 685 3851 sima.”
768 3793 857 3850 Ita
900 3793 1157 3861 Lessius‚
1210 3803 1269 3850 et
1318 3794 1582 3852 doctores
1627 3783 2060 3851 communiter.⁴¹
2138 3789 2430 3862 Equidem
2483 3809 2656 3848 nemo

478 3891 697 3949 videtur
740 3891 799 3948 in
850 3910 911 3948 re
964 3892 1147 3950 aliena
1197 3891 1446 3969 gerenda
1496 3890 1566 3948 ad
1613 3908 1900 3948 summam
1940 3888 2289 3966 diligentiam
2337 3890 2658 3957 adstrictae,

480 3989 707 4062 quando
734 4008 851 4047 non
876 4007 939 4046 se
965 3991 1239 4067 obligavit
1262 3991 1499 4065 speciali
1525 3997 1813 4058 contractu
1840 4007 1855 4045 ε
1887 4007 2062 4061 quum
2105 3999 2376 4047 consueta
2415 3989 2659 4064 pruden-

482 4097 617 4146 tum.
639 4087 844 4164 agcndi
882 4091 1027 4147 ratio
1064 4107 1266 4147 norma
1302 4089 1379 4146 sit
1415 4089 1702 4146 omnibus,
1787 4088 1887 4144 Ex
1921 4089 2092 4164 culpa
2119 4087 2234 4146 lata
2268 4089 2513 4159 quisque
2547 4087 2665 4162 ple-

482 4205 726 4260 rumque
752 4197 991 4255 tenetur,
1020 4207 1197 4261 quum
1225 4187 1373 4244 hanc
1412 4188 1672 4246 omiserit
1707 4189 2092 4246 necessariam
2125 4186 2516 4262 diligentiam;
2558 4185 2662 4241 sed

560 4410 644 4472 (1)
682 4406 741 4456 L.
762 4408 831 4456 iii.
852 4424 904 4456 n.
928 4410 1043 4458 613.
1182 4412 1266 4476 (2)
1306 4409 1383 4459 De
1404 4408 1602 4458 Justitia
1621 4415 1671 4457 et
1691 4409 1822 4469 Jure,
1846 4415 1959 4458 sect.
1981 4407 2031 4456 ii.
2053 4424 2096 4456 c.
2117 4406 2197 4456 vii.
2219 4406 2331 4454 dub.
2352 4404 2416 4452 vi.
2437 4419 2487 4452 n.
2511 4405 2592 4450 23.

560 4493 643 4557 (3)
681 4509 719 4546 a
742 4492 804 4540 de
826 4491 938 4540 dolo
959 4491 992 4540 l.
1014 4493 1048 4540 i.
1186 4493 1269 4559 (4)
1309 4493 1407 4544 Ubi
1429 4509 1589 4558 supra.

642 4588 797 4646 Vol„
828 4587 1026 4646 11.-1
1041 4592 1067 4643 1
