3117 5217
1288 552 1745 612 APPENDIX.
2478 556 2597 610 409

497 723 596 778 56.
638 719 938 793 Frequens
967 718 1298 788 Confessio,
1327 719 1386 778 ἀ
1415 717 1788 788 Communia,
1829 720 1997 778 etiam
2025 721 2085 778 in
2112 719 2223 788 his,
2252 721 2351 793 qui
2376 720 2597 796 gentili·

416 828 501 876 ter
526 818 742 887 vivunt,
764 827 853 876 est
877 828 1011 878 nota
1037 818 1568 896 praedestinationis.

496 921 594 974 57.
638 917 939 976 Probabile
967 928 1074 986 est,
1115 917 1376 976 sufficere
1415 917 1758 976 attritionem
1798 916 2133 986 naturalem,
2174 917 2347 976 modo
2387 917 2595 976 hones-

416 1023 550 1072 tam.

493 1117 591 1170 58.
636 1114 775 1172 Non
807 1123 1060 1172 tenemur
1089 1113 1460 1173 confessario
1499 1116 1866 1191 interroganti
1905 1115 2065 1172 fateri
2096 1117 2314 1190 peccati
2354 1115 2593 1193 alicujus

412 1212 909 1272 consuetudinem.

493 1315 591 1368 59.
634 1310 800 1369 Licet
837 1312 1317 1370 sacramentaliter
1353 1311 1647 1370 absolvere
1692 1310 1985 1380 dimidiatae
2015 1321 2231 1370 tantum
2271 1312 2589 1379 confessoS,

407 1410 624 1467 ratione
667 1412 859 1488 magni
905 1429 1216 1489 concursus
1262 1411 1681 1487 poenitentium,
1724 1411 1929 1484 qualiS,
1979 1411 2137 1468 verbi
2182 1413 2360 1487 gratia
2404 1421 2596 1488 potest

409 1509 738 1584 contingere
766 1510 824 1568 in
853 1510 944 1568 die
973 1529 1191 1586 magnae
1220 1509 1457 1586 alicujus
1488 1509 1829 1578 festivitatiS,
1860 1519 1955 1567 aut
1980 1510 2367 1586 indulgentiae.

491 1611 589 1664 60.
636 1608 946 1668 Poenitenti
972 1609 1204 1666 habenti
1228 1608 1703 1667 consuetudinem
1723 1607 1996 1685 peccandi
2022 1618 2215 1668 contra
2238 1609 2428 1685 legem
2454 1609 2589 1677 Dei,

409 1715 641 1772 naturae,
665 1717 763 1765 aut
788 1707 1091 1774 Ecclesiae,
1129 1708 1238 1765 etsi
1264 1707 1681 1766 emendationis
1709 1726 1844 1784 spes
1872 1708 2027 1766 nulla
2066 1716 2349 1783 appareat,
2378 1726 2485 1764 nec
2504 1718 2595 1765 cst

408 1781 688 1881 neganda,
717 1825 826 1863 nec
851 1805 1163 1864 differenda
1189 1806 1504 1873 absolutio;
1533 1805 1845 1864 dummodo
1872 1825 1969 1864 ore
1996 1805 2259 1883 proferat,
2288 1824 2350 1864 se
2375 1805 2587 1873 dolere,

409 1901 469 1959 ἀ
497 1921 814 1980 proponere
841 1904 1316 1964 emendationem.

488 2005 587 2058 61.
633 2003 834 2060 Potest
870 2001 1174 2075 aliquando
1199 2004 1438 2071 absolvi,
1469 2005 1567 2076 qui
1595 2005 1655 2061 in
1695 2005 1960 2079 proxima
1986 2005 2289 2062 occasione
2316 2002 2591 2078 peccandi

407 2109 682 2168 versatur,
711 2120 881 2173 quam
913 2110 1118 2178 potest,
1145 2101 1205 2158 dr.
1233 2119 1348 2158 non
1376 2102 1498 2159 vult
1535 2103 1817 2168 omittere,
1848 2102 1986 2174 quin
2012 2103 2131 2158 imo
2170 2101 2401 2168 directe,
2430 2101 2490 2159 ἀ
2516 2119 2590 2158 ex

403 2200 700 2274 proposito
729 2200 948 2271 quaerit,
977 2209 1073 2258 aut
1097 2201 1150 2257 ei
1179 2218 1240 2257 se
1269 2200 1493 2276 ingerit.

487 2301 585 2355 62.
630 2298 904 2356 Proxima
945 2299 1172 2357 occasio
1216 2297 1488 2375 peccandi
1527 2316 1646 2356 non
1686 2307 1774 2354 est
1817 2295 2103 2374 fugienda,
2152 2295 2377 2368 quando
2415 2316 2589 2355 causa

403 2395 594 2468 aliqua
619 2397 792 2464 utilia,
823 2407 918 2454 aut
937 2397 1174 2456 honesta
1203 2417 1318 2456 non
1345 2396 1601 2473 fugiendi
1630 2396 1895 2456 occurrit.

487 2499 585 2554 63.
630 2495 875 2554 Licitum
901 2505 990 2554 est
1015 2514 1263 2569 quaerere
1289 2496 1500 2555 directe
1541 2495 1905 2554 occasionem
1948 2495 2268 2570 proximam
2308 2477 2585 2570 peccandi

404 2612 512 2669 pro
538 2595 690 2652 bono
716 2595 1014 2670 spirituali,
1046 2595 1136 2652 vel
1163 2595 1462 2672 temporali
1491 2604 1708 2661 nostro,
1739 2594 1829 2652 vel
1858 2593 2128 2670 proximi.

487 2696 584 2750 64.
626 2693 1022 2752 Absolutionis
1048 2712 1230 2770 capax
1257 2704 1346 2751 est
1371 2694 1571 2760 homo,
1614 2692 1977 2765 quantumvis
2014 2691 2229 2749 laboret
2270 2691 2587 2767 ignorantia

408 2791 825 2866 Mysteriorum
871 2791 1026 2860 fidei,
1067 2793 1126 2850 dc
1165 2792 1390 2850 etiamsi
1436 2811 1540 2869 per
1577 2791 1979 2868 negligentiam
2024 2791 2193 2848 etiam
2242 2789 2587 2865 culpabilem

407 2892 624 2948 nesciat
663 2891 1015 2967 Mysterium
1042 2891 1430 2949 Sanctissimae
1472 2891 1795 2958 Trinitatis,
1822 2890 1882 2947 dr.
1914 2889 2323 2948 lucar-nationis
2352 2887 2590 2947 Domini

405 2990 584 3048 nostri
612 2987 649 3047 J
654 2989 818 3050 ESU
849 2989 1089 3049 Christi.

485 3092 582 3145 65.
627 3089 854 3148 Sufficit
878 3089 974 3148 illa
999 3088 1278 3164 mysteria
1301 3087 1483 3146 semel
1509 3087 1839 3146 credidisse.

405 3285 573 3348 Idem
601 3289 948 3350 Alexander
988 3289 1163 3349 VIII.
1194 3288 1423 3348 decreto
1452 3288 1593 3348 dato
1622 3287 1719 3347 die
1744 3293 1803 3347 7.
1836 3284 2183 3348 Decembris
2216 3290 2390 3346 1690.
2423 3285 2589 3344 dam-

479 3388 655 3448 navit
670 3394 770 3448 31.
788 3388 1234 3466 propositiones
1260 3395 1573 3465 tamquam
1600 3385 1976 3453 temerariae,
1994 3384 2406 3451 scandalo-vas,
2433 3383 2589 3442 male

481 3493 786 3554 sonante-9,
807 3486 1165 3565 injuriosae,
1189 3485 1402 3544 haeresi
1416 3483 1763 3562 proximas,
1787 3483 2062 3541 haeresim
2089 3483 2409 3560 sapientes,
2433 3500 2590 3540 erro-

481 3603 647 3652 neae,
677 3584 1198 3669 schismaticam&
1227 3583 1534 3642 haereticae
1564 3581 1905 3660 respective,
1934 3584 1987 3653 ἂ·
2014 3582 2109 3640 uti
2149 3579 2319 3649 tales,
2342 3580 2587 3658 prohib·

477 3683 575 3742 uit
599 3701 700 3744 eas
727 3683 956 3744 edoceri
985 3689 1035 3756 ξ·
1061 3683 1145 3743 ad
1175 3683 1432 3762 praxim
1458 3681 1694 3750 deduci,
1736 3681 1846 3739 aab
1880 3699 2063 3759 paena
2108 3676 2597 3740 excommunica-'

479 3782 668 3841 tionis
693 3782 831 3842 latae
857 3783 1165 3842 sententiae
1213 3782 1462 3842 Summo
1505 3780 1802 3861 Pontifici
1842 3787 2177 3838 reservatae.
2270 3777 2580 3848 Tredecim

479 3901 554 3941 cx
572 3882 654 3942 iis
665 3882 808 3962 jam
823 3882 907 3942 ad
931 3882 1149 3944 calcem
1170 3881 1260 3941 II.
1297 3880 1421 3941 Vol.
1456 3879 1804 3958 Theologiae
1824 3877 2207 3959 Dogmaticoe
2228 3877 2547 3937 retulimus
2562 3898 2584 3935 .-

481 3989 721 4042 caeterae
748 3981 1130 4062 subjicimus.

485 4155 578 4208 14.
623 4151 833 4209 Timor
858 4151 1132 4228 gehennae
1161 4169 1274 4209 non
1304 4159 1392 4208 est
1417 4150 1882 4228 supernaturalis.

484 4255 578 4308 15.
620 4251 850 4309 Attritio
878 4269 1003 4323 quae
1038 4250 1336 4327 gehennae,
1366 4250 1424 4307 dc
1455 4267 1753 4328 poenarum
1789 4257 1942 4306 metu
1984 4246 2314 4323 concipitur,
2356 4246 2478 4302 sine
2506 4245 2589 4305 di·

397 4348 646 4408 lectione
675 4349 1080 4406 benevolentiae
1104 4348 1218 4406 Dei
1246 4363 1476 4425 propter
1501 4368 1585 4417 se,
1609 4368 1726 4408 non
1746 4357 1835 4406 est
1858 4349 2043 4408 bonus
2072 4356 2282 4411 motuS,
2304 4364 2369 4402 ac
2396 4363 2591 4422 super-

400 4447 692 4506 naturalis.

554 4562 708 4620 Vor..
737 4562 987 4621 ΙΙ.-36
