3117 5217
594 554 674 609 36
1423 546 1538 609 DE
1580 548 1861 609 DOMIN
1866 549 1962 609 IS.

591 714 680 772 vis
705 712 874 771 liceat
899 712 1068 787 coetui
1095 728 1366 789 supremo
1404 711 1707 788 cujuslibet
1743 711 1957 779 Status,
1998 719 2055 769 et
2078 711 2249 769 totius
2288 712 2552 779 nationis,
2586 712 2789 771 eondi-

593 814 778 871 tiones
804 810 1101 887 adsignare
1122 828 1198 867 ex
1223 811 1428 885 quibus
1449 828 1589 869 usus
1609 810 1873 888 pendeat.
1932 811 2033 869 Sic
2052 809 2121 868 ad
2143 810 2434 887 impensas
2455 810 2787 878 solvendas,

594 911 861 969 tributum
889 908 1176 983 quoddam
1217 910 1464 986 exigitur
1501 911 1571 967 ab
1600 912 1670 968 iis
1698 910 1799 984 qui
1838 929 1941 987 per
1978 909 2205 969 canales
2246 910 2527 977 navicula,
2568 910 2665 967 vel
2690 910 2791 982 qui

591 1029 697 1087 per
724 1011 844 1068 vias
869 1026 1020 1083 equo
1046 1008 1313 1077 rhedave,
1340 1008 1642 1067 vehuntur.
2068 1064 2071 1067 ,

676 1113 770 1169 17.
803 1108 1138 1169 Dominium
1156 1106 1464 1167 nationale
1483 1127 1687 1167 vocare
1708 1108 1894 1184 placet
1912 1125 2077 1185 agros
2100 1107 2383 1184 publicos,
2406 1126 2555 1180 quos
2570 1106 2791 1165 scilicet

594 1210 666 1268 ab
697 1209 859 1268 Indis
899 1208 1038 1267 emit
1082 1210 1328 1275 Praeses,
1361 1210 1598 1267 nomine
1638 1209 1901 1266 Statuum
1950 1207 2373 1274 foederatorum,
2409 1206 2657 1283 pecunia
2700 1205 2787 1262 vel

595 1309 880 1367 mercibus
908 1326 1012 1384 pro
1041 1309 1111 1366 iis
1147 1306 1382 1365 traditis.
1467 1307 1599 1365 Hac
1637 1308 1851 1366 ratione
1892 1308 2103 1365 factum
2128 1315 2216 1363 est
2258 1315 2320 1363 ut
2360 1306 2538 1363 tribus
2576 1304 2787 1363 Indicae

584 1408 706 1485 jam
733 1407 962 1483 longius
989 1406 1359 1473 recesserint;
1389 1424 1516 1481 quae
1543 1416 1603 1463 et
1628 1407 1952 1479 quotannis,
1982 1425 2131 1464 nova
2157 1406 2302 1463 sacta
2326 1407 2596 1464 cessione
2624 1422 2784 1480 agro·

592 1525 742 1575 rum,
769 1506 843 1564 ob
871 1507 1174 1565 minimum
1213 1507 1480 1585 pretium,
1509 1505 1653 1563 fisco
1679 1505 1929 1582 generali
1969 1506 2221 1582 praebent
2246 1503 2473 1562 facilem
2502 1506 2780 1563 rationem

593 1624 856 1683 agrorum
885 1606 1214 1666 venditione
1241 1606 1407 1664 novis
1436 1605 1657 1664 colonis
1685 1605 1978 1681 publicum
2008 1604 2332 1661 thesaurum
2360 1596 2660 1680 augendi.¹

680 1709 772 1762 18.
816 1705 987 1781 Apud
1015 1714 1213 1781 gentes
1242 1704 1560 1781 Europaeas
1607 1703 1903 1780 plerasque
1930 1712 2022 1761 cst
2044 1713 2101 1760 et
2127 1702 2471 1761 dominium
2512 1702 2781 1781 regium,-

595 1804 698 1862 sed
727 1806 951 1863 Praescs
979 1814 1171 1862 noster
1195 1802 1267 1861 ad
1293 1802 1734 1875 quadriennium
1762 1803 2053 1880 suffragiis
2080 1802 2289 1859 civium
2316 1802 2552 1871 electuS,
2584 1811 2786 1878 praeter

599 1902 824 1970 domuS,
851 1906 912 1961 in
938 1922 1050 1975 qua
1075 1912 1343 1971 moratur,
1373 1921 1540 1960 usum
1568 1920 1671 1979 per
1702 1902 1841 1960 illud
1869 1901 2160 1979 temporiS,
2182 1910 2240 1957 et
2277 1920 2524 1960 annuam
2546 1905 2769 1970 25,000

590 2019 956 2060 nummorum
984 2011 1377 2078 argenteorum
1406 2003 1766 2077 pensionem,
1796 2001 1938 2059 nihil
1964 2002 2052 2058 sui
2084 2002 2332 2059 muneris
2360 2003 2660 2076 proprium
2687 2000 2780 2056 ha·

589 2103 704 2159 bet.
790 2102 933 2167 Quae
960 2102 1222 2177 privatim
1243 2101 1500 2177 possidet
1525 2111 1657 2161 sunt
1684 2100 1912 2159 alterius
1940 2100 2193 2178 cujusvis
2222 2099 2365 2157 civis
2404 2100 2687 2159 bonorum
2716 2098 2783 2156 ad

591 2202 787 2260 instar.

679 2305 773 2360 19.
815 2302 884 2361 In
905 2301 1161 2375 quolibet
1179 2303 1338 2360 Statu
1369 2313 1502 2361 sunt
1528 2302 1775 2379 plurima
1799 2301 2037 2379 collegia
2053 2302 2261 2359 civium
2282 2301 2427 2377 legis
2454 2302 2781 2360 auctoritate

592 2401 865 2469 instituta,
895 2410 936 2437 ‘⁴
959 2401 1434 2479 Corporation8”
1465 2390 1635 2477 v'ulgo
1664 2401 1834 2467 dicta,
1876 2420 2003 2473 quie
2045 2401 2135 2459 vel
2174 2420 2269 2459 res
2310 2420 2649 2459 communes
2690 2420 2779 2457 cu-

570 2510 732 2586 ·rant,
759 2500 853 2558 vel
879 2501 1141 2577 negotiiS,
1168 2500 1389 2569 litteris,
1417 2500 1506 2558 vel
1533 2500 1661 2559 aliis
1690 2500 2143 2573 quibuscumque
2171 2502 2342 2558 rebus
2371 2510 2589 2558 vacant.
2652 2500 2776 2557 Sin·

591 2599 726 2676 gula
752 2601 1065 2677 municipia
1090 2601 1245 2659 cives
1274 2600 1372 2673 qui
1399 2601 1517 2658 suis
1545 2601 1714 2657 rebus
1741 2601 1975 2676 praesint
1999 2601 2231 2676 eligunt,
2262 2599 2361 2673 qui
2399 2600 2777 2656 universitatis

591 2701 824 2759 nomine
851 2702 1000 2759 bona
1026 2701 1343 2776 possident,
1373 2710 1430 2758 et
1445 2702 1771 2758 auctoritate
1798 2698 2160 2757 moderantur
2179 2700 2347 2756 rebus
2363 2698 2775 2756 communibus.

593 2799 911 2872 Quousque
939 2810 1126 2857 autem
1154 2818 1215 2855 se
1243 2800 1515 2856 extendat
1539 2816 1737 2855 eorum
1768 2807 2018 2874 potestas
2046 2816 2121 2855 ex
2148 2799 2358 2855 chartis
2387 2817 2533 2869 quas
2562 2818 2593 2854 a
2634 2807 2774 2854 coetu

590 2898 782 2955 Status
809 2915 1076 2971 supremo
1105 2897 1193 2953 vel
1221 2916 1254 2953 a
1278 2897 1434 2955 curia
1459 2914 1727 2972 suprema
1752 2898 2026 2966 obtinent,
2054 2896 2507 2974 dignoscendum
2536 2907 2641 2954 est.
2687 2896 2771 2953 De

581 2996 712 3072 jure
742 2994 1104 3071 Congressus
1131 2996 1372 3072 collegia
1397 2996 1728 3053 instituendi
1754 2995 2115 3073 disceptatur,
2145 2998 2408 3068 quamvis
2436 2995 2579 3054 illud
2616 3014 2773 3054 exer-

592 3094 773 3151 cuerit
812 3094 1046 3171 saepius‚
1077 3096 1390 3170 praesertim
1424 3094 1855 3154 Foederatorum
1896 3096 2158 3155 Statuum
2202 3114 2401 3154 mensa
2439 3094 2778 3153 instituenda

591 3210 928 3251 nummaria.

1045 3373 1048 3375 V
1132 3388 1182 3463 §.
1227 3385 1307 3445 ΙΙ.
1352 3385 1448 3445 ΒΕ
1490 3406 1875 3446 onnniconum
1914 3406 2249 3447 couneus.

671 3562 772 3619 20.
815 3558 1072 3617 Fuerunt
1096 3559 1232 3617 olim
1262 3559 1318 3617 in
1347 3559 1613 3617 omnibus
1640 3560 1833 3636 regnis
1861 3559 2283 3635 republicisque
2317 3558 2641 3617 christianis
2668 3558 2775 3616 col-

663 3727 748 3791 (1)
785 3734 814 3757 ‘⁴
834 3724 1079 3786 congress
1112 3724 1237 3773 have
1273 3723 1356 3773 the
1395 3722 1641 3773 exclusive
1673 3721 1802 3784 right
1841 3722 1898 3776 of
1921 3722 2241 3786 pre-emption
2280 3730 2329 3771 to
2352 3724 2416 3773 all
2439 3723 2617 3773 Indian
2641 3724 2775 3773 lands

588 3809 728 3871 lying
765 3809 937 3857 within
971 3810 1056 3857 the
1095 3809 1348 3859 territorias
1381 3809 1439 3859 of
1463 3809 1546 3857 the
1582 3807 1763 3858 United
1788 3806 1961 3855 States.
2028 3809 2141 3858 The
2167 3809 2351 3859 United
2377 3810 2539 3858 States
2562 3826 2677 3859 own
2698 3810 2776 3859 the

589 3891 694 3949 soil,
717 3906 771 3939 as
793 3892 902 3939 well
927 3906 980 3939 as
1001 3891 1083 3938 the
1099 3892 1403 3954 junsdiction
1415 3893 1472 3942 of
1492 3894 1576 3942 the
1592 3892 1829 3942 immense
1850 3898 1994 3940 tracts
2008 3892 2065 3940 of
2078 3892 2373 3956 unpatented
2394 3892 2533 3942 lands
2556 3892 2778 3943 included

588 3974 764 4024 within
788 3974 908 4023 their
929 3974 1196 4035 territorias,
1219 3976 1316 4025 and
1339 3978 1396 4025 of
1423 3978 1486 4025 all
1529 3978 1612 4026 the
1646 3976 1925 4042 productiva
1954 3976 2102 4025 funds
2123 3977 2286 4027 which
2325 3977 2461 4025 those
2506 3978 2646 4027 lands
2668 3993 2776 4039 may

591 4059 824 4110 hereat‘oer
844 4065 1012 4108 create.
1082 4058 1208 4107 This
1241 4060 1477 4109 immense
1510 4070 1735 4125 property
1771 4062 1861 4113 has
1892 4064 2089 4122 become
2122 4062 2339 4113 national
2374 4062 2470 4111 and
2504 4063 2777 4126 productiva

587 4143 771 4193 stock.”
842 4143 1016 4195 Kent's
1042 4144 1235 4197 Comm.
1259 4145 1353 4193 vol.
1375 4144 1413 4193 i.·
1430 4152 1536 4208 part
1551 4145 1601 4193 ii.
1628 4146 1714 4193 lec.
1741 4146 1827 4195 xii.
1849 4162 1900 4194 n.
1923 4148 2038 4195 259.
2098 4146 2177 4199 De
2198 4148 2325 4209 agris
2347 4162 2470 4210 quos
2492 4147 2619 4195 intra
2640 4163 2777 4211 quos-

589 4231 702 4280 dam
739 4230 906 4281 Status
946 4231 1055 4280 Indi
1094 4231 1253 4281 adhuc
1288 4229 1536 4295 possident
1574 4230 1720 4279 dicit:
1756 4240 1786 4264 “
1804 4231 1967 4281 These
2002 4232 2143 4283 lands
2173 4234 2351 4294 belong
2396 4239 2445 4281 to
2484 4232 2567 4281 the
2600 4232 2777 4282 Unioed

589 4317 764 4376 States,
787 4334 840 4365 as
863 4325 968 4381 part
988 4317 1045 4392 of
1070 4316 1193 4365 their
1211 4316 1376 4382 public
1415 4315 1627 4376 domain,
1664 4318 1849 4383 subject
1881 4324 1931 4365 to
1964 4318 2047 4367 the
2071 4316 2256 4372 Jndian
2297 4318 2426 4380 right
2469 4317 2567 4367 and
2606 4318 2706 4367 title
2728 4316 2780 4365 of

589 4402 913 4469 occupancy.”
983 4402 1189 4455 Ibidem.
