<?xml version="1.0" encoding="UTF-8"?>
<!DOCTYPE html PUBLIC "-//W3C//DTD XHTML 1.0 Transitional//EN"
    "http://www.w3.org/TR/xhtml1/DTD/xhtml1-transitional.dtd">
<html xmlns="http://www.w3.org/1999/xhtml" xml:lang="en" lang="en">
 <head>
  <title>
</title>
<meta http-equiv="Content-Type" content="text/html;charset=utf-8" />
  <meta name='ocr-system' content='tesseract 3.04.00' />
  <meta name='ocr-capabilities' content='ocr_page ocr_carea ocr_par ocr_line ocrx_word'/>
</head>
<body>
  <div class='ocr_page' id='page_1' title='image "./theologiaemoral00unkngoog_0100.png"; bbox 0 0 3117 5217; ppageno 0'>
   <div class='ocr_carea' id='block_1_1' title="bbox 1300 1149 1916 1226">
    <p class='ocr_par' dir='ltr' id='par_1_1' title="bbox 1300 1149 1916 1226">
     <span class='ocr_line' id='line_1_1' title="bbox 1300 1149 1916 1226; baseline -0.006 -1"><span class='ocrx_word' id='word_1_1' title='bbox 1300 1151 1656 1226; x_wconf 85' lang='lat' dir='ltr'><strong>PARS</strong></span> <span class='ocrx_word' id='word_1_2' title='bbox 1763 1149 1916 1223; x_wconf 94' lang='lat' dir='ltr'>II.</span> 
     </span>
    </p>
   </div>
   <div class='ocr_carea' id='block_1_2' title="bbox 511 1410 2695 1494">
    <p class='ocr_par' dir='ltr' id='par_1_2' title="bbox 511 1410 2695 1494">
     <span class='ocr_line' id='line_1_2' title="bbox 511 1410 2695 1494; baseline -0.005 -10"><span class='ocrx_word' id='word_1_3' title='bbox 511 1421 631 1484; x_wconf 84' lang='lat' dir='ltr'>DE</span> <span class='ocrx_word' id='word_1_4' title='bbox 662 1422 699 1484; x_wconf 87' lang='lat' dir='ltr'>J</span> <span class='ocrx_word' id='word_1_5' title='bbox 708 1421 913 1484; x_wconf 91' lang='lat' dir='ltr'>URIS</span> <span class='ocrx_word' id='word_1_6' title='bbox 944 1417 1275 1482; x_wconf 84' lang='lat' dir='ltr'>ALIENI</span> <span class='ocrx_word' id='word_1_7' title='bbox 1314 1416 1904 1494; x_wconf 86' lang='lat' dir='ltr'>VIOLATIONE,</span> <span class='ocrx_word' id='word_1_8' title='bbox 1929 1415 2102 1478; x_wconf 86' lang='lat' dir='ltr'>SEU</span> <span class='ocrx_word' id='word_1_9' title='bbox 2135 1414 2254 1477; x_wconf 89' lang='lat' dir='ltr'>DE</span> <span class='ocrx_word' id='word_1_10' title='bbox 2287 1410 2695 1475; x_wconf 85' lang='lat' dir='ltr'>INJURIIS.</span> 
     </span>
    </p>
   </div>
   <div class='ocr_carea' id='block_1_3' title="bbox 1420 1860 1806 2120">
    <p class='ocr_par' dir='ltr' id='par_1_3' title="bbox 1420 1860 1806 2120">
     <span class='ocr_line' id='line_1_3' title="bbox 1431 1860 1806 1920; baseline 0.005 -2"><span class='ocrx_word' id='word_1_11' title='bbox 1431 1860 1717 1920; x_wconf 82' lang='lat' dir='ltr'>CAPUT</span> <span class='ocrx_word' id='word_1_12' title='bbox 1757 1861 1806 1920; x_wconf 86' lang='lat'>1.</span> 
     </span>
     <span class='ocr_line' id='line_1_4' title="bbox 1420 2078 1802 2120; baseline -0.005 0"><span class='ocrx_word' id='word_1_13' title='bbox 1420 2079 1497 2120; x_wconf 71' lang='lat' dir='ltr'>nn</span> <span class='ocrx_word' id='word_1_14' title='bbox 1540 2078 1802 2120; x_wconf 72' lang='lat' dir='ltr'>msunu.</span> 
     </span>
    </p>
   </div>
   <div class='ocr_carea' id='block_1_4' title="bbox 1168 2258 2062 2333">
    <p class='ocr_par' dir='ltr' id='par_1_4' title="bbox 1168 2258 2062 2333">
     <span class='ocr_line' id='line_1_5' title="bbox 1168 2258 2062 2333; baseline 0 -18"><span class='ocrx_word' id='word_1_15' title='bbox 1168 2260 1220 2333; x_wconf 89' lang='lat'>§.</span> <span class='ocrx_word' id='word_1_16' title='bbox 1250 2258 1299 2317; x_wconf 94' lang='grc' dir='ltr'>Ι.</span> <span class='ocrx_word' id='word_1_17' title='bbox 1384 2258 1479 2316; x_wconf 73' lang='lat' dir='ltr'>Dn</span> <span class='ocrx_word' id='word_1_18' title='bbox 1510 2275 1768 2316; x_wconf 63' lang='lat' dir='ltr'>mmmm</span> <span class='ocrx_word' id='word_1_19' title='bbox 1798 2277 2062 2318; x_wconf 69' lang='lat' dir='ltr'>NATURA.</span> 
     </span>
    </p>
   </div>
   <div class='ocr_carea' id='block_1_5' title="bbox 524 2428 2714 4290">
    <p class='ocr_par' dir='ltr' id='par_1_5' title="bbox 524 2428 2714 4290">
     <span class='ocr_line' id='line_1_6' title="bbox 609 2428 2704 2508; baseline -0.004 -17"><span class='ocrx_word' id='word_1_20' title='bbox 609 2433 744 2491; x_wconf 83' lang='lat'>108.</span> <span class='ocrx_word' id='word_1_21' title='bbox 804 2431 1023 2508; x_wconf 86' lang='lat' dir='ltr'>Injuria</span> <span class='ocrx_word' id='word_1_22' title='bbox 1067 2429 1216 2505; x_wconf 83' lang='lat' dir='ltr'>apud</span> <span class='ocrx_word' id='word_1_23' title='bbox 1264 2428 1564 2505; x_wconf 85' lang='lat' dir='ltr'>theologos</span> <span class='ocrx_word' id='word_1_24' title='bbox 1610 2428 1815 2487; x_wconf 89' lang='lat' dir='ltr'>dicitur</span> <span class='ocrx_word' id='word_1_25' title='bbox 1845 2430 1991 2507; x_wconf 87' lang='lat' dir='ltr'>juris</span> <span class='ocrx_word' id='word_1_26' title='bbox 2037 2429 2204 2486; x_wconf 88' lang='lat' dir='ltr'>alieni</span> <span class='ocrx_word' id='word_1_27' title='bbox 2251 2428 2515 2486; x_wconf 77' lang='lat' dir='ltr'>violatioz</span> <span class='ocrx_word' id='word_1_28' title='bbox 2581 2445 2704 2499; x_wconf 85' lang='lat' dir='ltr'>quae</span> 
     </span>
     <span class='ocr_line' id='line_1_7' title="bbox 524 2527 2707 2608; baseline -0.005 -17"><span class='ocrx_word' id='word_1_29' title='bbox 524 2551 702 2607; x_wconf 88' lang='lat' dir='ltr'>quum</span> <span class='ocrx_word' id='word_1_30' title='bbox 730 2531 1062 2608; x_wconf 81' lang='lat' dir='ltr'>contingere</span> <span class='ocrx_word' id='word_1_31' title='bbox 1090 2528 1276 2605; x_wconf 83' lang='lat' dir='ltr'><strong>possit</strong></span> <span class='ocrx_word' id='word_1_32' title='bbox 1300 2528 1586 2587; x_wconf 87' lang='lat' dir='ltr'>voluntate</span> <span class='ocrx_word' id='word_1_33' title='bbox 1614 2537 1671 2584; x_wconf 91' lang='lat' dir='ltr'>et</span> <span class='ocrx_word' id='word_1_34' title='bbox 1696 2531 1910 2604; x_wconf 62' lang='lat' dir='ltr'>annuc,</span> <span class='ocrx_word' id='word_1_35' title='bbox 1933 2547 2034 2586; x_wconf 89' lang='lat' dir='ltr'>seu</span> <span class='ocrx_word' id='word_1_36' title='bbox 2060 2529 2248 2604; x_wconf 82' lang='lat' dir='ltr'>reipsa</span> <span class='ocrx_word' id='word_1_37' title='bbox 2274 2529 2488 2599; x_wconf 83' lang='lat' dir='ltr'>absque</span> <span class='ocrx_word' id='word_1_38' title='bbox 2517 2527 2707 2584; x_wconf 86' lang='lat' dir='ltr'>animo</span> 
     </span>
     <span class='ocr_line' id='line_1_8' title="bbox 526 2625 2707 2710; baseline -0.006 -19"><span class='ocrx_word' id='word_1_39' title='bbox 526 2625 799 2710; x_wconf 76' lang='lat' dir='ltr'>inalignO,</span> <span class='ocrx_word' id='word_1_40' title='bbox 834 2628 1153 2710; x_wconf 72' lang='lat' dir='ltr'>formalis,</span> <span class='ocrx_word' id='word_1_41' title='bbox 1195 2638 1253 2698; x_wconf 76' lang='lat' dir='ltr'>et</span> <span class='ocrx_word' id='word_1_42' title='bbox 1291 2625 1632 2686; x_wconf 75' lang='lat' dir='ltr'>materialis</span> <span class='ocrx_word' id='word_1_43' title='bbox 1678 2628 2057 2704; x_wconf 83' lang='lat' dir='ltr'>distinguitur.</span> <span class='ocrx_word' id='word_1_44' title='bbox 2141 2627 2387 2685; x_wconf 83' lang='lat' dir='ltr'>Axioma</span> <span class='ocrx_word' id='word_1_45' title='bbox 2437 2635 2524 2682; x_wconf 88' lang='lat' dir='ltr'>est</span> <span class='ocrx_word' id='word_1_46' title='bbox 2559 2625 2707 2702; x_wconf 87' lang='lat' dir='ltr'>juris</span> 
     </span>
     <span class='ocr_line' id='line_1_9' title="bbox 525 2718 2708 2802; baseline -0.004 -13"><span class='ocrx_word' id='word_1_47' title='bbox 525 2732 820 2790; x_wconf 86' lang='lat' dir='ltr'>canonici:</span> <span class='ocrx_word' id='word_1_48' title='bbox 866 2729 1149 2788; x_wconf 89' lang='lat' dir='ltr'>“Scienti</span> <span class='ocrx_word' id='word_1_49' title='bbox 1195 2737 1252 2784; x_wconf 91' lang='lat' dir='ltr'>et</span> <span class='ocrx_word' id='word_1_50' title='bbox 1295 2727 1674 2784; x_wconf 83' lang='lat' dir='ltr'>consentienti</span> <span class='ocrx_word' id='word_1_51' title='bbox 1720 2747 1838 2786; x_wconf 93' lang='lat' dir='ltr'>non</span> <span class='ocrx_word' id='word_1_52' title='bbox 1884 2727 1948 2783; x_wconf 88' lang='lat' dir='ltr'>fit</span> <span class='ocrx_word' id='word_1_53' title='bbox 1991 2726 2198 2802; x_wconf 85' lang='lat' dir='ltr'>injuria</span> <span class='ocrx_word' id='word_1_54' title='bbox 2219 2718 2310 2794; x_wconf 85' lang='lat'>;”¹</span> <span class='ocrx_word' id='word_1_55' title='bbox 2341 2725 2488 2802; x_wconf 86' lang='lat' dir='ltr'>juris</span> <span class='ocrx_word' id='word_1_56' title='bbox 2537 2723 2708 2780; x_wconf 85' lang='lat' dir='ltr'>etiam</span> 
     </span>
     <span class='ocr_line' id='line_1_10' title="bbox 527 2813 2711 2898; baseline -0.004 -12"><span class='ocrx_word' id='word_1_57' title='bbox 527 2831 748 2887; x_wconf 86' lang='lat' dir='ltr'>civilis:</span> <span class='ocrx_word' id='word_1_58' title='bbox 794 2827 1046 2885; x_wconf 86' lang='lat' dir='ltr'>“Nemo</span> <span class='ocrx_word' id='word_1_59' title='bbox 1088 2825 1310 2882; x_wconf 88' lang='lat' dir='ltr'>videtur</span> <span class='ocrx_word' id='word_1_60' title='bbox 1349 2824 1606 2881; x_wconf 84' lang='lat' dir='ltr'>fraudare</span> <span class='ocrx_word' id='word_1_61' title='bbox 1646 2843 1746 2882; x_wconf 89' lang='lat' dir='ltr'>eos</span> <span class='ocrx_word' id='word_1_62' title='bbox 1793 2827 1896 2898; x_wconf 88' lang='lat' dir='ltr'>qui</span> <span class='ocrx_word' id='word_1_63' title='bbox 1937 2827 2123 2884; x_wconf 88' lang='lat' dir='ltr'>sciunt</span> <span class='ocrx_word' id='word_1_64' title='bbox 2161 2835 2217 2882; x_wconf 87' lang='lat' dir='ltr'>et</span> <span class='ocrx_word' id='word_1_65' title='bbox 2259 2813 2711 2882; x_wconf 76' lang='lat' dir='ltr'>consentiunt.”²</span> 
     </span>
     <span class='ocr_line' id='line_1_11' title="bbox 528 2925 2704 2998; baseline -0.002 -15"><span class='ocrx_word' id='word_1_66' title='bbox 528 2927 818 2983; x_wconf 82' lang='lat' dir='ltr'>Caeterum</span> <span class='ocrx_word' id='word_1_67' title='bbox 846 2925 897 2980; x_wconf 88' lang='lat' dir='ltr'>si</span> <span class='ocrx_word' id='word_1_68' title='bbox 923 2925 1051 2996; x_wconf 88' lang='lat' dir='ltr'>quis</span> <span class='ocrx_word' id='word_1_69' title='bbox 1077 2941 1153 2980; x_wconf 84' lang='lat' dir='ltr'>ex</span> <span class='ocrx_word' id='word_1_70' title='bbox 1179 2941 1366 2980; x_wconf 89' lang='lat' dir='ltr'>errore</span> <span class='ocrx_word' id='word_1_71' title='bbox 1406 2933 1638 2998; x_wconf 81' lang='lat' dir='ltr'>praestet</span> <span class='ocrx_word' id='word_1_72' title='bbox 1676 2942 2041 2992; x_wconf 86' lang='lat' dir='ltr'>consensum,</span> <span class='ocrx_word' id='word_1_73' title='bbox 2084 2925 2230 2983; x_wconf 89' lang='lat' dir='ltr'>scire</span> <span class='ocrx_word' id='word_1_74' title='bbox 2269 2942 2385 2981; x_wconf 88' lang='lat' dir='ltr'>non</span> <span class='ocrx_word' id='word_1_75' title='bbox 2426 2931 2704 2987; x_wconf 87' lang='lat' dir='ltr'>censetur,</span> 
     </span>
     <span class='ocr_line' id='line_1_12' title="bbox 530 3020 2710 3099; baseline -0.002 -19"><span class='ocrx_word' id='word_1_76' title='bbox 530 3025 792 3096; x_wconf 85' lang='lat' dir='ltr'>quamvis</span> <span class='ocrx_word' id='word_1_77' title='bbox 820 3023 975 3080; x_wconf 91' lang='lat' dir='ltr'>enim</span> <span class='ocrx_word' id='word_1_78' title='bbox 1000 3041 1122 3080; x_wconf 90' lang='lat' dir='ltr'>rem</span> <span class='ocrx_word' id='word_1_79' title='bbox 1147 3020 1368 3079; x_wconf 87' lang='lat' dir='ltr'>noverit</span> <span class='ocrx_word' id='word_1_80' title='bbox 1408 3041 1579 3094; x_wconf 83' lang='lat' dir='ltr'>quam</span> <span class='ocrx_word' id='word_1_81' title='bbox 1621 3023 1774 3092; x_wconf 83' lang='lat' dir='ltr'>facit,</span> <span class='ocrx_word' id='word_1_82' title='bbox 1821 3022 1962 3082; x_wconf 70' lang='lat' dir='ltr'>falso</span> <span class='ocrx_word' id='word_1_83' title='bbox 2003 3035 2160 3099; x_wconf 87' lang='lat' dir='ltr'>putat</span> <span class='ocrx_word' id='word_1_84' title='bbox 2191 3042 2254 3080; x_wconf 89' lang='lat' dir='ltr'>se</span> <span class='ocrx_word' id='word_1_85' title='bbox 2281 3024 2460 3080; x_wconf 90' lang='lat' dir='ltr'>teneri</span> <span class='ocrx_word' id='word_1_86' title='bbox 2489 3021 2557 3078; x_wconf 82' lang='lat' dir='ltr'>ad</span> <span class='ocrx_word' id='word_1_87' title='bbox 2585 3039 2710 3077; x_wconf 84' lang='lat' dir='ltr'>eam</span> 
     </span>
     <span class='ocr_line' id='line_1_13' title="bbox 531 3119 2710 3198; baseline -0.003 -18"><span class='ocrx_word' id='word_1_88' title='bbox 531 3122 867 3181; x_wconf 84' lang='lat' dir='ltr'>faciendam.</span> <span class='ocrx_word' id='word_1_89' title='bbox 953 3121 1052 3178; x_wconf 88' lang='lat' dir='ltr'>Sic</span> <span class='ocrx_word' id='word_1_90' title='bbox 1078 3121 1141 3176; x_wconf 87' lang='lat' dir='ltr'>fit</span> <span class='ocrx_word' id='word_1_91' title='bbox 1178 3121 1382 3196; x_wconf 81' lang='lat' dir='ltr'>injuria</span> <span class='ocrx_word' id='word_1_92' title='bbox 1406 3123 1618 3178; x_wconf 87' lang='lat' dir='ltr'>rustico</span> <span class='ocrx_word' id='word_1_93' title='bbox 1657 3143 1691 3179; x_wconf 87' lang='lat' dir='ltr'>a</span> <span class='ocrx_word' id='word_1_94' title='bbox 1721 3123 2055 3198; x_wconf 85' lang='lat' dir='ltr'>jurisperito</span> <span class='ocrx_word' id='word_1_95' title='bbox 2083 3124 2181 3196; x_wconf 92' lang='lat' dir='ltr'>qui</span> <span class='ocrx_word' id='word_1_96' title='bbox 2222 3141 2353 3179; x_wconf 90' lang='lat' dir='ltr'>eum</span> <span class='ocrx_word' id='word_1_97' title='bbox 2391 3121 2602 3179; x_wconf 84' lang='lat' dir='ltr'>inducit</span> <span class='ocrx_word' id='word_1_98' title='bbox 2640 3119 2710 3176; x_wconf 85' lang='lat' dir='ltr'>ad</span> 
     </span>
     <span class='ocr_line' id='line_1_14' title="bbox 532 3219 2710 3298; baseline -0.001 -22"><span class='ocrx_word' id='word_1_99' title='bbox 532 3233 719 3278; x_wconf 81' lang='lat' dir='ltr'>actum</span> <span class='ocrx_word' id='word_1_100' title='bbox 746 3220 995 3291; x_wconf 88' lang='lat' dir='ltr'>aliquem</span> <span class='ocrx_word' id='word_1_101' title='bbox 1022 3219 1196 3275; x_wconf 86' lang='lat' dir='ltr'>veluti</span> <span class='ocrx_word' id='word_1_102' title='bbox 1220 3219 1349 3294; x_wconf 82' lang='lat' dir='ltr'>lege</span> <span class='ocrx_word' id='word_1_103' title='bbox 1377 3219 1719 3298; x_wconf 80' lang='lat' dir='ltr'>injunctum,</span> <span class='ocrx_word' id='word_1_104' title='bbox 1757 3240 1872 3293; x_wconf 88' lang='lat' dir='ltr'>quo</span> <span class='ocrx_word' id='word_1_105' title='bbox 1910 3223 2131 3279; x_wconf 72' lang='lat' dir='ltr'>se&#39;suis</span> <span class='ocrx_word' id='word_1_106' title='bbox 2171 3222 2338 3278; x_wconf 86' lang='lat' dir='ltr'>rebus</span> <span class='ocrx_word' id='word_1_107' title='bbox 2366 3221 2536 3297; x_wconf 80' lang='lat' dir='ltr'>gratis</span> <span class='ocrx_word' id='word_1_108' title='bbox 2577 3237 2710 3294; x_wconf 86' lang='lat' dir='ltr'>spo-</span> 
     </span>
     <span class='ocr_line' id='line_1_15' title="bbox 531 3316 2708 3396; baseline -0.001 -20"><span class='ocrx_word' id='word_1_109' title='bbox 531 3319 649 3377; x_wconf 85' lang='lat' dir='ltr'>liat.</span> <span class='ocrx_word' id='word_1_110' title='bbox 735 3317 1075 3375; x_wconf 86' lang='lat' dir='ltr'>Consensus</span> <span class='ocrx_word' id='word_1_111' title='bbox 1116 3316 1318 3392; x_wconf 88' lang='lat' dir='ltr'>plenus</span> <span class='ocrx_word' id='word_1_112' title='bbox 1359 3326 1417 3373; x_wconf 86' lang='lat' dir='ltr'>et</span> <span class='ocrx_word' id='word_1_113' title='bbox 1451 3319 1595 3376; x_wconf 89' lang='lat' dir='ltr'>liber</span> <span class='ocrx_word' id='word_1_114' title='bbox 1634 3320 1708 3376; x_wconf 91' lang='lat' dir='ltr'>sit</span> <span class='ocrx_word' id='word_1_115' title='bbox 1750 3337 1985 3378; x_wconf 86' lang='lat' dir='ltr'>necesse</span> <span class='ocrx_word' id='word_1_116' title='bbox 2027 3330 2132 3388; x_wconf 83' lang='lat' dir='ltr'>est,</span> <span class='ocrx_word' id='word_1_117' title='bbox 2167 3329 2237 3388; x_wconf 51' lang='lat' dir='ltr'>ut,</span> <span class='ocrx_word' id='word_1_118' title='bbox 2274 3319 2401 3391; x_wconf 89' lang='lat' dir='ltr'>quis</span> <span class='ocrx_word' id='word_1_119' title='bbox 2447 3319 2708 3396; x_wconf 82' lang='lat' dir='ltr'>injuriam</span> 
     </span>
     <span class='ocr_line' id='line_1_16' title="bbox 533 3414 2708 3496; baseline -0.001 -21"><span class='ocrx_word' id='word_1_120' title='bbox 533 3417 685 3476; x_wconf 85' lang='lat' dir='ltr'>haud</span> <span class='ocrx_word' id='word_1_121' title='bbox 712 3418 828 3494; x_wconf 82' lang='lat' dir='ltr'>pati</span> <span class='ocrx_word' id='word_1_122' title='bbox 854 3414 1087 3484; x_wconf 89' lang='lat' dir='ltr'>dicatur,</span> <span class='ocrx_word' id='word_1_123' title='bbox 1116 3416 1168 3472; x_wconf 87' lang='lat' dir='ltr'>si</span> <span class='ocrx_word' id='word_1_124' title='bbox 1193 3417 1346 3474; x_wconf 90' lang='lat' dir='ltr'>enim</span> <span class='ocrx_word' id='word_1_125' title='bbox 1374 3435 1450 3474; x_wconf 86' lang='lat' dir='ltr'>ex</span> <span class='ocrx_word' id='word_1_126' title='bbox 1476 3427 1630 3475; x_wconf 89' lang='lat' dir='ltr'>metu</span> <span class='ocrx_word' id='word_1_127' title='bbox 1669 3419 1878 3496; x_wconf 91' lang='lat' dir='ltr'>injuste</span> <span class='ocrx_word' id='word_1_128' title='bbox 1918 3421 2150 3478; x_wconf 88' lang='lat' dir='ltr'>incusso</span> <span class='ocrx_word' id='word_1_129' title='bbox 2176 3419 2486 3496; x_wconf 86' lang='lat' dir='ltr'>proveniat,</span> <span class='ocrx_word' id='word_1_130' title='bbox 2513 3417 2708 3489; x_wconf 88' lang='lat' dir='ltr'>utique</span> 
     </span>
     <span class='ocr_line' id='line_1_17' title="bbox 532 3515 2708 3596; baseline -0.002 -20"><span class='ocrx_word' id='word_1_131' title='bbox 532 3519 795 3596; x_wconf 82' lang='lat' dir='ltr'>injuriam</span> <span class='ocrx_word' id='word_1_132' title='bbox 826 3516 1032 3593; x_wconf 85' lang='lat' dir='ltr'>patitur</span> <span class='ocrx_word' id='word_1_133' title='bbox 1059 3515 1156 3588; x_wconf 90' lang='lat' dir='ltr'>qui</span> <span class='ocrx_word' id='word_1_134' title='bbox 1196 3534 1327 3573; x_wconf 91' lang='lat' dir='ltr'>eum</span> <span class='ocrx_word' id='word_1_135' title='bbox 1366 3527 1611 3590; x_wconf 82' lang='lat' dir='ltr'>praestat.</span> <span class='ocrx_word' id='word_1_136' title='bbox 1698 3517 1797 3574; x_wconf 87' lang='lat' dir='ltr'>Sic</span> <span class='ocrx_word' id='word_1_137' title='bbox 1841 3519 2073 3576; x_wconf 84' lang='lat' dir='ltr'>viatoris</span> <span class='ocrx_word' id='word_1_138' title='bbox 2112 3536 2426 3576; x_wconf 87' lang='lat' dir='ltr'>consensus</span> <span class='ocrx_word' id='word_1_139' title='bbox 2467 3526 2531 3574; x_wconf 90' lang='lat' dir='ltr'>ut</span> <span class='ocrx_word' id='word_1_140' title='bbox 2566 3517 2708 3573; x_wconf 84' lang='lat' dir='ltr'>latro</span> 
     </span>
     <span class='ocr_line' id='line_1_18' title="bbox 533 3613 2710 3695; baseline -0.002 -20"><span class='ocrx_word' id='word_1_141' title='bbox 533 3620 835 3695; x_wconf 80' lang='lat' dir='ltr'>pecuniam</span> <span class='ocrx_word' id='word_1_142' title='bbox 863 3634 1060 3673; x_wconf 86' lang='lat' dir='ltr'>secum</span> <span class='ocrx_word' id='word_1_143' title='bbox 1102 3613 1335 3681; x_wconf 85' lang='lat' dir='ltr'>auferat,</span> <span class='ocrx_word' id='word_1_144' title='bbox 1376 3616 1583 3692; x_wconf 84' lang='lat' dir='ltr'>injuria</span> <span class='ocrx_word' id='word_1_145' title='bbox 1621 3625 2007 3688; x_wconf 84' lang='lat' dir='ltr'>extorquetur.</span> <span class='ocrx_word' id='word_1_146' title='bbox 2093 3617 2432 3676; x_wconf 73' lang='lat' dir='ltr'>consensus</span> <span class='ocrx_word' id='word_1_147' title='bbox 2473 3617 2710 3693; x_wconf 86' lang='lat' dir='ltr'>alicujus</span> 
     </span>
     <span class='ocr_line' id='line_1_19' title="bbox 535 3714 2714 3794; baseline -0.002 -20"><span class='ocrx_word' id='word_1_148' title='bbox 535 3717 606 3774; x_wconf 82' lang='lat' dir='ltr'>ad</span> <span class='ocrx_word' id='word_1_149' title='bbox 632 3716 872 3776; x_wconf 83' lang='lat' dir='ltr'>dandam</span> <span class='ocrx_word' id='word_1_150' title='bbox 901 3714 1203 3790; x_wconf 85' lang='lat' dir='ltr'>pecuniam</span> <span class='ocrx_word' id='word_1_151' title='bbox 1230 3733 1303 3772; x_wconf 84' lang='lat' dir='ltr'>ne</span> <span class='ocrx_word' id='word_1_152' title='bbox 1328 3714 1426 3772; x_wconf 83' lang='lat' dir='ltr'>lite</span> <span class='ocrx_word' id='word_1_153' title='bbox 1466 3715 1675 3792; x_wconf 83' lang='lat' dir='ltr'>injusta</span> <span class='ocrx_word' id='word_1_154' title='bbox 1700 3725 1956 3784; x_wconf 81' lang='lat' dir='ltr'>vexetur,</span> <span class='ocrx_word' id='word_1_155' title='bbox 1999 3718 2266 3794; x_wconf 79' lang='lat' dir='ltr'>injuriam</span> <span class='ocrx_word' id='word_1_156' title='bbox 2299 3717 2565 3775; x_wconf 82' lang='lat' dir='ltr'>minantis</span> <span class='ocrx_word' id='word_1_157' title='bbox 2597 3732 2714 3772; x_wconf 91' lang='lat' dir='ltr'>non</span> 
     </span>
     <span class='ocr_line' id='line_1_20' title="bbox 537 3814 2714 3891; baseline -0 -22"><span class='ocrx_word' id='word_1_158' title='bbox 537 3815 701 3872; x_wconf 90' lang='lat' dir='ltr'>tollit.</span> <span class='ocrx_word' id='word_1_159' title='bbox 784 3814 869 3870; x_wconf 92' lang='lat' dir='ltr'>Ut</span> <span class='ocrx_word' id='word_1_160' title='bbox 906 3815 1088 3870; x_wconf 85' lang='lat' dir='ltr'>valeat</span> <span class='ocrx_word' id='word_1_161' title='bbox 1126 3831 1462 3880; x_wconf 87' lang='lat' dir='ltr'>consensus,</span> <span class='ocrx_word' id='word_1_162' title='bbox 1504 3814 1670 3872; x_wconf 89' lang='lat' dir='ltr'>debet</span> <span class='ocrx_word' id='word_1_163' title='bbox 1705 3833 1826 3872; x_wconf 88' lang='lat' dir='ltr'>rem</span> <span class='ocrx_word' id='word_1_164' title='bbox 1865 3816 2077 3874; x_wconf 85' lang='lat' dir='ltr'>licitam</span> <span class='ocrx_word' id='word_1_165' title='bbox 2115 3816 2420 3891; x_wconf 87' lang='lat' dir='ltr'>respicere,</span> <span class='ocrx_word' id='word_1_166' title='bbox 2465 3816 2518 3871; x_wconf 88' lang='lat' dir='ltr'>si</span> <span class='ocrx_word' id='word_1_167' title='bbox 2561 3815 2714 3872; x_wconf 87' lang='lat' dir='ltr'>enim</span> 
     </span>
     <span class='ocr_line' id='line_1_21' title="bbox 533 3911 2712 3993; baseline 0 -25"><span class='ocrx_word' id='word_1_168' title='bbox 533 3913 691 3987; x_wconf 85' lang='lat' dir='ltr'>leges</span> <span class='ocrx_word' id='word_1_169' title='bbox 719 3911 963 3977; x_wconf 89' lang='lat' dir='ltr'>obstent,</span> <span class='ocrx_word' id='word_1_170' title='bbox 992 3912 1181 3968; x_wconf 87' lang='lat' dir='ltr'>irritus</span> <span class='ocrx_word' id='word_1_171' title='bbox 1208 3914 1333 3979; x_wconf 88' lang='lat' dir='ltr'>erit,</span> <span class='ocrx_word' id='word_1_172' title='bbox 1362 3924 1419 3970; x_wconf 91' lang='lat' dir='ltr'>et</span> <span class='ocrx_word' id='word_1_173' title='bbox 1443 3914 1652 3991; x_wconf 87' lang='lat' dir='ltr'>injuria</span> <span class='ocrx_word' id='word_1_174' title='bbox 1677 3912 1918 3972; x_wconf 85' lang='lat' dir='ltr'>elicitus.</span> <span class='ocrx_word' id='word_1_175' title='bbox 2005 3916 2072 3972; x_wconf 80' lang='lat' dir='ltr'>Si</span> <span class='ocrx_word' id='word_1_176' title='bbox 2091 3916 2188 3993; x_wconf 88' lang='lat' dir='ltr'>jus</span> <span class='ocrx_word' id='word_1_177' title='bbox 2215 3915 2483 3991; x_wconf 85' lang='lat' dir='ltr'>respiciat</span> <span class='ocrx_word' id='word_1_178' title='bbox 2507 3915 2599 3970; x_wconf 92' lang='lat' dir='ltr'>cui</span> <span class='ocrx_word' id='word_1_179' title='bbox 2627 3930 2712 3969; x_wconf 90' lang='lat' dir='ltr'>re-</span> 
     </span>
     <span class='ocr_line' id='line_1_22' title="bbox 536 4009 2713 4084; baseline 0.001 -18"><span class='ocrx_word' id='word_1_180' title='bbox 536 4010 789 4066; x_wconf 86' lang='lat' dir='ltr'>nuntiare</span> <span class='ocrx_word' id='word_1_181' title='bbox 819 4009 947 4080; x_wconf 90' lang='lat' dir='ltr'>quis</span> <span class='ocrx_word' id='word_1_182' title='bbox 987 4010 1202 4078; x_wconf 85' lang='lat' dir='ltr'>nequit,</span> <span class='ocrx_word' id='word_1_183' title='bbox 1241 4018 1436 4084; x_wconf 87' lang='lat' dir='ltr'>utpote</span> <span class='ocrx_word' id='word_1_184' title='bbox 1478 4015 1529 4070; x_wconf 86' lang='lat' dir='ltr'>si</span> <span class='ocrx_word' id='word_1_185' title='bbox 1575 4014 1799 4071; x_wconf 86' lang='lat' dir='ltr'>intersit</span> <span class='ocrx_word' id='word_1_186' title='bbox 1842 4014 2102 4082; x_wconf 86' lang='lat' dir='ltr'>aliorum,</span> <span class='ocrx_word' id='word_1_187' title='bbox 2131 4015 2224 4073; x_wconf 86' lang='lat' dir='ltr'>vel</span> <span class='ocrx_word' id='word_1_188' title='bbox 2251 4015 2302 4071; x_wconf 88' lang='lat' dir='ltr'>si</span> <span class='ocrx_word' id='word_1_189' title='bbox 2329 4013 2558 4072; x_wconf 86' lang='lat' dir='ltr'>alienari</span> <span class='ocrx_word' id='word_1_190' title='bbox 2597 4030 2713 4068; x_wconf 87' lang='lat' dir='ltr'>non</span> 
     </span>
     <span class='ocr_line' id='line_1_23' title="bbox 538 4106 2714 4191; baseline 0.001 -27"><span class='ocrx_word' id='word_1_191' title='bbox 538 4107 738 4183; x_wconf 91' lang='lat' dir='ltr'>possit,</span> <span class='ocrx_word' id='word_1_192' title='bbox 778 4107 985 4181; x_wconf 89' lang='lat' dir='ltr'>injuria</span> <span class='ocrx_word' id='word_1_193' title='bbox 1023 4106 1087 4161; x_wconf 84' lang='lat' dir='ltr'>fit</span> <span class='ocrx_word' id='word_1_194' title='bbox 1112 4106 1277 4163; x_wconf 84' lang='lat' dir='ltr'>etiam</span> <span class='ocrx_word' id='word_1_195' title='bbox 1324 4111 1720 4169; x_wconf 88' lang='lat' dir='ltr'>consentienti.</span> <span class='ocrx_word' id='word_1_196' title='bbox 1807 4113 1907 4171; x_wconf 89' lang='lat' dir='ltr'>Sic</span> <span class='ocrx_word' id='word_1_197' title='bbox 1947 4113 2164 4191; x_wconf 88' lang='lat' dir='ltr'>pupillo</span> <span class='ocrx_word' id='word_1_198' title='bbox 2205 4115 2270 4170; x_wconf 90' lang='lat' dir='ltr'>fit</span> <span class='ocrx_word' id='word_1_199' title='bbox 2309 4113 2531 4189; x_wconf 86' lang='lat' dir='ltr'>injuria,</span> <span class='ocrx_word' id='word_1_200' title='bbox 2575 4111 2714 4168; x_wconf 90' lang='lat' dir='ltr'>dum</span> 
     </span>
     <span class='ocr_line' id='line_1_24' title="bbox 535 4204 2714 4290; baseline 0.002 -28"><span class='ocrx_word' id='word_1_201' title='bbox 535 4207 655 4264; x_wconf 86' lang='lat' dir='ltr'>suis</span> <span class='ocrx_word' id='word_1_202' title='bbox 682 4205 845 4262; x_wconf 89' lang='lat' dir='ltr'>bonis</span> <span class='ocrx_word' id='word_1_203' title='bbox 873 4204 1148 4281; x_wconf 83' lang='lat' dir='ltr'>spoliatur</span> <span class='ocrx_word' id='word_1_204' title='bbox 1172 4208 1535 4264; x_wconf 84' lang='lat' dir='ltr'>consentiens</span> <span class='ocrx_word' id='word_1_205' title='bbox 1564 4220 1756 4268; x_wconf 87' lang='lat' dir='ltr'>contra</span> <span class='ocrx_word' id='word_1_206' title='bbox 1793 4213 1974 4290; x_wconf 78' lang='lat' dir='ltr'>legeS,</span> <span class='ocrx_word' id='word_1_207' title='bbox 2011 4214 2219 4286; x_wconf 88' lang='lat' dir='ltr'>quibus</span> <span class='ocrx_word' id='word_1_208' title='bbox 2259 4230 2378 4269; x_wconf 84' lang='lat' dir='ltr'>suae</span> <span class='ocrx_word' id='word_1_209' title='bbox 2407 4211 2553 4268; x_wconf 82' lang='lat' dir='ltr'>aetati</span> <span class='ocrx_word' id='word_1_210' title='bbox 2580 4229 2714 4268; x_wconf 89' lang='lat' dir='ltr'>con-</span> 
     </span>
    </p>
   </div>
   <div class='ocr_carea' id='block_1_6' title="bbox 745 4383 2495 4462">
    <p class='ocr_par' dir='ltr' id='par_1_6' title="bbox 745 4383 2495 4462">
     <span class='ocr_line' id='line_1_25' title="bbox 745 4383 2495 4462; baseline -0.007 -6"><span class='ocrx_word' id='word_1_211' title='bbox 745 4392 829 4456; x_wconf 84' lang='grc' dir='ltr'>(Ῑ)</span> <span class='ocrx_word' id='word_1_212' title='bbox 869 4389 988 4450; x_wconf 63' lang='lat' dir='ltr'>Reg-</span> <span class='ocrx_word' id='word_1_213' title='bbox 1003 4387 1128 4453; x_wconf 68' lang='lat' dir='ltr'>juris</span> <span class='ocrx_word' id='word_1_214' title='bbox 1150 4389 1300 4438; x_wconf 70' lang='lat' dir='ltr'>nVfi·</span> <span class='ocrx_word' id='word_1_215' title='bbox 1322 4390 1375 4439; x_wconf 88' lang='lat' dir='ltr'>in</span> <span class='ocrx_word' id='word_1_216' title='bbox 1398 4393 1444 4439; x_wconf 80' lang='grc'>6·</span> <span class='ocrx_word' id='word_1_217' title='bbox 1850 4398 1935 4462; x_wconf 78' lang='grc'>(2)</span> <span class='ocrx_word' id='word_1_218' title='bbox 1973 4396 2094 4458; x_wconf 80' lang='lat' dir='ltr'>Reg.</span> <span class='ocrx_word' id='word_1_219' title='bbox 2121 4383 2231 4446; x_wconf 81' lang='lat'>14&#39;5.</span> <span class='ocrx_word' id='word_1_220' title='bbox 2252 4396 2304 4448; x_wconf 80' lang='lat' dir='ltr'>ff.</span> <span class='ocrx_word' id='word_1_221' title='bbox 2326 4398 2357 4446; x_wconf 91' lang='lat' dir='ltr'>l.</span> <span class='ocrx_word' id='word_1_222' title='bbox 2381 4395 2495 4446; x_wconf 80' lang='lat' dir='ltr'>xvii.</span> 
     </span>
    </p>
   </div>
  </div>
 </body>
</html>
