3117 5217
1299 554 1779 619 .APPENDIX.
2512 557 2630 613 407

529 726 629 779 31.
673 721 1032 799 Regulariter
1067 719 1329 780 occidere
1357 739 1595 797 possum
1636 720 1819 780 furem
1861 738 1965 796 pro
2002 722 2439 779 conservatione
2466 722 2635 779 unius

369 856 380 866 ·
457 822 634 879 aurei.

535 924 636 977 32.
681 918 820 977 Non
861 919 1048 977 solum
1097 918 1316 977 licitum
1361 928 1448 977 est
1483 918 1790 977 defendere
1830 915 2161 975 defensione
2203 919 2471 985 occisiva,
2516 936 2641 989 quae

461 1028 584 1077 actu
615 1017 998 1094 possidemuS,
1025 1017 1126 1075 sed
1155 1018 1325 1078 etiam
1354 1018 1422 1076 ad
1451 1036 1579 1090 quae
1599 1018 1698 1094 jus
1734 1016 2062 1075 inchoatum
2090 1016 2385 1085 habemus,
2428 1018 2487 1074 δι
2514 1036 2638 1089 quae

466 1136 572 1175 nos
601 1134 970 1194 possessuros
998 1135 1315 1193 speramus·

539 1221 638 1273 33.
683 1215 932 1275 Licitum
959 1226 1048 1272 est
1084 1226 1198 1273 tam
1226 1214 1458 1281 haeredi,
1487 1204 1659 1286 quam
1684 1214 1973 1291 legatario,
1996 1225 2191 1271 contra
2216 1215 2425 1291 injuste
2464 1214 2643 1289 impe-

470 1314 742 1380 dientem,
783 1333 855 1371 ne
901 1314 991 1372 vel
1034 1313 1330 1371 haereditas
1371 1312 1621 1381 adeatur,
1652 1313 1743 1371 vel
1782 1313 1969 1389 legata
2009 1313 2318 1381 solvantur,
2360 1332 2425 1371 se
2468 1313 2649 1371 taliter

359 1482 366 1489 ,
464 1412 802 1479 defendere;
845 1413 994 1471 sicut
1017 1412 1077 1469 δι’.
1094 1412 1192 1489 jus
1233 1412 1460 1470 habenti
1487 1413 1547 1471 in
1576 1411 1947 1479 cathedram,
1974 1412 2067 1469 vel
2110 1412 2481 1471 Praebendam
2512 1431 2646 1471 con-

469 1523 549 1570 tra
575 1531 769 1572 eorum
799 1512 1229 1587 possessionem
1254 1513 1465 1587 injuste
1501 1512 1932 1589 impedientem.

549 1616 648 1669 34.
691 1610 856 1669 Licet
893 1628 1194 1687 procurare
1235 1612 1488 1669 abortum
1521 1620 1661 1671 ,ante
1702 1609 2103 1695 animationem
2132 1608 2320 1676 foetuS,
2350 1628 2421 1667 ne
2464 1609 2649 1685 puella

467 1709 824 1786 deprehensa
849 1708 1078 1785 gravida
1103 1709 1410 1777 occidatur,
1439 1722 1538 1783 aut
1561 1710 1884 1768 infametur.

549 1813 648 1867 35.
693 1808 934 1866 Videtur
959 1808 1269 1884 probabile,
1313 1826 1544 1867 omnem
1588 1808 1807 1875 soetum,
1850 1805 2097 1878 quandiu
2139 1806 2198 1863 in
2239 1816 2401 1865 utero
2428 1815 2536 1871 est,
2564 1825 2654 1863 ca·

473 1926 598 1965 rere
625 1908 815 1965 anima
839 1907 1116 1973 rationali,
1146 1906 1205 1964 ἀ
1247 1917 1381 1965 tunc
1419 1908 1667 1983 primum
1707 1906 1957 1981 incipere
1986 1905 2225 1963 eandem
2267 1906 2496 1973 habere,
2524 1923 2657 1963 cum

473 2007 706 2082 paritur,
735 2025 802 2063 ac
827 2015 1244 2077 consequenter
1269 2005 1577 2065 dicendum
1604 2005 1727 2071 erit,
1770 2005 1827 2062 in
1868 2004 2025 2063 nullo
2058 2006 2253 2063 abortu
2282 2003 2655 2063 homicidium

479 2104 774 2162 committi.

556 2206 654 2259 36.
697 2181 1050 2261 Permissum
1080 2209 1170 2261 est
1194 2200 1384 2268 furari,
1415 2219 1530 2259 non
1561 2200 1753 2262 solum
1792 2202 1849 2259 in
1886 2210 2141 2259 extrema
2170 2201 2525 2267 necessitate,
2552 2200 2655 2257 sed

477 2300 648 2358 etiam
676 2302 734 2359 in
764 2300 941 2377 gravi.

463 2408 470 2416 “
554 2404 654 2457 37.
697 2397 947 2466 Famuli,
976 2398 1035 2456 ἀ
1062 2397 1316 2457 Famulae
1343 2398 1670 2456 domesticae
1698 2408 1941 2474 possunt
1964 2398 2185 2457 occulte
2206 2397 2360 2455 heris
2389 2399 2509 2455 suis
2538 2416 2658 2457 sur-

477 2499 664 2575 ripere
712 2498 781 2555 ad
835 2496 1318 2573 compensandam
1363 2514 1600 2573 operam
1646 2515 1830 2563 suam,
1876 2515 2045 2569 quam
2092 2498 2365 2572 majorem
2398 2497 2662 2573 judicant

479 2597 704 2663 salari0‚
733 2596 888 2667 quod
913 2597 1215 2671 recipiunt.
2686 2588 2693 2594 ⁴

559 2699 658 2753 38.
703 2695 843 2754 Non
872 2704 1092 2753 tenetur
1117 2695 1246 2767 quis
1273 2694 1378 2751 sub
1413 2712 1581 2769 poena
1620 2693 1841 2770 peccati
1880 2693 2137 2751 mortalis
2164 2694 2479 2760 restituere,
2508 2694 2661 2765 quod

481 2794 728 2851 ablatum
775 2803 866 2851 est
909 2812 1012 2870 per
1056 2812 1238 2871 pauca
1281 2792 1446 2859 furta,
1494 2802 2015 2864 quantumcumque
2067 2792 2141 2849 sit
2192 2811 2399 2869 magna
2442 2810 2665 2851 summa

480 2893 686 2951 totalis.

560 2994 658 3049 39.
703 2991 818 3057 Qui
845 2990 1018 3049 alium
1044 3001 1256 3056 movet,
1297 2998 1393 3046 aut
1429 2988 1650 3047 inducit
1688 2988 1757 3047 ad
1798 2987 2157 3048 inferendum
2193 3008 2363 3067 grave
2392 2990 2662 3047 damnum

487 3091 672 3155 tertio,
700 3108 816 3147 non
845 3098 1066 3148 tenetur
1090 3089 1159 3147 ad
1185 3089 1601 3147 restitutionem
1628 3088 1789 3145 istius
1819 3088 2012 3146 damni
2040 3087 2199 3145 illati.

563 3192 662 3245 40.
707 3187 1046 3245 Contractus
1087 3187 1352 3245 Mohatra
1377 3187 1571 3246 licitus
1606 3195 1712 3253 est,
1754 3188 1921 3244 etiam
1964 3196 2224 3262 respectu
2252 3186 2511 3262 ejusdem
2541 3204 2665 3261 per-

487 3306 664 3356 sonae,
694 3287 753 3348 &a
780 3305 910 3345 cum
937 3296 1224 3347 contractu
1251 3285 1743 3343 retrovenditionis
1771 3286 1979 3362 praevie
2014 3285 2155 3343 inito
2183 3304 2312 3343 cum
2352 3286 2665 3343 intentione

487 3387 649 3446 lucri.

566 3488 666 3544 41.
721 3484 878 3541 Cum
917 3492 1209 3541 numerata
1234 3484 1478 3558 pecunia
1516 3482 1819 3559 pretiosior
1856 3482 1929 3539 sit
1966 3480 2348 3549 numeranda3
2392 3482 2451 3539 85
2478 3482 2667 3539 nullus

399 3618 402 3621 >
485 3583 578 3650 sit,
607 3582 705 3654 qui
731 3600 846 3639 non
887 3582 1120 3658 majoris
1147 3580 1315 3638 faciat
1340 3583 1640 3657 pecuniam
1669 3591 2029 3656 praesentem,
2060 3598 2231 3651 quam
2270 3580 2537 3649 futuram,
2567 3599 2667 3657 po-

488 3690 599 3739 test
623 3678 865 3751 creditor
889 3678 1098 3751 aliquid
1126 3679 1270 3737 ultra
1295 3689 1504 3737 sortem
1527 3700 1560 3737 a
1584 3662 1922 3737 mutuatario
1948 3680 2201 3756 exigere,
2228 3678 2288 3735 81:
2312 3697 2383 3737 eo
2411 3680 2571 3737 titulo
2599 3680 2667 3737 ab

488 3798 660 3837 usura
685 3779 964 3835 excusari.

566 3882 666 3935 42.
710 3877 901 3935 Usura
925 3894 1040 3934 non
1079 3886 1188 3942 est,
1231 3874 1365 3934 dum
1407 3876 1555 3934 ultra
1594 3885 1803 3935 sortem
1846 3875 2061 3948 aliquid
2102 3876 2369 3952 exigitur,
2397 3886 2663 3949 tanquam

497 3995 572 4034 ex
599 3976 1012 4043 benevolentia,
1042 3975 1100 4033 δι’.
1126 3974 1462 4051 gratitudine
1501 3973 1775 4042 debitum,
1815 3974 1915 4033 sed
1956 3976 2161 4043 solum,
2192 3976 2244 4031 si
2269 3976 2527 4053 exigatur
2553 3987 2669 4034 tan-

496 4094 666 4148 quam
697 4094 771 4133 ex
789 4076 1012 4152 justitia
1037 4074 1307 4133 debitum.

569 4178 670 4233 43.
713 4174 930 4241 Quidni
956 4193 1073 4233 non
1099 4174 1210 4231 nisi
1239 4172 1458 4231 veniale
1486 4173 1581 4239 sit,
1609 4171 1955 4231 detrahentis
1984 4172 2369 4231 auctoritatem
2399 4191 2663 4248 magnam

492 4272 602 4329 sibi
627 4274 860 4331 noxiam
886 4273 1030 4331 falso
1059 4273 1297 4330 crimine
1317 4270 1567 4328 elidere?

569 4374 669 4427 44.
713 4372 1009 4430 Probabile
1035 4380 1124 4428 est
1148 4388 1264 4429 non
1291 4387 1530 4446 peccare
1559 4367 1885 4435 mortaliter,
1914 4368 2011 4440 qui
2043 4369 2289 4445 imponit
2328 4368 2534 4427 falsum
2562 4370 2667 4426 cri-
