3117 5217
504 567 616 622 184
1354 562 1470 621 DE
1514 562 1815 623 USURA.

503 733 724 791 Poterit
761 734 908 809 ipse,
935 732 1194 789 instituto
1219 748 1351 789 cum
1391 731 1462 787 iis
1502 731 1815 803 colloquio,
1842 732 2145 807 impetrare
2172 734 2361 789 oneris
2400 731 2692 789 remissio-

501 850 658 899 nem,
689 850 860 903 quam
895 831 944 888 si
983 830 1160 888 libera
1195 829 1476 905 plenaque
1517 830 1799 888 voluntate
1838 838 2125 905 praestent,
2167 830 2313 889 nihil
2350 830 2593 889 obstabit
2630 838 2693 887 ut

503 929 574 987 ad
613 940 964 987 sacramenta
1002 927 1248 986 accedat.
1335 928 1823 1001 Quotiescumque
1864 938 2051 987 autem
2094 929 2443 987 conscientia
2468 929 2687 1005 peceati

503 1028 612 1085 hae
639 1030 698 1085 in
727 1047 787 1085 re
816 1028 944 1101 quis
971 1047 1088 1085 non
1118 1036 1356 1095 tenetur,
1385 1046 1493 1083 nec
1525 1027 1675 1085 male
1702 1026 1859 1085 audit
1883 1027 2035 1105 apud
2056 1028 2218 1095 alios,
2246 1046 2355 1086 nec
2382 1028 2589 1101 aliquis
2616 1026 2687 1085 de

504 1127 780 1203 injustitia
818 1127 924 1184 sibi
966 1126 1108 1183 facta
1148 1126 1310 1197 queri
1335 1126 1611 1193 noscitur,
1652 1144 1769 1183 non
1808 1126 2029 1185 videtur
2066 1126 2485 1198 inquietandus,
2514 1145 2690 1200 quum

503 1225 652 1283 bona
678 1225 810 1291 fide,
841 1234 899 1282 et
935 1224 1226 1283 communi
1265 1224 1472 1301 agendi
1509 1234 1569 1281 et
1592 1224 1877 1283 sentiendi
1900 1225 2143 1292 ratione,
2170 1226 2355 1301 possit
2390 1226 2683 1283 excusari:

504 1333 560 1379 et
585 1325 838 1397 alioquin
867 1324 963 1381 vix
989 1334 1250 1399 speretur
1272 1323 1484 1381 fructus
1511 1342 1588 1381 ex
1614 1324 2002 1399 correptione3
2028 1342 2134 1382 nec
2160 1324 2315 1381 enim
2340 1324 2689 1383 confessario

505 1422 565 1477 in
591 1442 650 1481 re
677 1421 1009 1500 hujusmodi
1035 1422 1202 1480 facile
1231 1423 1586 1481 assentietur.

527 1510 536 1520 ⁸
591 1526 725 1581 101.
769 1521 1048 1581 Haeredes
1089 1522 1492 1581 foeneratorum
1531 1529 1793 1579 tenentur
1842 1520 1913 1579 ad
1964 1522 2378 1579 restitutionem
2418 1539 2589 1593 qnam
2630 1521 2689 1577 hi

505 1624 880 1699 neglexerunt
919 1620 1256 1689 faciendam,
1290 1622 1460 1697 juxta
1485 1619 1659 1677 illud:
1746 1628 1785 1654 ‘⁶
1808 1619 1943 1677 Filii
1982 1620 2052 1677 ad
2091 1620 2463 1677 restituendas
2490 1636 2689 1677 usuras

507 1736 576 1777 ea
603 1731 735 1779 sunt
759 1720 1106 1778 districtione
1135 1719 1396 1796 cogendi,
1424 1738 1538 1791 qua
1564 1727 1822 1794 parentes
1850 1713 2035 1775 sui.’'²
2118 1718 2406 1777 Caeterum
2436 1735 2539 1793 pro
2578 1727 2692 1774 rata

509 1838 627 1877 suoe
655 1820 955 1895 portionis,
985 1828 1024 1854 ‘⁶
1041 1818 1100 1875 in
1121 1828 1392 1890 quantum
1421 1816 1493 1873 ad
1517 1834 1619 1875 eos
1648 1809 2005 1893 pervenit,”²
2022 1835 2123 1874 eos
2142 1818 2343 1885 teneri,
2364 1836 2480 1875 non
2502 1828 2690 1875 autem

507 1919 565 1975 in
593 1917 840 1976 solidum
869 1917 1062 1993 plures
1091 1910 1336 1974 dicunt.³
1415 1915 1483 1973 Id
1525 1914 1658 1973 vero
1687 1933 2011 1983 censemus,
2039 1915 2291 1973 haeredes
2332 1934 2447 1973 non
2486 1914 2689 1973 debere

510 2016 802 2073 instituere
829 2034 1092 2083 examen,
1122 2016 1214 2073 vel
1231 2013 1534 2092 judicium,
1564 2013 1635 2071 de
1660 2014 1875 2071 ratione
1902 2014 2110 2091 agendi
2134 2034 2303 2087 quam
2330 2015 2575 2071 servavit
2600 2013 2694 2070 de-

507 2116 769 2181 sunctus3
799 2132 905 2173 nec
930 2132 1130 2172 usuras
1159 2114 1227 2171 ab
1250 2132 1322 2172 eo
1349 2125 1610 2188 acceptas
1640 2114 1941 2188 suspicari,
1970 2114 2084 2171 nisi
2122 2132 2213 2171 res
2252 2115 2329 2171 sit
2352 2114 2488 2171 satis
2516 2112 2694 2171 mani-

512 2214 675 2281 festa,
704 2213 1138 2271 reclamantibus
1165 2213 1307 2288 ipsis
1335 2213 1540 2284 quibus
1568 2212 1776 2288 injuria
1802 2211 1945 2269 facta
1964 2222 2071 2270 est.
2156 2210 2444 2284 Equidem
2465 2222 2548 2269 tot
2564 2230 2695 2287 pos-

515 2320 648 2370 sunt
672 2330 799 2369 esse
824 2313 968 2369 lucri
995 2312 1160 2377 tituli,
1188 2313 1500 2387 praesertim
1527 2310 1715 2367 habita
1740 2310 1955 2369 ratione
1984 2310 2398 2387 adjunctorum,
2425 2320 2489 2368 ut
2524 2329 2696 2369 nemo

516 2420 771 2468 teneatur
798 2410 1023 2467 alterius
1051 2418 1207 2466 actus
1235 2409 1469 2466 scrutari
1496 2419 1552 2466 et
1578 2408 1865 2467 damnare.

601 2512 736 2565 102.
779 2508 986 2567 Utrum
1013 2508 1152 2565 dans
1179 2508 1482 2566 consilium
1527 2527 1632 2583 pro
1670 2509 1857 2567 usuris
1898 2516 2149 2565 teneatur
2181 2506 2250 2565 ad
2288 2506 2696 2567 restituendum

517 2608 823 2681 quaeritur3
853 2608 1131 2683 contingit
1155 2608 1370 2683 quippe
1391 2624 1818 2677 nonnumquam
1842 2606 2173 2665 advocatum
2190 2605 2381 2664 clienti
2400 2606 2698 2664 consulere

518 2718 580 2767 ut
610 2708 920 2783 ,pecuniam
959 2707 1118 2764 alteri
1163 2706 1413 2763 mutuam
1467 2704 1581 2772 det,
1627 2704 1847 2762 lucrum
1892 2704 2024 2763 inde
2076 2724 2349 2781 magnum
2400 2704 2695 2762 relaturus.

519 2806 747 2882 Saepius
782 2800 840 2862 i‘d
880 2806 1072 2863 evenit
1109 2804 1522 2879 campsoribus,
1551 2803 1790 2875 aliisque
1828 2812 2077 2861 mutuam
2115 2804 2491 2875 quaerentibus
2530 2822 2699 2878 pecu·

519 2907 692 2969 niam,
721 2920 890 2975 quam
919 2902 1213 2959 clientibus
1241 2902 1380 2967 suiS,
1409 2899 1673 2957 mercede
1700 2902 1773 2959 ob
1801 2902 2143 2961 beneficium
2172 2912 2424 2979 accepta,
2454 2900 2694 2959 tradunt.

520 3002 761 3070 Quoties
793 3001 852 3057 in
891 3002 1130 3077 gratiam
1169 3000 1475 3057 mutuantis
1511 2999 1571 3056 id
1608 2999 1693 3068 fit,
1735 3020 1852 3057 non
1891 3011 2111 3059 tenetur
2138 3001 2207 3059 ad
2231 2994 2704 3069 restitutionem‚⁴

521 3102 654 3175 quia
679 3118 754 3157 ex
781 3092 954 3174 pleno
981 3100 1106 3176 ejus
1146 3117 1431 3156 consensu
1469 3116 1590 3155 rem
1630 3100 1793 3173 gerit.
1878 3098 2049 3165 Quod
2089 3100 2139 3156 si
2178 3099 2409 3157 suadeat
2434 3100 2601 3157 alicui
2639 3105 2701 3157 ut

517 3210 771 3260 mutuam
799 3197 1036 3272 accipiat
1061 3198 1382 3273 pecuniam,
1401 3215 1530 3252 cum
1559 3198 1803 3255 auctario
1830 3200 2009 3277 nimio
2034 3198 2400 3266 reddendam,
2425 3200 2703 3256 tenebitur

521 3296 590 3354 ad
629 3294 1057 3362 restituendum,
1087 3294 1220 3367 quia
1258 3304 1346 3351 est
1382 3312 1552 3351 causa
1592 3306 1907 3369 contractus
1948 3298 2165 3373 injusti,
2204 3317 2320 3370 quo
2354 3298 2576 3355 laeditur
2602 3298 2705 3369 qui

521 3392 823 3452 consilium
864 3412 1100 3469 pravum
1140 3402 1366 3451 secutus
1405 3402 1512 3450 est.
1598 3394 1994 3471 Excipiendus
2032 3397 2253 3454 videtur
2291 3415 2456 3455 casus
2496 3398 2555 3454 in
2588 3413 2701 3469 quo

520 3513 726 3571 magna
748 3492 958 3551 utilitas
987 3494 1263 3550 mutuanti
1281 3469 1362 3550 cx
1391 3502 1586 3551 mutuo
1613 3496 1891 3570 provenit.
1976 3495 2213 3561 Quoties
2252 3514 2423 3553 usura
2448 3496 2703 3573 legitima

521 3594 810 3669 accipitur,
839 3611 1166 3669 campsores
1197 3594 1840 3675 pecuniam-quaerentes
1867 3595 1955 3651 vel
1988 3594 2184 3652 dantes
2214 3574 2492 3663 mutuam,
2530 3612 2702 3652 excu-

517 3694 631 3751 sari
657 3700 940 3769 poterunt,
971 3705 1248 3764 quatenus
1275 3700 1629 3766 praesumunt
1652 3692 1886 3750 titulum·
1904 3693 2137 3751 adesse:
2168 3713 2283 3751 non
2311 3695 2447 3752 item
2476 3692 2700 3767 quando

505 3792 696 3848 'nimia
721 3800 824 3857 est,
855 3810 988 3848 nam
1015 3802 1269 3849 constare
1298 3791 1379 3846 eis
1407 3789 1575 3846 debet
1588 3791 1811 3865 justum
1838 3810 1963 3849 esse
1990 3793 2214 3851 titulum
2246 3794 2487 3851 limitem
2516 3813 2549 3849 a
2572 3793 2701 3869 lege

517 3890 765 3964 positum
794 3887 1259 3965 transgrediendi,
1289 3898 1593 3962 antequam
1618 3907 1779 3947 suam
1808 3901 2075 3966 praestent
2092 3910 2323 3967 operam
2345 3894 2424 3950 rei
2448 3892 2701 3962 alioquin

519 3986 745 4043 illicitae.

605 4087 738 4141 103.
782 4084 1052 4141 Praebens
1081 4084 1382 4160 pecuniam
1409 4084 1730 4145 foeneratori
1756 4096 1818 4144 ut
1845 4088 2031 4148 foenus
2060 4100 2341 4156 exerceat,
2370 4090 2593 4165 peccati
2620 4108 2705 4145 ar-

517 4292 526 4306 ‘
594 4292 673 4356 (1)
713 4288 773 4337 C.
804 4290 916 4338 Tua
936 4306 1040 4341 nos.
1065 4294 1111 4339 9.
1135 4290 1192 4341 de
1225 4291 1368 4341 Usar.
1523 4295 1608 4359 (2)
1648 4292 1707 4341 L.
1730 4294 1763 4342 i.
1786 4311 1829 4343 c.
1851 4294 1910 4345 de
1927 4294 2115 4346 delictis
2136 4294 2359 4365 defimct.
2383 4290 2500 4345 niv.
2522 4296 2593 4345 tit.
2623 4298 2700 4344 17.

595 4377 680 4441 (3)
721 4376 772 4423 S.
796 4374 1035 4438 Alphons.
1058 4377 1090 4425 1.
1112 4376 1178 4425 iii.
1202 4392 1252 4425 n.
1275 4378 1391 4425 790.

594 4462 680 4526 (4)
718 4460 792 4509 Ita
813 4460 1084 4510 communis
1105 4460 1343 4509 sententia
1364 4460 1492 4525 apud
1515 4462 1567 4509 S.
1590 4462 1831 4527 Alphons.
1853 4464 1884 4513 1.
1906 4463 1974 4513 iii.
1996 4480 2047 4513 n.
2073 4468 2187 4513 785.
