3117 5217
489 610 603 664 150
1186 599 1299 662 DE
1342 601 1810 664 TESTAMEN
1823 597 1957 662 TO.

1357 1106 1640 1164 CAPUT
1688 1107 1796 1164 111.

1310 1322 1387 1362 DE
1428 1322 1851 1364 TESTAMENTO.

563 1481 663 1537 26.
709 1486 747 1512 ‘⁶
780 1474 1233 1533 Testamentum
1272 1483 1359 1532 est
1391 1475 1697 1532 voluntatis
1739 1491 1942 1534 nostrae
1987 1477 2143 1552 justa
2181 1469 2460 1531 sententia
2496 1471 2566 1529 de
2598 1490 2666 1530 eo

485 1578 636 1651 quod
666 1577 794 1649 quis
821 1583 951 1651 post
990 1586 1228 1632 mortem
1270 1592 1433 1632 suam
1472 1572 1599 1630 fieri
1633 1573 1832 1632 velit.”
1915 1574 2002 1632 Ita
2041 1573 2404 1631 Modestinus
2445 1573 2502 1629 in
2537 1572 2667 1648 jure

484 1667 785 1734 caesare0.¹
867 1671 1131 1730 Haeredis
1172 1673 1443 1730 institutio
1475 1673 1608 1749 jure
1648 1673 1747 1730 illo
1781 1672 1923 1730 adeo
1963 1683 2080 1730 erat
2119 1672 2460 1738 hecessaria,
2501 1681 2564 1727 ut
2601 1689 2667 1726 ea

484 1775 698 1837 omissa
723 1771 941 1831 nullum
969 1772 1266 1829 haberetur
1287 1767 1741 1828 testamentum.2
1828 1770 2248 1851 Olographum
2274 1778 2665 1826 testamentum

484 1873 624 1932 illud
650 1882 739 1930 est
764 1871 917 1943 quod
944 1879 1124 1928 totum
1152 1871 1381 1946 propria
1402 1871 1684 1926 testatoris
1701 1889 1871 1928 manu
1893 1853 2239 1946 descriptum
2259 1877 2378 1926 est:
2410 1865 2668 1926 solemne

484 1978 879 2028 testamentum
907 1967 1175 2041 estquod
1200 1969 1308 2040 ritu
1336 1969 1520 2044 alege
1563 1969 1894 2045 praescripto
1935 1969 2256 2027 confectum
2295 1977 2411 2024 est:
2455 1965 2666 2041 scripto

483 2070 816 2145 plerumque
857 2067 948 2124 fit:
994 2065 1497 2145 Nuncupativum
1538 2067 1746 2126 dicitur
1784 2076 2181 2126 testamentum
2221 2067 2410 2124 verbis
2451 2075 2663 2122 tantum

482 2167 781 2245 prolatum.
864 2165 1345 2244 Privilegiatum
1372 2178 1461 2224 est
1486 2167 1637 2240 quod
1668 2186 1742 2225 ex
1782 2168 1925 2244 legis
1965 2167 2157 2224 favore
2185 2167 2350 2232 valet,
2379 2165 2664 2222 consuetis

482 2265 931 2323 solemnitatibus
961 2267 1211 2324 omissis,
1296 2267 1397 2322 Sic
1436 2268 1620 2324 nautis
1661 2267 1900 2338 aliisque
1940 2267 2000 2324 in
2041 2265 2185 2323 mari
2213 2263 2581 2330 versantibuS‚
2611 2271 2666 2318 et

480 2365 755 2422 militibus
780 2363 1061 2440 stipendia
1088 2357 1771 2424 facientibus'concedunt
1793 2365 1950 2441 leges
1977 2365 2262 2441 pleraeque
2303 2363 2666 2439 privilegium

480 2461 821 2540 disponendi
848 2461 919 2519 de
944 2464 1113 2520 rebus
1142 2464 1445 2521 mobilibus
1475 2466 1688 2536 absque
1715 2477 1986 2522 consueta
2019 2455 2430 2521 solemnitate.³

556 2568 656 2620 27.
707 2560 1033 2619 Codicillus
1063 2571 1294 2620 vocatur
1318 2563 1529 2620 ultimae
1557 2562 1861 2621 voluntatis
1889 2562 2212 2638 dispositi0,
2243 2580 2356 2634 qua
2382 2559 2531 2616 circa
2557 2566 2666 2614 tes-

478 2671 787 2719 tamentum
816 2660 1033 2732 aliquid
1059 2660 1391 2737 explicatur,
1422 2674 1519 2719 aut
1552 2661 1835 2730 addendo,
1866 2664 1954 2720 vel
1982 2659 2287 2727 demendO,
2318 2638 2659 2716 immutatur.

480 2761 787 2838 Legatum
814 2768 900 2814 est
924 2760 1136 2819 ultimae
1172 2760 1475 2818 voluntatis
1502 2761 1824 2836 dispositi0‚
1856 2779 1966 2832 qua
1993 2759 2204 2818 donum
2235 2759 2302 2816 ab
2341 2756 2663 2814 haereditate

479 2860 771 2935 demptum
801 2857 969 2916 alicui
994 2859 1348 2930 relinquitur.
1434 2859 1501 2916 Si
1525 2858 1772 2934 legatum
1799 2859 1874 2917 sit
1913 2858 2251 2925 universale,
2271 2855 2544 2937 falcidia
2568 2854 2662 2910 lex
2748 2920 2750 2922 v

478 2958 536 3037 (a
573 2954 828 3015 Falcidio
868 2957 1088 3014 tribuno
1130 2956 1313 3032 plebis
1348 2953 1542 3034 dicta,)
1583 2957 1749 3032 jubet
1784 2969 1850 3014 ut
1883 2958 2063 3015 haeres
2107 2966 2309 3033 praeter
2350 2955 2659 3030 legitimam

475 3075 636 3114 suam
665 3054 983 3131 portionem
1010 3065 1263 3127 quartam
1288 3055 1632 3114 haereditatis
1661 3066 1875 3130 partem
1905 3057 2016 3115 sibi
2055 3064 2260 3113 sumat.
2343 3051 2513 3128 Apud
2554 3068 2659 3108 nos

472 3155 532 3212 id
558 3173 674 3213 non
701 3153 935 3220 obtinet,
965 3152 1067 3210 sed
1091 3153 1232 3209 fisco
1258 3161 1419 3212 taaeae
1445 3155 1678 3211 nomine
1700 3153 2036 3228 plerumque
2063 3155 2214 3212 cedit
2237 3171 2369 3229 pars
2399 3150 2657 3223 quaedam

473 3253 664 3328 legati,
694 3252 744 3307 si
772 3259 1004 3307 testator
1029 3250 1251 3325 prolem
1277 3249 1429 3307 haud
1455 3251 1768 3323 reliquerit.

552 3355 651 3408 28.
693 3347 1263 3407 fideicommissum
1285 3359 1377 3405 est
1401 3349 1616 3408 ultimae
1643 3350 1950 3407 voluntatis
1971 3349 2266 3426 dispositio
2295 3367 2410 3421 qua
2434 3355 2663 3403 testator

473 3449 609 3506 fidei
635 3448 874 3523 alicujus
903 3447 1117 3519 aliquid
1145 3446 1463 3514 committit,
1484 3466 1559 3504 v:
1590 3467 1662 3524 g:
1693 3467 1880 3525 agrOS,
1909 3468 2150 3521 quorum
2178 3431 2390 3506 fructus
2413 3447 2468 3503 in
2493 3463 2659 3502 usum

475 3547 757 3621 quendam
780 3540 1125 3622 impendat.⁴
1191 3545 1257 3618 Si
1282 3545 1794 3604 fideicommissum
1813 3547 1885 3603 sit
1903 3548 2242 3615 universale,
2263 3546 2394 3621 jure
2416 3561 2658 3618 caesareo

470 3648 603 3705 licet
628 3646 839 3704 haeredi
866 3645 1159 3703 fiduciario
1186 3654 1439 3717 quartam
1480 3653 1700 3720 partem
1742 3645 2103 3713 haereditati8‚
2137 3644 2288 3725 (quae
2339 3639 2658 3700 Trebellia-

360 3737 369 3744 ’
410 3751 417 3758 ’
468 3745 608 3804 nica
636 3765 669 3802 a
695 3745 990 3804 Trebellio
1016 3744 1254 3803 consule
1282 3740 1511 3821 dicitur)
1534 3744 1647 3800 sibi
1673 3763 1918 3803 sumere.
2005 3744 2146 3802 Non
2173 3744 2230 3801 id
2268 3743 2460 3800 locum
2494 3739 2662 3796 habet

536 3949 629 4018 ¹(l)
669 3947 782 4008 Dig.
805 3949 973 3996 xxviii.
1002 3951 1045 3995 l.
1073 3952 1115 3996 1.
1362 3978 1369 3984 ·
1522 3953 1607 4017 (2)
1649 3954 1694 4008 ξ.
1718 3951 1850 4002 Ante
1867 3949 2042 4000 lzaered.
2065 3950 2214 3998 instit.
2236 3949 2295 3999 de
2315 3947 2462 4019 legat.

540 4034 626 4097 (3)
666 4031 791 4080 Vide
807 4032 1065 4082 Purdaemie
1086 4033 1339 4098 digestum
1362 4035 1434 4083 tit.
1464 4034 1617 4098 Wills,
1635 4042 1684 4084 et
1703 4034 1912 4086 Revised
1927 4037 2148 4086 Statutes
2165 4035 2230 4103 of
2244 4037 2368 4088 New
2397 4036 2541 4096 York,
2563 4040 2656 4086 vol.

470 4118 520 4166 ii.
546 4117 626 4163 60.
645 4131 738 4162 see.
762 4119 843 4162 22.
912 4116 1031 4164 Ibid.
1057 4119 1138 4165 63.
1161 4133 1255 4166 sec.
1279 4120 1363 4166 40.

544 4201 628 4264 (1)
669 4205 698 4230 ‘⁸
726 4198 837 4248 Uses
861 4199 957 4247 and
978 4204 1136 4251 truste
1159 4218 1237 4250 are
1259 4202 1312 4250 in
1334 4203 1457 4251 their
1480 4203 1684 4264 original
1705 4204 1763 4252 of
1803 4221 1832 4253 a
1864 4213 2033 4254 nature
2075 4221 2187 4269 very
2209 4205 2402 4265 similar,
2426 4222 2479 4254 or
2499 4207 2657 4255 rather

471 4284 660 4346 exactly
683 4282 765 4331 the
799 4299 943 4332 same.
968 4317 981 4331 .
1006 4317 1018 4331 .
1042 4319 1055 4332 .
1078 4285 1189 4334 The
1206 4285 1676 4350 fideicommissum,
1699 4274 1863 4338 which
1895 4291 2088 4352 usually
2109 4305 2212 4338 was
2233 4290 2423 4340 created
2444 4292 2509 4352 by
2530 4291 2644 4349 will,

471 4385 573 4418 was
596 4369 677 4417 the
700 4367 907 4430 disposal
932 4367 988 4415 of
1014 4384 1078 4416 an
1098 4368 1393 4420 inheritance
1415 4379 1465 4420 to
1488 4388 1596 4432 one,
1619 4373 1671 4421 in
1694 4373 1973 4423 confidence
1996 4374 2100 4422 that
2123 4374 2186 4424 hc
2211 4375 2384 4424 should
2407 4390 2592 4436 convey
2616 4374 2652 4421 it

469 4469 524 4502 or
542 4453 731 4517 dispose
755 4452 811 4499 of
836 4451 917 4499 the
939 4451 1105 4514 profits
1144 4459 1193 4500 at
1225 4453 1307 4501 the
1346 4455 1445 4503 will
1486 4457 1542 4504 of
1568 4456 1814 4505 another.'’
1885 4457 2220 4508 Blackstonc’s
2244 4458 2435 4510 Comm-
2459 4461 2489 4509 l.
2513 4461 2563 4508 ii.
2587 4476 2638 4508 n.

467 4540 583 4585 328.
652 4536 779 4586 Vide
801 4543 849 4584 et
872 4535 1045 4584 Kent’s
1070 4535 1260 4585 Comm.
1282 4538 1375 4585 vol.
1399 4537 1462 4586 iv.
1485 4547 1592 4602 part
1613 4539 1675 4588 vi.
1698 4541 1785 4590 lec.
1809 4541 1892 4589 lxi.
1916 4557 1966 4590 n.
1991 4543 2106 4589 302.
2594 4518 2605 4528 ’
