3117 5217
5 4925 26 5179 ΡΤ..-

796 585 907 643 ΒΕ
952 584 1217 644 MODIS
1256 583 1791 652 ACQUIRENDI
1833 584 2302 645 DOMINIUM.
2562 591 2638 646 67

458 750 579 806 vias
606 751 857 826 publicas
884 754 1125 811 civitati·
1170 751 1590 830 Philadelphiae
1618 748 1966 812 obstruunt.¹
2048 754 2186 812 Non
2227 764 2470 829 possunt
2493 774 2636 834 prae-

460 848 626 906 scribi
656 868 780 920 quae
813 853 959 927 juris
986 863 1121 910 sunt
1152 852 1437 920 naturalis,
1468 853 1557 909 vel
1601 851 1812 910 divini:
1857 871 1923 907 v:
1954 870 2021 927 g:
2065 852 2385 911 obedientia
2423 873 2636 928 praesu-

456 945 603 1003 libus
644 947 854 1007 debita.
941 952 1255 1024 Nequeunt
1298 951 1589 1025 praescribi
1627 950 1952 1008 dioeceseon
1998 950 2228 1017 limites,
2277 953 2328 1008 si
2373 951 2443 1008 de
2495 953 2636 1028 ipsis

462 1043 731 1102 constet.²
790 1049 909 1106 Res
936 1049 1085 1107 furto
1111 1050 1203 1107 vel
1244 1050 1301 1106 vi
1328 1050 1522 1106 ablatae
1565 1069 1597 1105 a
1621 1049 1744 1107 fure
1785 1049 1876 1106 vel
1911 1049 2027 1105 vim
2068 1049 2328 1116 faciente,
2357 1069 2474 1108 non
2502 1069 2642 1127 prae-

454 1143 813 1204 scribuntur:
858 1167 965 1205 nec
990 1167 1082 1214 res
1110 1148 1261 1206 illius
1290 1148 1387 1220 qui
1414 1148 1615 1220 nequit
1651 1165 1747 1204 eas
1775 1149 1836 1205 in
1869 1145 2088 1224 judicio
2125 1158 2423 1223 repetere:
2467 1167 2534 1206 v:
2565 1168 2638 1226 g:

462 1253 653 1300 mente
678 1241 881 1321 capti.³
936 1245 1141 1304 Onera.
1154 1255 1211 1302 et
1244 1245 1600 1304 conditiones
1631 1246 1740 1320 piis
1779 1245 2202 1303 fundationibus
2245 1248 2517 1322 appositae
2545 1267 2644 1305 ne·

468 1352 683 1410 queunt
710 1345 997 1418 praescribi
1022 1340 1071 1410 ς’*
1110 1343 1210 1401 sed
1256 1345 1308 1401 si
1334 1353 1545 1400 mutata
1569 1362 1757 1401 rerum
1785 1343 2108 1402 conditione
2135 1364 2250 1403 non
2289 1346 2511 1421 possint
2540 1348 2646 1406 im-

459 1438 627 1513 pleri,
657 1439 1009 1516 dispensatio
1035 1441 1338 1514 quaerenda
1364 1437 1516 1498 erit.⁵

541 1542 639 1594 72.
683 1537 868 1597 Bona
890 1539 1057 1618 fides
1109 1540 1455 1615 possidentis
1503 1538 1574 1597 ad
1614 1541 2099 1616 praescriptionem
2141 1541 2463 1612 requiritur,
2510 1561 2642 1601 nam

464 1643 507 1668 ‘⁶
530 1653 833 1710 possessor
873 1639 1033 1696 malae
1075 1639 1209 1697 fidei
1252 1639 1367 1697 ullo
1412 1649 1670 1715 tempore
1711 1657 1829 1696 non
1871 1629 2277 1715 praescribit.”⁶
2359 1639 2513 1698 Hinc
2541 1643 2638 1714 qui

460 1751 581 1790 rem
612 1753 780 1806 quam
812 1737 1051 1795 alienam
1082 1756 1210 1794 esse
1250 1739 1409 1796 novit
1446 1739 1515 1794 -ab
1559 1738 1744 1805 initio,
1774 1737 1960 1805 habet,
2005 1738 2204 1810 nequit
2229 1756 2355 1796 eam
2383 1739 2644 1806 retinere,

462 1831 596 1889 licet
622 1831 946 1893 diuturnum
987 1837 1209 1912 lapsum
1240 1838 1313 1893 sit
1340 1837 1610 1912 temporis
1651 1838 1898 1912 spatium
1939 1853 2013 1893 ex
2055 1855 2170 1908 quo
2211 1855 2337 1894 eam
2364 1837 2638 1913 possidet.

469 1938 509 1966 ‘⁶
529 1931 642 1997 Qui
692 1935 761 1990 ab
805 1936 967 1992 initio
1012 1933 1229 1993 dubitat
1272 1954 1343 1993 an
1387 1953 1477 1992 res
1522 1937 1598 2014 sit
1635 1954 1758 2002 sua,
1795 1935 1994 2007 nequit
2028 1935 2296 1993 inchoare
2334 1937 2648 2012 possessio-

462 2025 694 2088 nem.”⁷
775 2033 967 2091 Dubio
994 2034 1451 2110 superveniente,
1472 2034 1733 2092 nonnulli
1754 2033 1952 2092 dicunt
1977 2033 2114 2090 illud
2141 2032 2542 2110 deponendum
2569 2053 2644 2092 ex

462 2131 747 2206 principio
776 2131 929 2204 quod
954 2134 1279 2209 possessori
1306 2133 1531 2191 faveant
1552 2128 1764 2209 leges.⁸
1847 2131 1965 2189 Sed
1997 2133 2050 2191 si
2076 2134 2206 2205 quis
2235 2143 2362 2190 ante
2387 2134 2646 2209 elapsum

464 2231 907 2306 praescriptionis
936 2241 1163 2309 tempus
1182 2231 1335 2290 certo
1356 2232 1580 2290 noverit
1597 2251 1720 2289 rem
1747 2251 1876 2289 esse
1895 2232 2162 2298 alienam,
2191 2227 2356 2288 debet
2379 2250 2506 2288 eam
2534 2249 2652 2288 res·

464 2329 682 2396 tituere,
712 2330 861 2388 bona
886 2330 1029 2388 fides
1056 2332 1211 2389 enim
1236 2350 1339 2408 per
1364 2341 1545 2389 totum
1585 2341 1810 2406 tempus
1837 2330 2116 2406 exigitur:
2159 2330 2244 2386 sic
2277 2329 2476 2387 definit
2513 2348 2648 2386 con-

464 2425 663 2483 cilium
710 2429 1091 2488 Lateranense
1136 2430 1261 2488 IV:
1314 2439 1352 2466 ‘⁴
1376 2431 1664 2496 Quoniam
1709 2427 1879 2487 omne
1923 2413 2080 2500 quod
2125 2447 2242 2486 non
2287 2437 2374 2484 est
2415 2447 2491 2485 ex
2536 2428 2648 2485 fide

466 2533 765 2598 peccatum
786 2539 889 2596 est,
918 2527 1185 2604 synodali
1204 2528 1425 2605 judicio
1455 2527 1780 2594 definimuS,
1801 2537 1864 2585 ut
1890 2527 2044 2584 nulla
2063 2526 2246 2583 valeat
2264 2527 2474 2609 absque
2500 2527 2652 2584 bona

465 2621 583 2680 fide
612 2627 981 2703 praescriptio,
1012 2636 1127 2684 tam
1153 2627 1425 2684 canonica
1452 2645 1623 2698 quam
1644 2625 1848 2691 civilis;
1876 2623 2028 2682 unde
2055 2633 2277 2699 oportet
2299 2610 2485 2694 utqui
2511 2641 2652 2700 prte-

473 2722 671 2780 scribit
696 2724 755 2781 in
782 2726 937 2783 nulla
967 2727 1241 2802 temporis
1273 2735 1431 2800 parte
1458 2723 1662 2780 habeat
1691 2721 2096 2781 conscientiam
2124 2723 2206 2778 rei
2233 2720 2495 2810 alienae.”

548 2826 649 2880 73.
706 2823 937 2882 Titulus
984 2825 1181 2882 saltem
1231 2841 1531 2903 apparens
1579 2821 1648 2880 ad
1695 2821 2174 2898 praescribendum
2221 2820 2542 2892 requiritur,
2584 2823 2654 2878 e'o

469 2920 624 2977 enim
664 2921 987 2990 deficiente,
1028 2923 1176 2980 bona
1221 2922 1365 2979 fides
1404 2922 1648 2979 deesset.
1731 2920 2103 2979 Praesumitur
2143 2929 2332 2977 autem
2372 2919 2563 2978 titulus
2603 2920 2654 2976 si

470 3019 595 3090 quis
624 3019 943 3079 diutissime
973 3039 1091 3079 rem
1118 3021 1436 3098 possederit
1461 3031 1750 3093 tamquam
1778 3039 1961 3078 suam.

548 3122 646 3176 74.
694 3120 959 3204 Tempus
998 3119 1327 3180 diuturnum
1368 3119 1775 3197 possessioniS,
1807 3117 1960 3192 quod
1984 3118 2137 3174 varie
2177 3115 2457 3174 definiunt
2492 3117 2650 3195 leges

470 3234 573 3290 pro
599 3237 787 3277 rerum
816 3214 1102 3288 varietate,
1133 3219 1423 3278 effluxerit
1450 3237 1688 3276 necesse
1729 3227 1832 3275 est.
1917 3216 2036 3275 Res
2063 3235 2266 3274 omnes
2293 3216 2352 3273 in
2377 3217 2524 3272 bona
2549 3217 2654 3273 im-

467 3315 699 3374 mobilia
724 3329 782 3377 et
807 3317 1059 3386 mobilia,
1088 3319 1239 3377 facili
1260 3320 1403 3380 satis
1430 3327 1485 3376 et
1510 3317 1721 3377 idoneo
1748 3316 2094 3383 discrimine,
2125 3309 2652 3373 distribuebantur.⁹

543 3479 626 3543 (1)
667 3479 792 3528 Vide
814 3482 985 3541 legem,
1013 3482 1074 3527 15
1100 3479 1218 3542 Apr.
1247 3482 1391 3527 1782.
1730 3477 1814 3542 (2)
1855 3474 1978 3538 Cap.
2001 3472 2178 3524 Ducat.
2201 3471 2300 3521 xvi.
2323 3487 2405 3533 qu.
2429 3473 2476 3518 3.

540 3565 624 3629 (3)
662 3564 788 3613 Vide
809 3572 966 3614 totum
994 3565 1189 3614 titulum
1211 3564 1270 3614 de
1286 3564 1568 3631 praesmipt.
1764 3563 1774 3572 “

545 3650 629 3715 (4)
670 3649 795 3697 Vide
820 3647 1036 3697 Carriere
1061 3649 1121 3698 de
1142 3650 1235 3698 hac
1257 3665 1307 3697 re
1330 3655 1441 3712 post
1462 3649 1566 3698 Son
1587 3647 1912 3703 disserentem,
1933 3659 1985 3692 n.
2006 3643 2124 3698 498,
2150 3639 2229 3687 40.

546 3738 627 3802 (5)
667 3736 793 3784 Vide
817 3734 970 3783 Cone.
993 3734 1129 3782 Trid.
1153 3734 1281 3781 Sess.
1305 3750 1422 3782 xxv.
1450 3749 1555 3796 cap.
1574 3733 1638 3781 iv.
1659 3732 1722 3780 de
1743 3731 1850 3778 Res.

544 3823 627 3886 (6)
666 3821 786 3881 Reg.
809 3820 858 3868 ii.
880 3819 1004 3883 juris
1025 3819 1078 3867 in
1104 3821 1150 3866 6.
1721 3817 1805 3879 (7)
1846 3813 1898 3860 S.
1921 3809 2222 3873 Alphonsus‚
2247 3809 2277 3858 1.
2301 3807 2368 3856 iii.
2393 3822 2442 3855 n.
2467 3809 2584 3855 507.

544 3908 628 3970 (8)
670 3903 886 3952 Carriere
908 3903 967 3951 de
983 3903 1169 3968 justitia
1192 3910 1239 3952 et
1259 3904 1383 3967 jure,
1415 3902 1506 3950 vol.
1529 3901 1580 3950 ii.
1602 3916 1652 3948 n.
1674 3901 1791 3946 476.

545 3969 637 4055 (9)·
669 3998 698 4021 “
714 3989 825 4037 The
846 3988 957 4037 civil
973 3989 1067 4037 law
1084 4003 1187 4036 was
1210 3987 1358 4035 much
1380 4001 1514 4034 more
1537 3985 1742 4043 natural,
1766 3982 1862 4031 and
1880 3981 2028 4030 much
2051 3982 2146 4029 less
2169 3977 2484 4043 complicated
2506 3977 2558 4026 in
2576 3977 2658 4025 the

478 4074 854 4124 discrimination
893 4076 951 4123 of
974 4074 1154 4135 thing-s,
1192 4073 1311 4120 than
1348 4071 1430 4118 the
1470 4085 1698 4118 common
1735 4070 1844 4118 law.
1912 4067 1956 4116 It
1977 4065 2169 4116 divided
2191 4065 2324 4114 them
2345 4065 2449 4113 into
2471 4064 2553 4111 the
2576 4063 2658 4110 ob·

478 4159 615 4208 vious
637 4161 733 4210 and
756 4159 1001 4209 universal
1021 4157 1300 4207 distinction
1319 4155 1376 4203 of
1388 4154 1553 4216 things
1575 4154 1820 4202 moveable
1835 4153 1931 4201 and
1946 4151 2273 4200 immoveable.
2342 4148 2453 4197 The
2470 4161 2661 4196 moves-

474 4246 551 4294 ble
583 4245 733 4308 goods
775 4246 835 4294 of
857 4245 940 4294 the
977 4243 1087 4294 civil
1121 4244 1217 4292 law
1258 4256 1400 4299 were,
1424 4239 1606 4302 strictly
1628 4238 1877 4302 speaking,
1903 4237 1986 4284 the
2028 4235 2230 4285 chattels
2251 4233 2473 4298 personal
2495 4231 2552 4279 of
2576 4230 2658 4278 the

473 4347 700 4380 common
721 4333 832 4380 law.
903 4329 1171 4394 whatever
1193 4342 1297 4375 was
1328 4324 1459 4374 fixed
1492 4330 1542 4371 to
1583 4324 1665 4371 the
1697 4320 1910 4370 freehold
1938 4319 2173 4387 perpetui
2204 4333 2330 4367 usus
2369 4329 2524 4366 cauea
2562 4327 2662 4361 was

467 4419 620 4482 jusfly
644 4417 845 4466 deemed
866 4431 897 4464 a
918 4421 1023 4478 part
1044 4413 1101 4462 of
1126 4413 1208 4460 the
1229 4427 1306 4463 res
1326 4407 1600 4461 immobiles
1623 4408 1680 4456 of
1703 4407 1786 4456 the
1807 4405 1917 4455 civil
1941 4403 2082 4454 lavv.”
2150 4401 2326 4452 Kent’s
2348 4399 2542 4448 Comm.
2567 4397 2662 4443 vol.

470 4503 525 4553 ii.
548 4509 655 4568 part
675 4517 721 4549 v·
744 4503 850 4550 leet.
872 4515 1024 4550 xxxv.
1045 4515 1097 4549 ιι.
1121 4500 1236 4547 347.
