<?xml version="1.0" encoding="UTF-8"?>
<!DOCTYPE html PUBLIC "-//W3C//DTD XHTML 1.0 Transitional//EN"
    "http://www.w3.org/TR/xhtml1/DTD/xhtml1-transitional.dtd">
<html xmlns="http://www.w3.org/1999/xhtml" xml:lang="en" lang="en">
 <head>
  <title>
</title>
<meta http-equiv="Content-Type" content="text/html;charset=utf-8" />
  <meta name='ocr-system' content='tesseract 3.04.00' />
  <meta name='ocr-capabilities' content='ocr_page ocr_carea ocr_par ocr_line ocrx_word'/>
</head>
<body>
  <div class='ocr_page' id='page_1' title='image "./theologiaemoral00unkngoog_0217.png"; bbox 0 0 3117 5217; ppageno 0'>
   <div class='ocr_carea' id='block_1_1' title="bbox 1137 522 2615 583">
    <p class='ocr_par' dir='ltr' id='par_1_1' title="bbox 1137 522 2615 583">
     <span class='ocr_line' id='line_1_1' title="bbox 1137 522 2615 583; baseline 0.002 -3"><span class='ocrx_word' id='word_1_1' title='bbox 1137 522 1250 581; x_wconf 89' lang='lat' dir='ltr'><strong>DE</strong></span> <span class='ocrx_word' id='word_1_2' title='bbox 1295 522 1344 579; x_wconf 85' lang='lat' dir='ltr'>C</span> <span class='ocrx_word' id='word_1_3' title='bbox 1361 523 1911 583; x_wconf 82' lang='lat' dir='ltr'><strong>AUTIONIBUS.</strong></span> <span class='ocrx_word' id='word_1_4' title='bbox 2498 530 2615 583; x_wconf 84' lang='lat'><strong>203</strong></span> 
     </span>
    </p>
   </div>
   <div class='ocr_carea' id='block_1_2' title="bbox 1321 1094 1723 1153">
    <p class='ocr_par' dir='ltr' id='par_1_2' title="bbox 1321 1094 1723 1153">
     <span class='ocr_line' id='line_1_2' title="bbox 1321 1094 1723 1153; baseline -0.007 0"><span class='ocrx_word' id='word_1_5' title='bbox 1321 1095 1604 1153; x_wconf 82' lang='lat' dir='ltr'><strong>CAPUT</strong></span> <span class='ocrx_word' id='word_1_6' title='bbox 1645 1094 1723 1151; x_wconf 85' lang='lat' dir='ltr'><strong>X.</strong></span> 
     </span>
    </p>
   </div>
   <div class='ocr_carea' id='block_1_3' title="bbox 1265 1308 1807 1350">
    <p class='ocr_par' dir='ltr' id='par_1_3' title="bbox 1265 1308 1807 1350">
     <span class='ocr_line' id='line_1_3' title="bbox 1265 1308 1807 1350; baseline 0 -3"><span class='ocrx_word' id='word_1_7' title='bbox 1265 1308 1344 1349; x_wconf 70' lang='lat' dir='ltr'><strong>DE</strong></span> <span class='ocrx_word' id='word_1_8' title='bbox 1385 1308 1807 1350; x_wconf 71' lang='lat' dir='ltr'><strong>CAU&#39;rlomsz-</strong></span> 
     </span>
    </p>
   </div>
   <div class='ocr_carea' id='block_1_4' title="bbox 438 1474 2705 3911">
    <p class='ocr_par' dir='ltr' id='par_1_4' title="bbox 438 1474 2705 3029">
     <span class='ocr_line' id='line_1_4' title="bbox 523 1474 2619 1553; baseline 0 -19"><span class='ocrx_word' id='word_1_9' title='bbox 523 1480 656 1534; x_wconf 86' lang='lat'><strong>136.</strong></span> <span class='ocrx_word' id='word_1_10' title='bbox 703 1474 1091 1533; x_wconf 70' lang='lat' dir='ltr'><strong>Assecuratio</strong></span> <span class='ocrx_word' id='word_1_11' title='bbox 1110 1474 1313 1533; x_wconf 86' lang='lat' dir='ltr'><strong>dicitur</strong></span> <span class='ocrx_word' id='word_1_12' title='bbox 1332 1485 1647 1534; x_wconf 89' lang='lat' dir='ltr'><strong>contractus</strong></span> <span class='ocrx_word' id='word_1_13' title='bbox 1675 1495 1789 1549; x_wconf 92' lang='lat' dir='ltr'><strong>quo</strong></span> <span class='ocrx_word' id='word_1_14' title='bbox 1817 1476 1943 1547; x_wconf 90' lang='lat' dir='ltr'><strong>quis</strong></span> <span class='ocrx_word' id='word_1_15' title='bbox 1972 1476 2169 1534; x_wconf 70' lang='lat' dir='ltr'><strong>alienae</strong></span> <span class='ocrx_word' id='word_1_16' title='bbox 2195 1478 2277 1534; x_wconf 91' lang='lat' dir='ltr'><strong>rei</strong></span> <span class='ocrx_word' id='word_1_17' title='bbox 2293 1478 2619 1553; x_wconf 78' lang='lat' dir='ltr'><strong>-periculum</strong></span> 
     </span>
     <span class='ocr_line' id='line_1_5' title="bbox 439 1574 2621 1652; baseline 0 -20"><span class='ocrx_word' id='word_1_18' title='bbox 439 1576 500 1632; x_wconf 89' lang='lat' dir='ltr'><strong>in</strong></span> <span class='ocrx_word' id='word_1_19' title='bbox 527 1594 588 1633; x_wconf 87' lang='lat' dir='ltr'><strong>se</strong></span> <span class='ocrx_word' id='word_1_20' title='bbox 617 1574 872 1649; x_wconf 84' lang='lat' dir='ltr'>suscipit,</span> <span class='ocrx_word' id='word_1_21' title='bbox 900 1574 1226 1651; x_wconf 81' lang='lat' dir='ltr'>obligatque</span> <span class='ocrx_word' id='word_1_22' title='bbox 1253 1590 1316 1631; x_wconf 88' lang='lat' dir='ltr'><strong>se</strong></span> <span class='ocrx_word' id='word_1_23' title='bbox 1343 1574 1412 1631; x_wconf 90' lang='lat' dir='ltr'><strong>ad</strong></span> <span class='ocrx_word' id='word_1_24' title='bbox 1439 1575 1565 1650; x_wconf 85' lang='lat' dir='ltr'><strong>ejus</strong></span> <span class='ocrx_word' id='word_1_25' title='bbox 1594 1576 1845 1633; x_wconf 85' lang='lat' dir='ltr'><strong>valorem</strong></span> <span class='ocrx_word' id='word_1_26' title='bbox 1874 1574 2245 1643; x_wconf 86' lang='lat' dir='ltr'><strong>reddendum,</strong></span> <span class='ocrx_word' id='word_1_27' title='bbox 2268 1578 2325 1633; x_wconf 82' lang='lat' dir='ltr'><strong>si</strong></span> <span class='ocrx_word' id='word_1_28' title='bbox 2366 1594 2495 1633; x_wconf 89' lang='lat' dir='ltr'><strong>casu</strong></span> <span class='ocrx_word' id='word_1_29' title='bbox 2526 1595 2621 1652; x_wconf 92' lang='lat' dir='ltr'><strong>pe-</strong></span> 
     </span>
     <span class='ocr_line' id='line_1_6' title="bbox 438 1672 2624 1745; baseline -0 -14"><span class='ocrx_word' id='word_1_30' title='bbox 438 1674 612 1731; x_wconf 90' lang='lat' dir='ltr'><strong>rierit.</strong></span> <span class='ocrx_word' id='word_1_31' title='bbox 697 1673 796 1729; x_wconf 85' lang='lat' dir='ltr'><strong>Sic</strong></span> <span class='ocrx_word' id='word_1_32' title='bbox 838 1672 1025 1733; x_wconf 81' lang='lat' dir='ltr'><strong>solent</strong></span> <span class='ocrx_word' id='word_1_33' title='bbox 1068 1674 1243 1745; x_wconf 86' lang='lat' dir='ltr'>aliqui</span> <span class='ocrx_word' id='word_1_34' title='bbox 1289 1691 1488 1731; x_wconf 89' lang='lat' dir='ltr'><strong>cavere</strong></span> <span class='ocrx_word' id='word_1_35' title='bbox 1532 1672 1817 1741; x_wconf 91' lang='lat' dir='ltr'><strong>domibus,</strong></span> <span class='ocrx_word' id='word_1_36' title='bbox 1864 1674 2145 1745; x_wconf 80' lang='lat' dir='ltr'><strong>rebusque</strong></span> <span class='ocrx_word' id='word_1_37' title='bbox 2192 1674 2337 1741; x_wconf 88' lang='lat' dir='ltr'><strong>aliis,</strong></span> <span class='ocrx_word' id='word_1_38' title='bbox 2387 1676 2624 1731; x_wconf 87' lang='lat' dir='ltr'><strong>navibus</strong></span> 
     </span>
     <span class='ocr_line' id='line_1_7' title="bbox 442 1771 2624 1849; baseline 0.001 -21"><span class='ocrx_word' id='word_1_39' title='bbox 442 1772 785 1847; x_wconf 86' lang='lat' dir='ltr'><strong>praesertim:</strong></span> <span class='ocrx_word' id='word_1_40' title='bbox 819 1771 936 1829; x_wconf 90' lang='lat' dir='ltr'><strong>imo</strong></span> <span class='ocrx_word' id='word_1_41' title='bbox 965 1780 1020 1827; x_wconf 90' lang='lat' dir='ltr'><strong>et</strong></span> <span class='ocrx_word' id='word_1_42' title='bbox 1044 1772 1170 1829; x_wconf 86' lang='lat' dir='ltr'><strong>vitae</strong></span> <span class='ocrx_word' id='word_1_43' title='bbox 1199 1771 1533 1839; x_wconf 83' lang='lat' dir='ltr'><strong>hominum;</strong></span> <span class='ocrx_word' id='word_1_44' title='bbox 1564 1790 1803 1845; x_wconf 83' lang='lat' dir='ltr'><strong>seseque</strong></span> <span class='ocrx_word' id='word_1_45' title='bbox 1832 1771 2084 1849; x_wconf 85' lang='lat' dir='ltr'><strong>obligant</strong></span> <span class='ocrx_word' id='word_1_46' title='bbox 2109 1772 2179 1829; x_wconf 86' lang='lat' dir='ltr'><strong>ad</strong></span> <span class='ocrx_word' id='word_1_47' title='bbox 2206 1771 2624 1831; x_wconf 86' lang='lat' dir='ltr'><strong>resarciendum</strong></span> 
     </span>
     <span class='ocr_line' id='line_1_8' title="bbox 442 1870 2623 1945; baseline 0 -18"><span class='ocrx_word' id='word_1_48' title='bbox 442 1870 712 1927; x_wconf 89' lang='lat' dir='ltr'><strong>damnum</strong></span> <span class='ocrx_word' id='word_1_49' title='bbox 754 1870 897 1926; x_wconf 87' lang='lat' dir='ltr'><strong>intra</strong></span> <span class='ocrx_word' id='word_1_50' title='bbox 935 1878 1143 1927; x_wconf 89' lang='lat' dir='ltr'><strong>certam</strong></span> <span class='ocrx_word' id='word_1_51' title='bbox 1189 1870 1446 1945; x_wconf 79' lang='lat' dir='ltr'><strong>pecuniae</strong></span> <span class='ocrx_word' id='word_1_52' title='bbox 1492 1889 1797 1939; x_wconf 89' lang='lat' dir='ltr'><strong>summam,</strong></span> <span class='ocrx_word' id='word_1_53' title='bbox 1846 1871 1897 1927; x_wconf 89' lang='lat' dir='ltr'><strong>si</strong></span> <span class='ocrx_word' id='word_1_54' title='bbox 1940 1871 2267 1929; x_wconf 84' lang='lat' dir='ltr'><strong>incendium</strong></span> <span class='ocrx_word' id='word_1_55' title='bbox 2304 1871 2623 1945; x_wconf 84' lang='lat' dir='ltr'><strong>contigerit,</strong></span> 
     </span>
     <span class='ocr_line' id='line_1_9' title="bbox 445 1967 2623 2049; baseline 0 -24"><span class='ocrx_word' id='word_1_56' title='bbox 445 1967 782 2047; x_wconf 87' lang='lat' dir='ltr'><strong>(dummodo</strong></span> <span class='ocrx_word' id='word_1_57' title='bbox 810 1986 926 2025; x_wconf 89' lang='lat' dir='ltr'><strong>non</strong></span> <span class='ocrx_word' id='word_1_58' title='bbox 953 1968 1119 2024; x_wconf 89' lang='lat' dir='ltr'><strong>fuerit</strong></span> <span class='ocrx_word' id='word_1_59' title='bbox 1144 1967 1514 2028; x_wconf 84' lang='lat' dir='ltr'><strong>tumultuante</strong></span> <span class='ocrx_word' id='word_1_60' title='bbox 1535 1967 1777 2049; x_wconf 89' lang='lat' dir='ltr'><strong>populo)</strong></span> <span class='ocrx_word' id='word_1_61' title='bbox 1802 1968 1890 2027; x_wconf 86' lang='lat' dir='ltr'><strong>vel</strong></span> <span class='ocrx_word' id='word_1_62' title='bbox 1910 1970 1961 2026; x_wconf 88' lang='lat' dir='ltr'><strong>si</strong></span> <span class='ocrx_word' id='word_1_63' title='bbox 1982 1970 2141 2027; x_wconf 87' lang='lat' dir='ltr'><strong>navis</strong></span> <span class='ocrx_word' id='word_1_64' title='bbox 2162 1968 2329 2027; x_wconf 87' lang='lat' dir='ltr'><strong>fuerit</strong></span> <span class='ocrx_word' id='word_1_65' title='bbox 2347 1969 2623 2027; x_wconf 86' lang='lat' dir='ltr'><strong>demersa.</strong></span> 
     </span>
     <span class='ocr_line' id='line_1_10' title="bbox 447 2066 2705 2145; baseline 0 -20"><span class='ocrx_word' id='word_1_66' title='bbox 447 2066 801 2145; x_wconf 88' lang='lat' dir='ltr'><strong>Hujusmodi</strong></span> <span class='ocrx_word' id='word_1_67' title='bbox 827 2076 1148 2124; x_wconf 86' lang='lat' dir='ltr'><strong>contractus</strong></span> <span class='ocrx_word' id='word_1_68' title='bbox 1173 2067 1314 2124; x_wconf 90' lang='lat' dir='ltr'><strong>liciti</strong></span> <span class='ocrx_word' id='word_1_69' title='bbox 1341 2076 1488 2135; x_wconf 89' lang='lat' dir='ltr'><strong>sunt,</strong></span> <span class='ocrx_word' id='word_1_70' title='bbox 1518 2087 1694 2139; x_wconf 88' lang='lat' dir='ltr'><strong>quum</strong></span> <span class='ocrx_word' id='word_1_71' title='bbox 1724 2086 1867 2125; x_wconf 88' lang='lat' dir='ltr'><strong>onus</strong></span> <span class='ocrx_word' id='word_1_72' title='bbox 1894 2069 2234 2144; x_wconf 84' lang='lat' dir='ltr'><strong>suscipiatur</strong></span> <span class='ocrx_word' id='word_1_73' title='bbox 2260 2069 2458 2143; x_wconf 87' lang='lat' dir='ltr'><strong>praetio</strong></span> <span class='ocrx_word' id='word_1_74' title='bbox 2486 2069 2628 2125; x_wconf 86' lang='lat' dir='ltr'><strong>aesti-</strong></span> <span class='ocrx_word' id='word_1_75' title='bbox 2698 2129 2705 2132; x_wconf 72' lang='grc'><strong>,</strong></span> 
     </span>
     <span class='ocr_line' id='line_1_11' title="bbox 442 2164 2627 2242; baseline 0 -19"><span class='ocrx_word' id='word_1_76' title='bbox 442 2166 680 2223; x_wconf 88' lang='lat' dir='ltr'><strong>mabile:</strong></span> <span class='ocrx_word' id='word_1_77' title='bbox 723 2164 827 2222; x_wconf 92' lang='lat' dir='ltr'><strong>sed</strong></span> <span class='ocrx_word' id='word_1_78' title='bbox 852 2164 1162 2222; x_wconf 89' lang='lat' dir='ltr'><strong>curandum</strong></span> <span class='ocrx_word' id='word_1_79' title='bbox 1191 2175 1251 2222; x_wconf 93' lang='lat' dir='ltr'><strong>ut</strong></span> <span class='ocrx_word' id='word_1_80' title='bbox 1275 2167 1520 2241; x_wconf 89' lang='lat' dir='ltr'><strong>pretium</strong></span> <span class='ocrx_word' id='word_1_81' title='bbox 1561 2167 1816 2242; x_wconf 89' lang='lat' dir='ltr'><strong>periculo</strong></span> <span class='ocrx_word' id='word_1_82' title='bbox 1843 2167 2207 2241; x_wconf 55' lang='lat' dir='ltr'><strong>respondeat,</strong></span> <span class='ocrx_word' id='word_1_83' title='bbox 2289 2165 2434 2223; x_wconf 85' lang='lat' dir='ltr'><strong>Haec</strong></span> <span class='ocrx_word' id='word_1_84' title='bbox 2476 2166 2627 2241; x_wconf 87' lang='lat' dir='ltr'><strong>apud</strong></span> 
     </span>
     <span class='ocr_line' id='line_1_12' title="bbox 446 2263 2624 2339; baseline -0 -18"><span class='ocrx_word' id='word_1_85' title='bbox 446 2282 549 2321; x_wconf 91' lang='lat' dir='ltr'><strong>nos</strong></span> <span class='ocrx_word' id='word_1_86' title='bbox 577 2284 610 2319; x_wconf 90' lang='lat' dir='ltr'><strong>a</strong></span> <span class='ocrx_word' id='word_1_87' title='bbox 637 2263 874 2321; x_wconf 87' lang='lat' dir='ltr'><strong>coetibus</strong></span> <span class='ocrx_word' id='word_1_88' title='bbox 903 2263 1241 2335; x_wconf 89' lang='lat' dir='ltr'><strong>quibusdam</strong></span> <span class='ocrx_word' id='word_1_89' title='bbox 1269 2283 1342 2321; x_wconf 86' lang='lat' dir='ltr'><strong>ex</strong></span> <span class='ocrx_word' id='word_1_90' title='bbox 1381 2263 1525 2339; x_wconf 88' lang='lat' dir='ltr'><strong>legis</strong></span> <span class='ocrx_word' id='word_1_91' title='bbox 1567 2265 1877 2331; x_wconf 82' lang='lat' dir='ltr'><strong>sanctione,</strong></span> <span class='ocrx_word' id='word_1_92' title='bbox 1907 2264 2099 2323; x_wconf 87' lang='lat' dir='ltr'><strong>charta</strong></span> <span class='ocrx_word' id='word_1_93' title='bbox 2124 2266 2343 2323; x_wconf 90' lang='lat' dir='ltr'><strong>scilicet</strong></span> <span class='ocrx_word' id='word_1_94' title='bbox 2369 2265 2624 2329; x_wconf 82' lang='lat' dir='ltr'><strong>munitiS,</strong></span> 
     </span>
     <span class='ocr_line' id='line_1_13' title="bbox 449 2352 2628 2439; baseline 0 -21"><span class='ocrx_word' id='word_1_95' title='bbox 449 2372 782 2429; x_wconf 87' lang='lat' dir='ltr'><strong>statuuntur,</strong></span> <span class='ocrx_word' id='word_1_96' title='bbox 811 2371 868 2419; x_wconf 89' lang='lat' dir='ltr'><strong>et</strong></span> <span class='ocrx_word' id='word_1_97' title='bbox 887 2362 1042 2439; x_wconf 86' lang='lat' dir='ltr'><strong>justa</strong></span> <span class='ocrx_word' id='word_1_98' title='bbox 1069 2361 1331 2421; x_wconf 88' lang='lat' dir='ltr'><strong>habenda</strong></span> <span class='ocrx_word' id='word_1_99' title='bbox 1357 2370 1492 2421; x_wconf 89' lang='lat' dir='ltr'><strong>sunt</strong></span> <span class='ocrx_word' id='word_1_100' title='bbox 1530 2352 1641 2419; x_wconf 82' lang='lat' dir='ltr'><strong>nisi</strong></span> <span class='ocrx_word' id='word_1_101' title='bbox 1679 2364 2019 2421; x_wconf 73' lang='lat' dir='ltr'><strong>contrarium</strong></span> <span class='ocrx_word' id='word_1_102' title='bbox 2060 2373 2303 2422; x_wconf 89' lang='lat' dir='ltr'><strong>constet.·</strong></span> <span class='ocrx_word' id='word_1_103' title='bbox 2372 2362 2628 2429; x_wconf 83' lang='lat' dir='ltr'><strong>&#39;Quando</strong></span> 
     </span>
     <span class='ocr_line' id='line_1_14' title="bbox 449 2461 2629 2537; baseline 0.002 -19"><span class='ocrx_word' id='word_1_104' title='bbox 449 2462 789 2518; x_wconf 87' lang='lat' dir='ltr'><strong>assecuratio</strong></span> <span class='ocrx_word' id='word_1_105' title='bbox 816 2461 881 2518; x_wconf 85' lang='lat' dir='ltr'><strong>fit</strong></span> <span class='ocrx_word' id='word_1_106' title='bbox 905 2462 1065 2517; x_wconf 87' lang='lat' dir='ltr'><strong>navis</strong></span> <span class='ocrx_word' id='word_1_107' title='bbox 1095 2461 1162 2517; x_wconf 88' lang='lat' dir='ltr'><strong>ab</strong></span> <span class='ocrx_word' id='word_1_108' title='bbox 1193 2480 1263 2519; x_wconf 90' lang='lat' dir='ltr'><strong>eo</strong></span> <span class='ocrx_word' id='word_1_109' title='bbox 1292 2462 1389 2533; x_wconf 89' lang='lat' dir='ltr'><strong>qui</strong></span> <span class='ocrx_word' id='word_1_110' title='bbox 1428 2462 1731 2537; x_wconf 83' lang='lat' dir='ltr'><strong>pecuniam</strong></span> <span class='ocrx_word' id='word_1_111' title='bbox 1772 2470 2053 2519; x_wconf 89' lang='lat' dir='ltr'><strong>mutuatur</strong></span> <span class='ocrx_word' id='word_1_112' title='bbox 2081 2481 2191 2533; x_wconf 88' lang='lat' dir='ltr'><strong>qua</strong></span> <span class='ocrx_word' id='word_1_113' title='bbox 2230 2480 2448 2519; x_wconf 88' lang='lat' dir='ltr'><strong>merces</strong></span> <span class='ocrx_word' id='word_1_114' title='bbox 2476 2480 2629 2523; x_wconf 86' lang='lat' dir='ltr'><strong>com-</strong></span> 
     </span>
     <span class='ocr_line' id='line_1_15' title="bbox 451 2558 2633 2636; baseline -0 -20"><span class='ocrx_word' id='word_1_115' title='bbox 451 2570 607 2635; x_wconf 86' lang='lat' dir='ltr'><strong>paret</strong></span> <span class='ocrx_word' id='word_1_116' title='bbox 631 2559 702 2617; x_wconf 88' lang='lat' dir='ltr'><strong>ad</strong></span> <span class='ocrx_word' id='word_1_117' title='bbox 729 2578 933 2617; x_wconf 88' lang='lat' dir='ltr'><strong>navem</strong></span> <span class='ocrx_word' id='word_1_118' title='bbox 959 2559 1325 2625; x_wconf 85' lang='lat' dir='ltr'><strong>onerandam,</strong></span> <span class='ocrx_word' id='word_1_119' title='bbox 1353 2576 1536 2616; x_wconf 87' lang='lat' dir='ltr'><strong>usurae</strong></span> <span class='ocrx_word' id='word_1_120' title='bbox 1561 2558 1718 2615; x_wconf 90' lang='lat' dir='ltr'><strong>labes</strong></span> <span class='ocrx_word' id='word_1_121' title='bbox 1747 2558 2114 2625; x_wconf 89' lang='lat' dir='ltr'><strong>contrahitur,</strong></span> <span class='ocrx_word' id='word_1_122' title='bbox 2142 2578 2274 2628; x_wconf 85' lang='lat' dir='ltr'><strong>nam</strong></span> <span class='ocrx_word' id='word_1_123' title='bbox 2302 2560 2511 2616; x_wconf 90' lang='lat' dir='ltr'><strong>tollitur</strong></span> <span class='ocrx_word' id='word_1_124' title='bbox 2536 2578 2633 2636; x_wconf 88' lang='lat' dir='ltr'><strong>pe-</strong></span> 
     </span>
     <span class='ocr_line' id='line_1_16' title="bbox 449 2653 2630 2733; baseline -0.002 -17"><span class='ocrx_word' id='word_1_125' title='bbox 449 2659 691 2717; x_wconf 86' lang='lat' dir='ltr'><strong>riculum</strong></span> <span class='ocrx_word' id='word_1_126' title='bbox 717 2657 992 2733; x_wconf 87' lang='lat' dir='ltr'><strong>pecuniae,</strong></span> <span class='ocrx_word' id='word_1_127' title='bbox 1022 2658 1095 2715; x_wconf 94' lang='lat' dir='ltr'><strong>ob</strong></span> <span class='ocrx_word' id='word_1_128' title='bbox 1123 2656 1277 2729; x_wconf 91' lang='lat' dir='ltr'><strong>quod</strong></span> <span class='ocrx_word' id='word_1_129' title='bbox 1315 2675 1486 2713; x_wconf 88' lang='lat' dir='ltr'><strong>usura</strong></span> <span class='ocrx_word' id='word_1_130' title='bbox 1524 2676 1729 2733; x_wconf 88' lang='lat' dir='ltr'><strong>magna</strong></span> <span class='ocrx_word' id='word_1_131' title='bbox 1767 2657 2051 2733; x_wconf 87' lang='lat' dir='ltr'><strong>promissa</strong></span> <span class='ocrx_word' id='word_1_132' title='bbox 2088 2653 2223 2713; x_wconf 86' lang='lat' dir='ltr'><strong>est.¹</strong></span> <span class='ocrx_word' id='word_1_133' title='bbox 2306 2657 2423 2713; x_wconf 83' lang='lat' dir='ltr'><strong>Sed</strong></span> <span class='ocrx_word' id='word_1_134' title='bbox 2453 2658 2502 2713; x_wconf 87' lang='lat' dir='ltr'><strong>si</strong></span> <span class='ocrx_word' id='word_1_135' title='bbox 2536 2656 2630 2714; x_wconf 91' lang='lat' dir='ltr'><strong>ille</strong></span> 
     </span>
     <span class='ocr_line' id='line_1_17' title="bbox 447 2756 2629 2832; baseline -0.001 -18"><span class='ocrx_word' id='word_1_136' title='bbox 447 2758 544 2831; x_wconf 91' lang='lat' dir='ltr'><strong>qui</strong></span> <span class='ocrx_word' id='word_1_137' title='bbox 573 2758 872 2832; x_wconf 90' lang='lat' dir='ltr'><strong>pecuniam</strong></span> <span class='ocrx_word' id='word_1_138' title='bbox 898 2756 992 2813; x_wconf 88' lang='lat' dir='ltr'><strong>dat</strong></span> <span class='ocrx_word' id='word_1_139' title='bbox 1016 2766 1286 2822; x_wconf 89' lang='lat' dir='ltr'><strong>mutuam,</strong></span> <span class='ocrx_word' id='word_1_140' title='bbox 1317 2756 1484 2813; x_wconf 80' lang='lat' dir='ltr'><strong>etiar&#39;n</strong></span> <span class='ocrx_word' id='word_1_141' title='bbox 1513 2764 1743 2832; x_wconf 87' lang='lat' dir='ltr'><strong>praestet</strong></span> <span class='ocrx_word' id='word_1_142' title='bbox 1768 2756 2089 2814; x_wconf 87' lang='lat' dir='ltr'><strong>cautionem</strong></span> <span class='ocrx_word' id='word_1_143' title='bbox 2115 2756 2185 2812; x_wconf 91' lang='lat' dir='ltr'><strong>de</strong></span> <span class='ocrx_word' id='word_1_144' title='bbox 2213 2757 2373 2814; x_wconf 89' lang='lat' dir='ltr'><strong>navis</strong></span> <span class='ocrx_word' id='word_1_145' title='bbox 2401 2766 2458 2813; x_wconf 89' lang='lat' dir='ltr'><strong>et</strong></span> <span class='ocrx_word' id='word_1_146' title='bbox 2484 2774 2629 2812; x_wconf 88' lang='lat' dir='ltr'><strong>mer·</strong></span> 
     </span>
     <span class='ocr_line' id='line_1_18' title="bbox 449 2853 2631 2931; baseline -0.001 -18"><span class='ocrx_word' id='word_1_147' title='bbox 449 2858 602 2913; x_wconf 88' lang='lat' dir='ltr'><strong>cium</strong></span> <span class='ocrx_word' id='word_1_148' title='bbox 628 2855 818 2911; x_wconf 85' lang='lat' dir='ltr'><strong>valore</strong></span> <span class='ocrx_word' id='word_1_149' title='bbox 846 2853 1142 2920; x_wconf 88' lang='lat' dir='ltr'><strong>solvendo,</strong></span> <span class='ocrx_word' id='word_1_150' title='bbox 1166 2856 1215 2911; x_wconf 92' lang='lat' dir='ltr'><strong>si</strong></span> <span class='ocrx_word' id='word_1_151' title='bbox 1235 2873 1370 2911; x_wconf 88' lang='lat' dir='ltr'><strong>casu</strong></span> <span class='ocrx_word' id='word_1_152' title='bbox 1397 2854 1586 2925; x_wconf 89' lang='lat' dir='ltr'><strong>aliquo</strong></span> <span class='ocrx_word' id='word_1_153' title='bbox 1606 2856 1852 2930; x_wconf 90' lang='lat' dir='ltr'><strong>perierit,</strong></span> <span class='ocrx_word' id='word_1_154' title='bbox 1875 2856 1957 2911; x_wconf 91' lang='lat' dir='ltr'><strong>nil</strong></span> <span class='ocrx_word' id='word_1_155' title='bbox 1983 2856 2169 2913; x_wconf 83' lang='lat' dir='ltr'><strong>obstat</strong></span> <span class='ocrx_word' id='word_1_156' title='bbox 2188 2856 2327 2927; x_wconf 90' lang='lat' dir='ltr'><strong>quin</strong></span> <span class='ocrx_word' id='word_1_157' title='bbox 2348 2856 2631 2931; x_wconf 86' lang='lat' dir='ltr'><strong>premium</strong></span> 
     </span>
     <span class='ocr_line' id='line_1_19' title="bbox 454 2948 2152 3029; baseline -0.001 -19"><span class='ocrx_word' id='word_1_158' title='bbox 454 2953 666 3010; x_wconf 90' lang='lat' dir='ltr'><strong>idcirco</strong></span> <span class='ocrx_word' id='word_1_159' title='bbox 692 2952 948 3027; x_wconf 88' lang='lat' dir='ltr'><strong>accipiat,</strong></span> <span class='ocrx_word' id='word_1_160' title='bbox 977 2962 1034 3007; x_wconf 88' lang='lat' dir='ltr'><strong>et</strong></span> <span class='ocrx_word' id='word_1_161' title='bbox 1060 2970 1286 3011; x_wconf 88' lang='lat' dir='ltr'><strong>usuram</strong></span> <span class='ocrx_word' id='word_1_162' title='bbox 1316 2970 1418 3027; x_wconf 88' lang='lat' dir='ltr'><strong>pro</strong></span> <span class='ocrx_word' id='word_1_163' title='bbox 1445 2953 1685 3029; x_wconf 89' lang='lat' dir='ltr'><strong>periculi</strong></span> <span class='ocrx_word' id='word_1_164' title='bbox 1712 2954 1947 3011; x_wconf 87' lang='lat' dir='ltr'><strong>ratione.</strong></span> <span class='ocrx_word' id='word_1_165' title='bbox 2146 2948 2152 2955; x_wconf 70' lang='grc'><strong>’</strong></span> 
     </span>
    </p>

    <p class='ocr_par' dir='ltr' id='par_1_5' title="bbox 451 3050 2647 3799">
     <span class='ocr_line' id='line_1_20' title="bbox 540 3050 2635 3127; baseline -0 -18"><span class='ocrx_word' id='word_1_166' title='bbox 540 3056 674 3109; x_wconf 83' lang='grc'><strong>137.</strong></span> <span class='ocrx_word' id='word_1_167' title='bbox 721 3051 970 3108; x_wconf 89' lang='lat' dir='ltr'><strong>Peccant</strong></span> <span class='ocrx_word' id='word_1_168' title='bbox 1006 3051 1340 3126; x_wconf 84' lang='lat' dir='ltr'><strong>gravissime</strong></span> <span class='ocrx_word' id='word_1_169' title='bbox 1380 3052 1479 3123; x_wconf 90' lang='lat' dir='ltr'><strong>qui</strong></span> <span class='ocrx_word' id='word_1_170' title='bbox 1523 3068 1655 3107; x_wconf 90' lang='lat' dir='ltr'><strong>suas</strong></span> <span class='ocrx_word' id='word_1_171' title='bbox 1694 3051 2005 3109; x_wconf 87' lang='lat' dir='ltr'><strong>incendunt</strong></span> <span class='ocrx_word' id='word_1_172' title='bbox 2042 3050 2191 3108; x_wconf 85' lang='lat' dir='ltr'><strong>aedes</strong></span> <span class='ocrx_word' id='word_1_173' title='bbox 2230 3060 2293 3109; x_wconf 92' lang='lat' dir='ltr'><strong>ut</strong></span> <span class='ocrx_word' id='word_1_174' title='bbox 2336 3052 2635 3127; x_wconf 89' lang='lat' dir='ltr'><strong>pecuniam</strong></span> 
     </span>
     <span class='ocr_line' id='line_1_21' title="bbox 456 3149 2638 3225; baseline 0 -18"><span class='ocrx_word' id='word_1_175' title='bbox 456 3150 600 3207; x_wconf 88' lang='lat' dir='ltr'><strong>ultra</strong></span> <span class='ocrx_word' id='word_1_176' title='bbox 626 3168 819 3207; x_wconf 88' lang='lat' dir='ltr'><strong>earum</strong></span> <span class='ocrx_word' id='word_1_177' title='bbox 846 3149 1094 3207; x_wconf 87' lang='lat' dir='ltr'><strong>valorem</strong></span> <span class='ocrx_word' id='word_1_178' title='bbox 1124 3169 1156 3206; x_wconf 88' lang='lat' dir='ltr'><strong>a</strong></span> <span class='ocrx_word' id='word_1_179' title='bbox 1179 3150 1446 3207; x_wconf 89' lang='lat' dir='ltr'><strong>societate</strong></span> <span class='ocrx_word' id='word_1_180' title='bbox 1487 3151 1922 3209; x_wconf 87' lang='lat' dir='ltr'><strong>assecurationis</strong></span> <span class='ocrx_word' id='word_1_181' title='bbox 1964 3150 2261 3225; x_wconf 84' lang='lat' dir='ltr'><strong>accipiant,</strong></span> <span class='ocrx_word' id='word_1_182' title='bbox 2303 3150 2446 3207; x_wconf 87' lang='lat' dir='ltr'><strong>nihil</strong></span> <span class='ocrx_word' id='word_1_183' title='bbox 2486 3150 2638 3207; x_wconf 88' lang='lat' dir='ltr'><strong>enim</strong></span> 
     </span>
     <span class='ocr_line' id='line_1_22' title="bbox 451 3230 2640 3325; baseline -0.001 -18"><span class='ocrx_word' id='word_1_184' title='bbox 451 3250 602 3323; x_wconf 87' lang='lat' dir='ltr'><strong>juris</strong></span> <span class='ocrx_word' id='word_1_185' title='bbox 643 3249 868 3316; x_wconf 87' lang='lat' dir='ltr'><strong>habent,</strong></span> <span class='ocrx_word' id='word_1_186' title='bbox 905 3246 1007 3305; x_wconf 91' lang='lat' dir='ltr'><strong>sed</strong></span> <span class='ocrx_word' id='word_1_187' title='bbox 1046 3250 1398 3323; x_wconf 83' lang='lat' dir='ltr'><strong>gravissimis</strong></span> <span class='ocrx_word' id='word_1_188' title='bbox 1445 3250 1653 3325; x_wconf 89' lang='lat' dir='ltr'><strong>poenis,</strong></span> <span class='ocrx_word' id='word_1_189' title='bbox 1696 3250 1895 3324; x_wconf 89' lang='lat' dir='ltr'><strong>capitis</strong></span> <span class='ocrx_word' id='word_1_190' title='bbox 1936 3249 2173 3316; x_wconf 87' lang='lat' dir='ltr'><strong>scilicet,</strong></span> <span class='ocrx_word' id='word_1_191' title='bbox 2213 3250 2380 3325; x_wconf 86' lang='lat' dir='ltr'><strong>juxta</strong></span> <span class='ocrx_word' id='word_1_192' title='bbox 2418 3230 2640 3323; x_wconf 74' lang='lat' dir='ltr'><strong>Angliae</strong></span> 
     </span>
     <span class='ocr_line' id='line_1_23' title="bbox 457 3346 2641 3424; baseline 0 -21"><span class='ocrx_word' id='word_1_193' title='bbox 457 3347 613 3424; x_wconf 88' lang='lat' dir='ltr'><strong>leges</strong></span> <span class='ocrx_word' id='word_1_194' title='bbox 641 3348 952 3424; x_wconf 85' lang='lat' dir='ltr'><strong>subjacent.</strong></span> <span class='ocrx_word' id='word_1_195' title='bbox 1037 3347 1333 3422; x_wconf 82' lang='lat' dir='ltr'><strong>Injustitiae</strong></span> <span class='ocrx_word' id='word_1_196' title='bbox 1361 3366 1588 3420; x_wconf 90' lang='lat' dir='ltr'><strong>quoque</strong></span> <span class='ocrx_word' id='word_1_197' title='bbox 1610 3348 1692 3404; x_wconf 91' lang='lat' dir='ltr'><strong>rei</strong></span> <span class='ocrx_word' id='word_1_198' title='bbox 1713 3357 1845 3405; x_wconf 90' lang='lat' dir='ltr'><strong>sunt</strong></span> <span class='ocrx_word' id='word_1_199' title='bbox 1863 3349 1963 3419; x_wconf 89' lang='lat' dir='ltr'><strong>qui</strong></span> <span class='ocrx_word' id='word_1_200' title='bbox 1983 3350 2283 3422; x_wconf 86' lang='lat' dir='ltr'><strong>pecuniam</strong></span> <span class='ocrx_word' id='word_1_201' title='bbox 2308 3346 2515 3404; x_wconf 88' lang='lat' dir='ltr'><strong>damno</strong></span> <span class='ocrx_word' id='word_1_202' title='bbox 2536 3365 2641 3403; x_wconf 88' lang='lat' dir='ltr'><strong>suo</strong></span> 
     </span>
     <span class='ocr_line' id='line_1_24' title="bbox 460 3444 2641 3523; baseline -0.002 -20"><span class='ocrx_word' id='word_1_203' title='bbox 460 3448 736 3523; x_wconf 86' lang='lat' dir='ltr'><strong>majorem</strong></span> <span class='ocrx_word' id='word_1_204' title='bbox 794 3447 1050 3522; x_wconf 81' lang='lat' dir='ltr'><strong>exigunt,</strong></span> <span class='ocrx_word' id='word_1_205' title='bbox 1103 3446 1370 3503; x_wconf 89' lang='lat' dir='ltr'><strong>incendio</strong></span> <span class='ocrx_word' id='word_1_206' title='bbox 1429 3465 1561 3503; x_wconf 89' lang='lat' dir='ltr'><strong>casu</strong></span> <span class='ocrx_word' id='word_1_207' title='bbox 1619 3446 1706 3501; x_wconf 84' lang='lat' dir='ltr'><strong>vel</strong></span> <span class='ocrx_word' id='word_1_208' title='bbox 1762 3444 1975 3503; x_wconf 87' lang='lat' dir='ltr'><strong>malitia</strong></span> <span class='ocrx_word' id='word_1_209' title='bbox 2026 3446 2208 3502; x_wconf 88' lang='lat' dir='ltr'><strong>aliena</strong></span> <span class='ocrx_word' id='word_1_210' title='bbox 2259 3446 2641 3518; x_wconf 87' lang='lat' dir='ltr'><strong>contingente.</strong></span> 
     </span>
     <span class='ocr_line' id='line_1_25' title="bbox 464 3541 2645 3618; baseline -0.003 -16"><span class='ocrx_word' id='word_1_211' title='bbox 464 3545 672 3603; x_wconf 89' lang='lat' dir='ltr'><strong>Peccat</strong></span> <span class='ocrx_word' id='word_1_212' title='bbox 707 3546 875 3603; x_wconf 87' lang='lat' dir='ltr'><strong>etiam</strong></span> <span class='ocrx_word' id='word_1_213' title='bbox 905 3545 1206 3602; x_wconf 86' lang='lat' dir='ltr'><strong>nauclerus</strong></span> <span class='ocrx_word' id='word_1_214' title='bbox 1249 3544 1352 3616; x_wconf 90' lang='lat' dir='ltr'><strong>qui</strong></span> <span class='ocrx_word' id='word_1_215' title='bbox 1393 3562 1497 3600; x_wconf 86' lang='lat' dir='ltr'><strong>sua</strong></span> <span class='ocrx_word' id='word_1_216' title='bbox 1539 3544 1757 3601; x_wconf 89' lang='lat' dir='ltr'><strong>incuria</strong></span> <span class='ocrx_word' id='word_1_217' title='bbox 1796 3542 2090 3618; x_wconf 84' lang='lat' dir='ltr'><strong>naufragio</strong></span> <span class='ocrx_word' id='word_1_218' title='bbox 2130 3541 2223 3597; x_wconf 87' lang='lat' dir='ltr'><strong>dat</strong></span> <span class='ocrx_word' id='word_1_219' title='bbox 2262 3558 2511 3606; x_wconf 87' lang='lat' dir='ltr'><strong>causam,</strong></span> <span class='ocrx_word' id='word_1_220' title='bbox 2552 3542 2645 3596; x_wconf 86' lang='lat' dir='ltr'><strong>vel</strong></span> 
     </span>
     <span class='ocr_line' id='line_1_26' title="bbox 461 3638 2647 3715; baseline -0.003 -14"><span class='ocrx_word' id='word_1_221' title='bbox 461 3646 561 3715; x_wconf 90' lang='lat' dir='ltr'><strong>qui</strong></span> <span class='ocrx_word' id='word_1_222' title='bbox 589 3662 658 3700; x_wconf 87' lang='lat' dir='ltr'><strong>ea</strong></span> <span class='ocrx_word' id='word_1_223' title='bbox 685 3642 827 3699; x_wconf 89' lang='lat' dir='ltr'><strong>celat</strong></span> <span class='ocrx_word' id='word_1_224' title='bbox 855 3660 980 3713; x_wconf 83' lang='lat' dir='ltr'><strong>quae</strong></span> <span class='ocrx_word' id='word_1_225' title='bbox 1008 3643 1058 3697; x_wconf 89' lang='lat' dir='ltr'><strong>si</strong></span> <span class='ocrx_word' id='word_1_226' title='bbox 1085 3642 1482 3714; x_wconf 58' lang='lat' dir='ltr'><strong>innotuissent,</strong></span> <span class='ocrx_word' id='word_1_227' title='bbox 1512 3641 1698 3698; x_wconf 88' lang='lat' dir='ltr'><strong>cautio</strong></span> <span class='ocrx_word' id='word_1_228' title='bbox 1740 3641 1985 3715; x_wconf 86' lang='lat' dir='ltr'><strong>praestita</strong></span> <span class='ocrx_word' id='word_1_229' title='bbox 2024 3639 2167 3696; x_wconf 91' lang='lat' dir='ltr'><strong>nihil</strong></span> <span class='ocrx_word' id='word_1_230' title='bbox 2198 3639 2347 3715; x_wconf 89' lang='lat' dir='ltr'><strong>juris</strong></span> <span class='ocrx_word' id='word_1_231' title='bbox 2375 3638 2647 3695; x_wconf 89' lang='lat' dir='ltr'><strong>mercium</strong></span> 
     </span>
     <span class='ocr_line' id='line_1_27' title="bbox 464 3740 1319 3799; baseline 0.001 -3"><span class='ocrx_word' id='word_1_232' title='bbox 464 3742 556 3799; x_wconf 88' lang='lat' dir='ltr'><strong>vel</strong></span> <span class='ocrx_word' id='word_1_233' title='bbox 584 3742 744 3799; x_wconf 84' lang='lat' dir='ltr'><strong>navis</strong></span> <span class='ocrx_word' id='word_1_234' title='bbox 773 3740 1007 3797; x_wconf 88' lang='lat' dir='ltr'><strong>domino</strong></span> <span class='ocrx_word' id='word_1_235' title='bbox 1037 3740 1319 3797; x_wconf 90' lang='lat' dir='ltr'><strong>tribueret.</strong></span> 
     </span>
    </p>

    <p class='ocr_par' dir='ltr' id='par_1_6' title="bbox 555 3833 2647 3911">
     <span class='ocr_line' id='line_1_28' title="bbox 555 3833 2647 3911; baseline -0 -16"><span class='ocrx_word' id='word_1_236' title='bbox 555 3844 688 3897; x_wconf 90' lang='grc'><strong>138.</strong></span> <span class='ocrx_word' id='word_1_237' title='bbox 749 3839 1114 3896; x_wconf 86' lang='lat' dir='ltr'><strong>Assecuratio</strong></span> <span class='ocrx_word' id='word_1_238' title='bbox 1167 3840 1294 3896; x_wconf 81' lang='lat' dir='ltr'><strong>vitoe</strong></span> <span class='ocrx_word' id='word_1_239' title='bbox 1348 3836 1588 3911; x_wconf 30' lang='lat' dir='ltr'><strong>alicuj-us</strong></span> <span class='ocrx_word' id='word_1_240' title='bbox 1640 3836 1705 3892; x_wconf 91' lang='lat' dir='ltr'><strong>fit</strong></span> <span class='ocrx_word' id='word_1_241' title='bbox 1754 3833 1980 3907; x_wconf 86' lang='lat' dir='ltr'><strong>quando</strong></span> <span class='ocrx_word' id='word_1_242' title='bbox 2032 3836 2105 3893; x_wconf 92' lang='lat' dir='ltr'><strong>ob</strong></span> <span class='ocrx_word' id='word_1_243' title='bbox 2142 3835 2425 3911; x_wconf 89' lang='lat' dir='ltr'><strong>premium</strong></span> <span class='ocrx_word' id='word_1_244' title='bbox 2468 3838 2647 3894; x_wconf 87' lang='lat' dir='ltr'><strong>semel</strong></span> 
     </span>
    </p>
   </div>
   <div class='ocr_carea' id='block_1_5' title="bbox 467 4038 2651 4525">
    <p class='ocr_par' dir='ltr' id='par_1_7' title="bbox 467 4038 2651 4525">
     <span class='ocr_line' id='line_1_29' title="bbox 551 4038 2651 4105; baseline 0.001 -19"><span class='ocrx_word' id='word_1_245' title='bbox 551 4041 634 4105; x_wconf 89' lang='lat'><strong>(1)</strong></span> <span class='ocrx_word' id='word_1_246' title='bbox 673 4041 968 4100; x_wconf 82' lang='lat' dir='ltr'><strong>“Although</strong></span> <span class='ocrx_word' id='word_1_247' title='bbox 990 4039 1350 4103; x_wconf 81' lang='lat' dir='ltr'><strong>Respondentia</strong></span> <span class='ocrx_word' id='word_1_248' title='bbox 1371 4039 1468 4099; x_wconf 79' lang='lat' dir='ltr'><strong>and</strong></span> <span class='ocrx_word' id='word_1_249' title='bbox 1489 4041 1727 4101; x_wconf 85' lang='lat' dir='ltr'><strong>bottomry</strong></span> <span class='ocrx_word' id='word_1_250' title='bbox 1751 4054 1829 4087; x_wconf 79' lang='lat' dir='ltr'><strong>are</strong></span> <span class='ocrx_word' id='word_1_251' title='bbox 1851 4038 1908 4087; x_wconf 85' lang='lat' dir='ltr'><strong>of</strong></span> <span class='ocrx_word' id='word_1_252' title='bbox 1931 4038 2216 4088; x_wconf 80' lang='lat' dir='ltr'><strong>themselves</strong></span> <span class='ocrx_word' id='word_1_253' title='bbox 2238 4056 2269 4088; x_wconf 81' lang='lat' dir='ltr'><strong>a</strong></span> <span class='ocrx_word' id='word_1_254' title='bbox 2288 4040 2469 4103; x_wconf 85' lang='lat' dir='ltr'><strong>species</strong></span> <span class='ocrx_word' id='word_1_255' title='bbox 2491 4040 2548 4087; x_wconf 87' lang='lat' dir='ltr'><strong>of</strong></span> <span class='ocrx_word' id='word_1_256' title='bbox 2579 4040 2651 4089; x_wconf 83' lang='lat' dir='ltr'><strong>in·-</strong></span> 
     </span>
     <span class='ocr_line' id='line_1_30' title="bbox 467 4124 2649 4187; baseline 0 -16"><span class='ocrx_word' id='word_1_257' title='bbox 467 4140 683 4182; x_wconf 78' lang='lat' dir='ltr'><strong>suranoe,</strong></span> <span class='ocrx_word' id='word_1_258' title='bbox 711 4131 805 4187; x_wconf 85' lang='lat' dir='ltr'><strong>yet</strong></span> <span class='ocrx_word' id='word_1_259' title='bbox 831 4124 914 4173; x_wconf 83' lang='lat' dir='ltr'><strong>the</strong></span> <span class='ocrx_word' id='word_1_260' title='bbox 936 4124 1098 4172; x_wconf 90' lang='lat' dir='ltr'><strong>lender</strong></span> <span class='ocrx_word' id='word_1_261' title='bbox 1119 4125 1208 4172; x_wconf 84' lang='lat' dir='ltr'><strong>has</strong></span> <span class='ocrx_word' id='word_1_262' title='bbox 1230 4139 1294 4172; x_wconf 81' lang='lat' dir='ltr'><strong>an</strong></span> <span class='ocrx_word' id='word_1_263' title='bbox 1317 4124 1557 4173; x_wconf 84' lang='lat' dir='ltr'><strong>insurable</strong></span> <span class='ocrx_word' id='word_1_264' title='bbox 1580 4124 1775 4172; x_wconf 78' lang='lat' dir='ltr'><strong>interest</strong></span> <span class='ocrx_word' id='word_1_265' title='bbox 1796 4124 1849 4171; x_wconf 89' lang='lat' dir='ltr'><strong>in</strong></span> <span class='ocrx_word' id='word_1_266' title='bbox 1881 4124 1959 4172; x_wconf 87' lang='lat' dir='ltr'><strong>his</strong></span> <span class='ocrx_word' id='word_1_267' title='bbox 1992 4124 2251 4184; x_wconf 80' lang='lat' dir='ltr'><strong>securities,</strong></span> <span class='ocrx_word' id='word_1_268' title='bbox 2286 4124 2381 4173; x_wconf 82' lang='lat' dir='ltr'><strong>and</strong></span> <span class='ocrx_word' id='word_1_269' title='bbox 2416 4124 2649 4173; x_wconf 85' lang='lat' dir='ltr'><strong>therefore</strong></span> 
     </span>
     <span class='ocr_line' id='line_1_31' title="bbox 469 4207 2651 4272; baseline -0 -15"><span class='ocrx_word' id='word_1_270' title='bbox 469 4224 582 4271; x_wconf 84' lang='lat' dir='ltr'><strong>may</strong></span> <span class='ocrx_word' id='word_1_271' title='bbox 606 4216 788 4272; x_wconf 76' lang='lat' dir='ltr'><strong>protect</strong></span> <span class='ocrx_word' id='word_1_272' title='bbox 819 4207 1020 4257; x_wconf 85' lang='lat' dir='ltr'><strong>himself</strong></span> <span class='ocrx_word' id='word_1_273' title='bbox 1049 4208 1172 4257; x_wconf 86' lang='lat' dir='ltr'><strong>from</strong></span> <span class='ocrx_word' id='word_1_274' title='bbox 1192 4208 1274 4257; x_wconf 86' lang='lat' dir='ltr'><strong>the</strong></span> <span class='ocrx_word' id='word_1_275' title='bbox 1296 4209 1492 4257; x_wconf 84' lang='lat' dir='ltr'><strong>sea-risk</strong></span> <span class='ocrx_word' id='word_1_276' title='bbox 1525 4210 1591 4271; x_wconf 83' lang='lat' dir='ltr'><strong>by</strong></span> <span class='ocrx_word' id='word_1_277' title='bbox 1613 4208 1834 4269; x_wconf 87' lang='lat' dir='ltr'><strong>insuring</strong></span> <span class='ocrx_word' id='word_1_278' title='bbox 1862 4209 2009 4260; x_wconf 87' lang='lat' dir='ltr'><strong>them.</strong></span> <span class='ocrx_word' id='word_1_279' title='bbox 2076 4209 2331 4269; x_wconf 81' lang='lat' dir='ltr'><strong>However,</strong></span> <span class='ocrx_word' id='word_1_280' title='bbox 2354 4225 2384 4257; x_wconf 84' lang='lat' dir='ltr'><strong>a</strong></span> <span class='ocrx_word' id='word_1_281' title='bbox 2404 4208 2563 4271; x_wconf 84' lang='lat' dir='ltr'><strong>policy</strong></span> <span class='ocrx_word' id='word_1_282' title='bbox 2587 4224 2651 4256; x_wconf 89' lang='lat' dir='ltr'><strong>on</strong></span> 
     </span>
     <span class='ocr_line' id='line_1_32' title="bbox 467 4293 2649 4357; baseline -0.001 -14"><span class='ocrx_word' id='word_1_283' title='bbox 467 4297 706 4357; x_wconf 76' lang='lat' dir='ltr'><strong>bottnmry</strong></span> <span class='ocrx_word' id='word_1_284' title='bbox 739 4309 792 4341; x_wconf 92' lang='lat' dir='ltr'><strong>or</strong></span> <span class='ocrx_word' id='word_1_285' title='bbox 823 4293 1156 4355; x_wconf 80' lang='lat' dir='ltr'><strong>respondentia</strong></span> <span class='ocrx_word' id='word_1_286' title='bbox 1179 4300 1358 4342; x_wconf 85' lang='lat' dir='ltr'><strong>cannot</strong></span> <span class='ocrx_word' id='word_1_287' title='bbox 1389 4294 1448 4341; x_wconf 89' lang='lat' dir='ltr'><strong>be</strong></span> <span class='ocrx_word' id='word_1_288' title='bbox 1469 4293 1741 4341; x_wconf 75' lang='lat' dir='ltr'><strong>subscribed</strong></span> <span class='ocrx_word' id='word_1_289' title='bbox 1777 4295 1839 4356; x_wconf 88' lang='lat' dir='ltr'><strong>by</strong></span> <span class='ocrx_word' id='word_1_290' title='bbox 1873 4294 1954 4342; x_wconf 88' lang='lat' dir='ltr'><strong>the</strong></span> <span class='ocrx_word' id='word_1_291' title='bbox 1988 4297 2223 4343; x_wconf 88' lang='lat' dir='ltr'><strong>borrower</strong></span> <span class='ocrx_word' id='word_1_292' title='bbox 2256 4294 2313 4341; x_wconf 87' lang='lat' dir='ltr'><strong>of</strong></span> <span class='ocrx_word' id='word_1_293' title='bbox 2336 4294 2418 4341; x_wconf 90' lang='lat' dir='ltr'><strong>the</strong></span> <span class='ocrx_word' id='word_1_294' title='bbox 2440 4306 2649 4353; x_wconf 86' lang='lat' dir='ltr'><strong>money;</strong></span> 
     </span>
     <span class='ocr_line' id='line_1_33' title="bbox 470 4377 2646 4439; baseline -0.003 -12"><span class='ocrx_word' id='word_1_295' title='bbox 470 4379 542 4427; x_wconf 84' lang='lat' dir='ltr'><strong>for</strong></span> <span class='ocrx_word' id='word_1_296' title='bbox 562 4378 608 4426; x_wconf 77' lang='lat' dir='ltr'><strong>if</strong></span> <span class='ocrx_word' id='word_1_297' title='bbox 629 4378 693 4426; x_wconf 87' lang='lat' dir='ltr'><strong>he</strong></span> <span class='ocrx_word' id='word_1_298' title='bbox 726 4392 850 4426; x_wconf 82' lang='lat' dir='ltr'><strong>were</strong></span> <span class='ocrx_word' id='word_1_299' title='bbox 876 4383 926 4424; x_wconf 87' lang='lat' dir='ltr'><strong>to</strong></span> <span class='ocrx_word' id='word_1_300' title='bbox 946 4378 1142 4425; x_wconf 78' lang='lat' dir='ltr'><strong>become</strong></span> <span class='ocrx_word' id='word_1_301' title='bbox 1167 4394 1231 4426; x_wconf 83' lang='lat' dir='ltr'><strong>an</strong></span> <span class='ocrx_word' id='word_1_302' title='bbox 1269 4378 1470 4437; x_wconf 70' lang='lat' dir='ltr'><strong>insurer,</strong></span> <span class='ocrx_word' id='word_1_303' title='bbox 1505 4377 1601 4425; x_wconf 84' lang='lat' dir='ltr'><strong>this</strong></span> <span class='ocrx_word' id='word_1_304' title='bbox 1639 4377 1803 4427; x_wconf 88' lang='lat' dir='ltr'><strong>would</strong></span> <span class='ocrx_word' id='word_1_305' title='bbox 1834 4379 1894 4426; x_wconf 91' lang='lat' dir='ltr'><strong>be</strong></span> <span class='ocrx_word' id='word_1_306' title='bbox 1926 4394 1993 4427; x_wconf 92' lang='lat' dir='ltr'><strong>no</strong></span> <span class='ocrx_word' id='word_1_307' title='bbox 2014 4380 2182 4439; x_wconf 84' lang='lat' dir='ltr'><strong>longer</strong></span> <span class='ocrx_word' id='word_1_308' title='bbox 2204 4394 2235 4426; x_wconf 81' lang='lat' dir='ltr'><strong>a</strong></span> <span class='ocrx_word' id='word_1_309' title='bbox 2255 4378 2367 4426; x_wconf 84' lang='lat' dir='ltr'><strong>loan</strong></span> <span class='ocrx_word' id='word_1_310' title='bbox 2388 4390 2524 4438; x_wconf 88' lang='lat' dir='ltr'><strong>upon</strong></span> <span class='ocrx_word' id='word_1_311' title='bbox 2545 4377 2646 4421; x_wconf 71' lang='lat' dir='ltr'><strong>bot-</strong></span> 
     </span>
     <span class='ocr_line' id='line_1_34' title="bbox 467 4459 2615 4525; baseline -0 -17"><span class='ocrx_word' id='word_1_312' title='bbox 467 4467 642 4524; x_wconf 79' lang='lat' dir='ltr'><strong>tomry,</strong></span> <span class='ocrx_word' id='word_1_313' title='bbox 657 4462 746 4511; x_wconf 81' lang='lat' dir='ltr'><strong>but</strong></span> <span class='ocrx_word' id='word_1_314' title='bbox 775 4476 804 4509; x_wconf 83' lang='lat' dir='ltr'><strong>a</strong></span> <span class='ocrx_word' id='word_1_315' title='bbox 826 4461 963 4509; x_wconf 82' lang='lat' dir='ltr'><strong>cloak</strong></span> <span class='ocrx_word' id='word_1_316' title='bbox 985 4460 1058 4508; x_wconf 87' lang='lat' dir='ltr'><strong>for</strong></span> <span class='ocrx_word' id='word_1_317' title='bbox 1079 4459 1275 4525; x_wconf 64' lang='lat' dir='ltr'><strong>usui-52⁹</strong></span> <span class='ocrx_word' id='word_1_318' title='bbox 1344 4460 1483 4509; x_wconf 86' lang='lat' dir='ltr'><strong>Rees&#39;</strong></span> <span class='ocrx_word' id='word_1_319' title='bbox 1508 4460 1637 4509; x_wconf 89' lang='lat' dir='ltr'><strong>New</strong></span> <span class='ocrx_word' id='word_1_320' title='bbox 1662 4461 1982 4525; x_wconf 80' lang='lat' dir='ltr'><strong>Cyclopaedia,</strong></span> <span class='ocrx_word' id='word_1_321' title='bbox 2004 4464 2097 4512; x_wconf 84' lang='lat' dir='ltr'><strong>vol.</strong></span> <span class='ocrx_word' id='word_1_322' title='bbox 2122 4478 2204 4511; x_wconf 86' lang='lat' dir='ltr'><strong>xx.</strong></span> <span class='ocrx_word' id='word_1_323' title='bbox 2224 4468 2309 4509; x_wconf 73' lang='lat' dir='ltr'><strong>art.</strong></span> <span class='ocrx_word' id='word_1_324' title='bbox 2330 4460 2615 4509; x_wconf 70' lang='lat' dir='ltr'><strong>Instar-unce.</strong></span> 
     </span>
    </p>
   </div>
  </div>
 </body>
</html>
