3117 5217
994 556 1039 589 β’
1126 560 1239 620 DE
1284 561 1874 622 RESTITUTION
1878 563 1956 624 E.
2511 568 2620 622 111

438 749 711 790 exercens
752 740 951 798 artem,
1000 731 1165 806 cujus
1212 731 1485 789 eximiam
1524 733 1701 808 jactat
1751 731 2034 810 peritiam,
2087 731 2439 808 diligentiam
2492 752 2622 790 cum

440 831 675 888 scientia
712 839 986 904 consueta
1020 831 1335 907 conjungit,
1382 833 1478 889 vix
1522 830 1594 887 ad
1639 830 1907 888 damnum
1952 831 2332 906 reparandum
2375 839 2616 897 tenetur,

440 933 573 990 licet
606 928 861 986 infirmus
894 928 1103 986 diutius
1138 931 1483 1005 languescat,
1522 949 1694 1001 quem
1729 931 1778 986 si
1817 929 2252 1006 diligentissime
2307 931 2619 995 invisisset,

440 1029 593 1087 brevi
632 1029 924 1085 restituere
966 1030 1247 1104 potuisset
1284 1030 1541 1086 sanitati:
1585 1047 1752 1086 secus
1791 1030 1844 1085 si
1878 1029 2201 1087 mercedem
2244 1049 2508 1106 magnam
2549 1047 2620 1084 ea

440 1127 765 1186 conditione
804 1129 1106 1203 acceperit,
1158 1137 1223 1184 ut
1270 1146 1495 1185 summa
1545 1139 1794 1184 uteretur
1835 1127 2143 1203 diligentia,
2193 1139 2325 1186 tunc
2365 1130 2519 1186 enim
2568 1129 2626 1184 vi

442 1226 709 1303 specialis
736 1235 1059 1285 contractus
1086 1237 1325 1286 tenetur.

528 1329 661 1384 177.
723 1324 963 1389 Quoties
1016 1325 1311 1383 intercedit
1360 1333 1699 1392 contractuS,
1751 1324 2018 1402 obligatio
2067 1327 2417 1392 restituendi,
2463 1327 2630 1402 juxta

438 1425 619 1499 legeS,
648 1424 900 1479 nascitur
925 1442 1000 1480 ex
1027 1423 1195 1498 culpa
1228 1424 1342 1480 levi
1380 1433 1439 1480 et
1460 1424 1770 1491 levissima,
1814 1425 1864 1481 si
1898 1435 2215 1482 contractus
2243 1427 2300 1484 in
2329 1426 2480 1482 illius
2522 1442 2625 1499 per

442 1541 616 1594 quem
646 1521 919 1578 damnum
957 1523 1188 1580 obvenit
1211 1524 1505 1580 utilitatem
1534 1522 1720 1580 solum
1748 1523 1928 1580 cedat.
2013 1523 2078 1580 Si
2106 1523 2276 1598 igitur
2300 1521 2626 1581 commoda-

444 1621 589 1677 verit
614 1620 742 1690 quis
783 1620 942 1678 alteri
982 1639 1195 1693 equum
1236 1619 1496 1697 gratuito,
1527 1639 1701 1692 quem
1745 1632 1912 1678 noctu
1953 1621 2251 1698 contigerit
2291 1641 2365 1679 ex
2405 1622 2624 1679 stabulo

443 1718 669 1784 auferri,
700 1737 825 1774 sera
854 1719 1004 1777 haud
1032 1721 1218 1796 posita
1244 1722 1393 1778 ostio
1420 1739 1495 1777 ex
1522 1719 1720 1776 famuli
1742 1721 2104 1796 negligentia,
2125 1720 2215 1777 vel
2236 1723 2356 1792 qui,
2387 1740 2460 1778 ex
2488 1739 2625 1796 agro

444 1819 503 1876 in
530 1836 644 1891 quo
676 1818 898 1893 positus
938 1828 1027 1875 est
1064 1829 1129 1876 ut
1164 1819 1398 1876 herbam
1439 1818 1784 1886 comederet,
1813 1819 2075 1886 evaserit,
2119 1837 2257 1894 sepe
2296 1819 2446 1877 haud
2490 1819 2626 1874 satis

442 1917 571 1984 alta,
600 1918 757 1993 leges
785 1917 853 1974 ad
884 1917 1150 1976 damnum
1192 1916 1568 1994 reparandum
1597 1916 1880 1993 obligant:
1928 1925 1966 1952 ‘⁶
1987 1915 2140 1975 Cum
2185 1920 2362 1993 gratia
2388 1919 2477 1976 sui
2505 1927 2625 1974 tan-

446 2027 564 2076 tum
594 2018 723 2087 quis
744 2017 1231 2075 accommodatum
1254 2017 1495 2092 accepit,
1520 2015 1590 2072 de
1611 2015 1901 2074 levissima
1925 2016 2096 2074 etiam
2117 2017 2285 2092 culpa
2310 2014 2629 2074 tenetur.”¹

446 2116 511 2172 Si
540 2117 597 2172 in
624 2115 803 2173 solius
844 2116 1028 2173 dantis
1068 2127 1385 2174 contractus
1427 2114 1609 2181 cedat,
1653 2126 1878 2172 tenetur
1913 2114 2052 2172 alter
2092 2125 2306 2172 tantum
2347 2134 2423 2178 ex
2463 2115 2632 2191 culpa

444 2214 575 2280 lata,
604 2224 949 2290 quapropter
974 2216 1370 2290 depositariuS,
1415 2214 1514 2287 qui
1542 2213 1702 2270 alteri
1742 2212 2090 2289 gratificandi
2129 2232 2301 2272 causa
2327 2215 2630 2289 pecuniam

447 2305 598 2392 apud
624 2332 685 2370 se
714 2313 933 2381 retinet,
961 2308 1077 2372 non
1106 2323 1327 2371 tenetur
1352 2313 1419 2371 ad
1460 2313 1895 2378 restituendum,
1937 2313 1986 2369 si
2026 2329 2101 2368 ex
2125 2311 2238 2368 levi
2285 2311 2634 2388 negligentia

446 2412 746 2469 auferatur.
830 2413 895 2469 Si
940 2413 1000 2470 in
1040 2413 1331 2484 utriusque
1376 2412 1672 2487 utilitatem
1717 2419 2035 2469 contractus
2075 2410 2258 2490 cedat,
2305 2419 2526 2469 tenetur
2557 2427 2634 2466 ex.

448 2510 619 2585 eulpa
643 2510 774 2577 levi,
804 2529 919 2568 non
945 2519 1132 2569 autem
1163 2529 1238 2568 ex
1262 2510 1576 2566 levissima.
1647 2508 1803 2566 Hinc
1830 2509 2038 2584 pignus
2067 2510 2354 2583 accipiens
2381 2508 2452 2566 ad
2477 2508 2633 2565 dam-

448 2626 585 2665 num
613 2618 850 2677 tenetur,
880 2610 931 2666 si
956 2619 1215 2667 exactam
1256 2608 1313 2665 in
1358 2625 1429 2665 eo
1470 2606 1844 2663 custodiendo
1885 2624 2002 2662 non
2045 2604 2363 2662 adhibuerit
2397 2605 2634 2680 diligen-

448 2701 641 2764 tiam.²
720 2706 865 2764 Haec
902 2707 1095 2784 legum
1138 2707 1445 2782 dispositio
1486 2704 1816 2775 aequissima
1855 2702 2113 2777 pluribus
2139 2703 2362 2760 videtur
2402 2704 2460 2760 in
2501 2721 2633 2760 con-

446 2805 683 2862 scientia
726 2807 844 2863 vim
884 2807 1135 2864 obtinere
1178 2815 1305 2863 ante
1339 2803 1553 2882 judicis
1598 2802 1971 2860 sententiam:
2015 2800 2118 2858 sed
2163 2801 2260 2858 alii
2299 2801 2630 2859 existimant

448 2903 660 2968 nullam
690 2921 819 2960 esse
846 2905 1213 2962 conscientiae
1258 2903 1682 2978 obligationem,
1726 2901 1839 2959 nisi
1878 2900 2048 2976 culpa
2085 2900 2274 2977 gravis
2314 2898 2634 2974 theologica

449 3000 697 3059 admissa
724 3004 816 3058 sit.
903 3002 1161 3061 Priorem
1204 3001 1539 3058 sententiam
1582 2999 1820 3058 Lessius
1861 2999 2062 3057 fatetur
2103 3008 2141 3034 “
2165 3017 2292 3056 esse
2320 2999 2635 3057 communi-

446 3118 627 3168 orem,
669 3120 735 3157 ae
781 3101 1021 3176 proinde
1067 3101 1349 3158 ordinarie
1394 3099 1453 3157 in
1501 3098 1665 3174 praxi
1704 3090 2137 3155 servandam.'’³
2216 3096 2408 3154 Altera
2445 3107 2633 3154 tamen

446 3201 725 3256 sententia
752 3219 865 3257 non
894 3211 981 3258 est
1007 3199 1418 3276 improbabilis,
1448 3217 1563 3271 qua
1598 3198 1697 3269 qui
1721 3197 1803 3254 uti
1844 3196 1998 3261 velit,
2040 3194 2222 3253 donec
2251 3216 2282 3252 a
2315 3195 2512 3272 judice
2541 3213 2634 3252 eo-

446 3309 609 3372 gatur
634 3299 906 3357 damnum
932 3318 1214 3376 reparare,
1247 3300 1345 3355 vix
1372 3310 1460 3355 est
1485 3317 1517 3354 a
1542 3296 1912 3355 sacramentis
1941 3289 2358 3371 repellendus.⁴

522 3580 606 3643 (1)
647 3578 771 3644 Cap.
793 3579 953 3646 unice,
977 3577 1035 3629 de
1056 3579 1374 3629 commodato.

524 3665 607 3727 (2)
646 3663 803 3711 Instit-
836 3661 1029 3723 Quibus
1050 3661 1212 3713 modi-3
1238 3678 1291 3712 re
1313 3661 1628 3714 contrahitur
1649 3660 1902 3728 obligatio.

528 3750 612 3812 (3)
652 3749 729 3798 De
752 3747 970 3798 Justitia
1000 3751 1047 3798 et
1069 3749 1210 3806 Jure,
1235 3751 1281 3806 ς.
1301 3748 1352 3796 ii.
1374 3764 1416 3795 c.
1438 3747 1519 3796 vii.
1540 3747 1655 3795 dub.
1677 3745 1778 3793 viii.
1799 3761 1849 3792 n.
1871 3745 1954 3790 45.
2073 3809 2078 3814 ν

530 3833 615 3897 (4)
654 3831 899 3896 Exempla
916 3849 1022 3895 quie
1046 3832 1239 3881 adducit
1274 3832 1567 3881 Blackstone
1601 3830 1795 3891 culpam
1830 3841 2024 3887 gravem
2061 3823 2291 3873 indicant.
2360 3830 2388 3854 ‘⁴
2401 3821 2512 3871 The
2552 3823 2643 3870 last

457 3916 580 3964 class
601 3917 658 3964 of
683 3923 935 3976 contracte,
958 3916 1155 3981 implied
1191 3918 1257 3978 by
1279 3931 1450 3963 reason
1485 3913 1584 3962 and
1615 3909 1943 3964 construction
1977 3909 2033 3957 of
2058 3909 2166 3967 law,
2200 3907 2346 3956 arises
2378 3922 2514 3970 upon
2547 3906 2644 3954 this

455 4001 771 4064 supposition,
792 4002 898 4050 that
930 4017 1072 4064 every
1094 4015 1189 4049 one
1228 4000 1342 4048 who
1381 3997 1671 4046 undertakes
1710 4011 1808 4059 any
1843 3994 1995 4053 office,
2035 3993 2378 4056 employment,
2411 3998 2548 4050 trust,
2584 4005 2636 4039 or

454 4085 592 4149 duty,
614 4093 853 4136 conta-acte
872 4086 996 4136 with
1016 4085 1155 4134 those
1182 4085 1297 4148 who
1316 4083 1511 4145 employ
1535 4098 1590 4130 or
1607 4087 1795 4130 entrust
1826 4080 1946 4139 him,
1967 4085 2018 4128 to
2051 4078 2256 4143 perform
2287 4077 2326 4126 it
2347 4076 2467 4125 with
2491 4076 2646 4136 integ-

456 4171 565 4234 rity,
587 4169 839 4232 diligence,
862 4170 960 4220 and
995 4169 1121 4218 skill.
1188 4167 1319 4226 And,
1352 4167 1397 4214 if
1420 4168 1484 4229 by
1508 4165 1586 4214 his
1617 4172 1752 4214 want
1784 4165 1840 4213 of
1865 4164 2016 4212 either
2051 4163 2108 4211 of
2131 4161 2270 4210 those
2303 4160 2526 4223 qualities
2547 4174 2645 4221 any

457 4256 618 4320 injury
643 4271 838 4304 accrues
854 4261 907 4313 to
926 4252 1233 4312 individuale,
1255 4251 1370 4314 they
1392 4251 1517 4299 have
1548 4245 1783 4298 therefore
1815 4247 1940 4296 their
1971 4247 2166 4310 remedy
2187 4243 2243 4295 in
2277 4245 2505 4305 damages
2528 4245 2594 4305 by
2617 4259 2646 4290 a

459 4340 637 4404 special
659 4339 821 4389 action
844 4355 909 4388 on
928 4339 1015 4388 the
1036 4353 1159 4388 case.
1229 4339 1279 4386 A
1300 4337 1395 4386 few
1418 4336 1664 4384 matrices
1683 4333 1786 4382 wiu
1819 4333 1942 4396 sully
1963 4332 2197 4381 illustrate
2219 4330 2316 4378 this
2347 4334 2536 4378 matter.
2603 4325 2655 4372 If

459 4440 525 4473 an
548 4425 709 4474 offieer
730 4425 788 4473 of
812 4425 896 4472 the
918 4423 1079 4488 public
1100 4424 1145 4472 is
1166 4424 1321 4487 guilty
1343 4422 1402 4472 of
1426 4420 1620 4482 neglect
1639 4419 1697 4468 of
1721 4419 1859 4482 duty,
1877 4433 1930 4466 or
1953 4434 1982 4466 a
2001 4415 2222 4481 palpable
2242 4413 2418 4462 breach
2438 4410 2496 4458 of
2520 4410 2574 4468 it,
2596 4408 2654 4456 of

455 4509 813 4568 non-feasance,
838 4525 891 4557 or
912 4509 970 4557 of
994 4507 1362 4567 mis-femmam
1398 4521 1466 4565 as,
1488 4505 1534 4554 ff
1556 4504 1642 4552 the
1663 4501 1837 4552 eheriff
1859 4502 1976 4550 does
2009 4505 2097 4549 not
2117 4503 2321 4547 execute
2345 4511 2374 4544 a
2401 4493 2511 4542 writ
2533 4498 2641 4540 sent
