3117 5217
1320 583 1432 642 DE
1476 583 1728 643 VOTO.
2498 592 2619 645 225

1319 1084 1603 1144 CAPUT
1644 1087 1753 1145 III.

1387 1292 1464 1329 DE
1507 1292 1680 1331 VOTO.

519 1439 618 1491 20.
679 1435 834 1493 Inter
873 1441 1124 1513 supremi
1169 1441 1351 1498 cultus
1397 1450 1554 1499 actus
1602 1451 1794 1499 votum
1846 1449 2224 1505 enumeratur,
2269 1442 2437 1517 juxta
2487 1436 2626 1497 illud

441 1529 606 1589 Isaiae
637 1533 707 1591 de
735 1535 1038 1612 AEgyptiis
1066 1540 1429 1598 vaticinium:
1475 1540 1725 1598 “colent
1750 1560 1881 1598 eum
1923 1541 1983 1597 in
2024 1538 2245 1605 hostiiS‚
2286 1546 2343 1593 et
2380 1538 2625 1595 muneri-

438 1630 568 1696 bus,
595 1640 650 1689 et
666 1640 794 1689 vota
812 1637 1098 1694 vovebunt
1113 1637 1386 1707 Domino,
1411 1649 1468 1695 et
1485 1632 1805 1697 solvent.”¹
1888 1635 2175 1709 Equidem
2196 1655 2619 1707 nonnumquam

442 1727 632 1787 Beatae
661 1730 908 1808 Virgini,
937 1735 1028 1791 vel
1053 1738 1285 1805 sanctis,
1315 1738 1406 1794 vel
1443 1728 1614 1795 etiam
1654 1738 1985 1813 praesulibus
2027 1745 2155 1791 vota
2194 1734 2453 1792 dicuntur
2478 1736 2621 1801 fieri,

441 1829 702 1904 populari
728 1832 972 1903 quadam
999 1833 1272 1905 loquendi
1299 1838 1549 1904 ratione3
1581 1856 1706 1909 quae
1734 1846 1922 1893 tamen
1962 1836 2039 1892 ita
2076 1833 2403 1909 accipienda
2428 1843 2533 1900 est,
2562 1843 2624 1890 ut

439 1944 530 1982 res
557 1931 840 2003 promissa
865 1933 940 1989 sit
965 1932 1272 2008 implenda,
1303 1937 1364 1992 in
1391 1935 1504 1992 Dei
1531 1937 1830 2003 honorem,
1871 1936 2002 2011 ipso
2028 1932 2251 1989 vindice
2276 1932 2467 1990 futuro
2494 1931 2624 1989 fidei

443 2024 652 2094 fractae,
699 2030 749 2085 si
792 2030 1233 2105 promissionem
1285 2035 1584 2111 contigerit
1624 2034 1843 2092 violari.
1928 2040 1969 2068 “
1993 2030 2273 2098 Votum‚”
2320 2032 2506 2104 inquit
2557 2031 2621 2087 S.

446 2124 726 2208 Thomas,
777 2129 945 2187 “soli
986 2129 1116 2187 Deo
1162 2132 1258 2188 fit:
1285 2108 1405 2190 'sed
1441 2135 1748 2209 promissio
1788 2133 1956 2190 etiam
1995 2139 2185 2206 potest
2221 2131 2346 2187 fieri
2388 2131 2625 2187 homini.

446 2221 526 2279 Et
559 2224 686 2299 ipsa
727 2228 1032 2302 promissio
1067 2230 1202 2288 boni
1242 2250 1366 2302 quae
1408 2231 1474 2289 fit
1509 2231 1751 2299 homini,
1795 2240 1984 2307 potest
2021 2227 2223 2286 cadere
2250 2229 2357 2285 sub
2382 2237 2535 2295 voto,
2566 2228 2625 2286 in

450 2332 720 2391 quantum
747 2337 838 2382 est
861 2326 1148 2397 quoddam
1187 2348 1332 2404 opus
1359 2331 1694 2404 virtuosum.
1778 2330 1859 2387 Et
1884 2348 1985 2405 per
2024 2328 2176 2384 hunc
2206 2326 2441 2384 modum
2467 2327 2628 2384 intel-

445 2417 740 2493 ligendum
768 2432 856 2479 est
879 2433 1072 2481 votum
1099 2445 1214 2503 quo
1243 2428 1370 2497 quis
1399 2440 1567 2485 vovet
1604 2428 1818 2500 aliquid
1855 2428 2094 2493 sanctiS,
2122 2425 2214 2483 vel
2252 2426 2525 2502 praelatis:
2570 2438 2631 2483 ut

447 2516 576 2591 ipsa
603 2520 908 2594 promissio
935 2521 1082 2579 facta
1105 2526 1316 2581 sanctis
1344 2526 1434 2582 vel
1461 2527 1704 2600 praelatis
1745 2525 1907 2582 cadat
1930 2526 2034 2582 sub
2074 2535 2207 2581 voto
2248 2526 2625 2591 materialiter,

449 2615 508 2672 in
538 2628 810 2689 quantum
836 2620 1056 2677 scilicet
1081 2621 1254 2680 homo
1283 2632 1450 2680 vovet
1474 2624 1605 2681 Deo
1644 2642 1705 2680 se
1732 2623 2094 2697 impleturum
2124 2621 2277 2692 quod
2304 2623 2513 2678 sanctis
2540 2624 2632 2679 vel

449 2716 692 2791 proelatis
721 2716 1094 2792 promittit.”²
1171 2720 1240 2778 In
1280 2721 1393 2779 Dei
1433 2732 1619 2780 autem
1662 2723 1938 2779 honorem
1980 2720 2187 2777 cedunt
2214 2728 2345 2776 vota
2365 2738 2484 2776 non
2515 2728 2633 2778 tan-

448 2822 568 2871 tum
595 2817 669 2873 ob
696 2834 816 2874 rem
848 2817 1247 2895 peragendam,
1277 2821 1379 2878 sed
1408 2823 1482 2878 ob
1523 2821 1867 2880 voluntatem
1897 2820 2121 2895 penitus
2150 2817 2490 2884 adstrictam,
2520 2836 2633 2890 qua

450 2910 624 2969 homo
653 2914 760 2972 sibi
788 2914 968 2973 aufert
989 2916 1298 2975 libertatem
1313 2920 1573 2977 mutandi
1595 2912 2001 2996 propositum.³
2068 2926 2107 2953 “
2124 2916 2371 2993 Subjicit
2395 2917 2548 2973 enim
2570 2936 2632 2974 se

451 3008 582 3067 Deo
623 3030 740 3069 non
778 3014 966 3072 solum
1003 3027 1274 3087 quantum
1315 3017 1384 3073 ad
1421 3029 1627 3087 actum,
1658 3017 1760 3076 sed
1799 3017 1969 3074 etiam
1995 3026 2264 3089 quantum
2294 3016 2363 3073 ad
2391 3024 2633 3091 potesta-

452 3117 588 3175 tem,
618 3110 752 3182 quia
779 3110 848 3169 de
875 3123 1076 3171 caetero
1103 3135 1218 3173 non
1248 3124 1434 3192 potest
1459 3117 1610 3175 aliud
1640 3119 1861 3176 facere:
1906 3116 2052 3173 sicut
2090 3114 2219 3191 pius
2251 3114 2409 3171 daret
2432 3114 2628 3182 homo,

451 3207 550 3279 qui
575 3208 734 3267 daret
757 3213 1012 3271 arborem
1041 3232 1168 3272 cum
1201 3216 1492 3284 fructibuS‚
1523 3237 1694 3289 quam
1722 3218 1824 3290 qui
1852 3214 2011 3273 daret
2048 3216 2102 3272 ei
2144 3214 2359 3271 fructus
2396 3223 2630 3281 tantum,

454 3317 517 3362 ut
541 3305 678 3366 dicit
704 3310 1011 3369 Anselmus
1041 3313 1100 3370 in
1125 3314 1272 3372 libro
1299 3314 1370 3371 de
1397 3307 1965 3374 similitudinibus.”⁴
2506 3297 2517 3303 ⁷

528 3409 628 3463 21.
674 3408 811 3465 Voti
837 3413 1068 3469 nomine
1098 3415 1251 3470 venit
1285 3432 1399 3471 non
1428 3416 1694 3485 quaelibet
1720 3415 1924 3472 mentis
1964 3412 2230 3488 cogitatio
2258 3409 2327 3466 de
2353 3410 2505 3466 bono
2533 3428 2632 3465 ex-

453 3505 714 3575 equendo
746 3508 805 3564 in
840 3507 954 3567 Dei
992 3510 1368 3582 obsequium3
1409 3531 1514 3569 nec
1553 3514 1740 3569 solum
1782 3511 1958 3568 animi
1999 3508 2373 3582 propositum,
2410 3506 2635 3563 firmum

452 3600 584 3659 licet
609 3613 665 3660 et
690 3615 936 3663 certum:
967 3606 1069 3663 sed
1098 3610 1422 3682 promissio,
1450 3619 1639 3667 mente
1667 3611 1887 3675 saltem,
1920 3607 2253 3681 plerumque
2282 3620 2442 3667 voce,
2469 3602 2634 3669 facta,

457 3718 569 3771 qua
609 3720 671 3757 se
712 3705 842 3773 quis
881 3704 1002 3761 vult
1038 3706 1286 3781 obligare
1327 3706 1395 3762 ad
1423 3706 1637 3777 aliquid
1663 3704 2018 3763 faciendum:
2060 3700 2425 3777 “promissio
2454 3708 2641 3757 autem

456 3799 714 3873 procedit
738 3818 811 3857 ex
838 3804 1134 3878 proposito
1161 3803 1437 3861 faciendi:
1480 3805 1835 3879 propositum
1862 3810 2053 3858 autern
2092 3800 2337 3869 aliquam
2367 3797 2643 3856 delibera-

455 3896 670 3953 tionem
709 3901 1028 3976 praeexigit,
1057 3920 1186 3959 cum
1235 3903 1310 3958 sit
1334 3911 1488 3960 actus
1513 3902 1815 3959 voluntatis
1842 3900 2181 3957 deliberatae.
2220 3900 2228 3909 '
2266 3896 2365 3953 Sic
2404 3916 2541 3976 ergo
2567 3896 2638 3954 ad

456 4004 650 4050 votum
689 3998 796 4053 tria
837 4016 912 4054 ex
951 4001 1286 4057 necessitate
1325 4000 1718 4070 requiruntur:
1762 4000 1950 4075 primo
1991 3996 2224 4069 quidem
2263 3994 2635 4053 deliberatio:

457 4091 732 4161 secundo,
761 4098 1116 4171 propositum
1145 4099 1485 4165 voluntatis;
1531 4100 1715 4165 tertio,
1745 4097 2075 4174 promissio,
2106 4096 2162 4153 in
2205 4113 2317 4166 qua
2355 4095 2644 4171 perficitur

466 4188 606 4245 ratio
635 4190 846 4249 voti.”⁵

536 4352 621 4414 (l)
659 4348 796 4397 Isaiae
819 4349 921 4397 xix.
945 4352 1026 4396 21.
1463 4351 1547 4414 (2)
1588 4352 1636 4396 2.
1660 4352 1707 4396 2.
1731 4364 1813 4411 qu.
1837 4346 2058 4396 lxxxviii.
2084 4352 2169 4394 art.
2192 4362 2237 4393 v.
2260 4344 2331 4395 ad
2352 4342 2573 4393 tertium.

538 4438 623 4500 (3)
663 4434 862 4492 Ibidem,
885 4440 969 4481 art.
993 4434 1056 4481 iv.
1082 4432 1231 4499 Κεφ.
1472 4434 1556 4499 (4)
1597 4432 1797 4491 Ibidem,
1821 4438 1894 4481 art
1915 4430 1979 4479 vi.
2005 4428 2154 4497 Κεφ.

530 4519 614 4588 (5)
655 4518 852 4577 Ibidem,
877 4526 960 4567 art.
988 4518 1018 4566 i.
1045 4517 1193 4583 Resp-
