3117 5217
1274 561 1386 623 DE
1430 563 1522 620 ΙΝ
1526 562 1563 620 J
1572 563 1792 622 UfflA.
2547 566 2626 623 98

448 732 567 790 lum
614 732 954 795 sacramenti
1004 732 1261 804 quolibet
1303 730 1555 790 hominis
1603 742 1906 807 praecepto.
1992 729 2165 788 Circa
2209 749 2278 788 ea
2321 728 2456 788 vero
2503 749 2628 803 quae

450 832 610 888 aliter
634 831 854 892 homini
895 833 999 894 sub
1028 841 1245 889 secreto
1284 833 1733 898 committuntur,
1761 819 2220 906 distinguendum
2248 839 2354 886 est.
2439 830 2633 896 Quan-

446 930 632 1004 doque
658 932 815 990 enim
842 943 977 990 sunt
1003 931 1150 998 talia,
1172 951 1301 1004 quae
1328 933 1514 990 statim
1543 951 1674 988 cum
1697 930 1766 989 ad
1793 930 2044 999 notitiam
2075 929 2326 988 hominis
2347 931 2626 997 venerint,

448 1029 621 1088 homo
666 1050 737 1088 ea
780 1031 1139 1088 manifestare
1188 1041 1436 1090 tenetur:
1482 1043 1620 1106 puta
1671 1031 1720 1088 si
1765 1030 2051 1105 pertinent
2088 1029 2156 1086 ad
2203 1030 2626 1104 corruptionem

446 1129 821 1188 multitudinis
847 1130 1197 1207 spiritualem
1225 1132 1316 1188 vel
1342 1130 1718 1206 corporalem,
1747 1131 1838 1186 vel
1877 1130 1934 1186 in
1962 1148 2132 1206 grave
2159 1128 2430 1186 damnum
2459 1129 2630 1186 alicu·

439 1228 539 1302 jus
567 1247 849 1302 personae‚
881 1229 969 1286 vel
1010 1230 1063 1297 si
1102 1229 1239 1301 quid
1280 1230 1432 1288 aliud
1476 1240 1566 1286 est
1600 1227 1952 1304 hujusmodi,
1981 1227 2138 1300 quod
2163 1229 2292 1300 quis
2333 1229 2630 1302 propalare

446 1335 667 1386 tenetur
706 1327 797 1384 vel
839 1320 1211 1394 testificandO,
1258 1329 1350 1386 vel
1390 1327 1791 1389 denuntiando.
1876 1326 1958 1384 Et
1995 1337 2190 1384 contra
2227 1327 2338 1384 hoc
2377 1324 2626 1384 debitum

446 1424 687 1500 obligari
720 1445 838 1484 non
879 1435 1065 1504 potest
1102 1445 1206 1502 per
1244 1430 1449 1484 secreti
1488 1427 1893 1485 commissum:
1939 1428 2072 1499 quia
2096 1427 2155 1483 in
2198 1426 2308 1484 hoc
2348 1426 2630 1502 frangeret

447 1523 623 1582 fidem
652 1544 826 1597 quam
852 1525 1010 1582 alteri
1036 1525 1222 1582 debet.
1307 1527 1664 1599 Quandoque
1691 1523 1826 1584 vero
1867 1535 2002 1582 sunt
2039 1525 2169 1582 talia
2194 1543 2318 1596 quae
2347 1526 2476 1596 quis
2504 1543 2630 1600 pro·
2713 1599 2718 1604 ι

446 1621 583 1680 dere
608 1642 724 1683 non
754 1634 995 1691 tenetur,
1038 1624 1189 1684 unde
1216 1635 1405 1701 potest
1429 1625 1667 1702 obligari
1695 1643 1767 1682 ex
1807 1624 1938 1692 hoc,
1967 1623 2118 1696 quod
2147 1623 2256 1682 sibi
2282 1625 2388 1681 sub
2414 1635 2630 1682 secreto

448 1723 908 1782 committuntur:
952 1735 1009 1781 et
1036 1739 1170 1782 tunc
1195 1724 1353 1782 nullo
1380 1725 1553 1782 modo
1577 1734 1798 1783 tenetur
1822 1743 1888 1780 ea
1915 1723 2174 1799 prodere,
2191 1723 2362 1780 etiam
2391 1742 2465 1780 ex
2493 1741 2632 1798 prae-

446 1831 609 1896 cepto
648 1823 993 1899 superioris:
1038 1824 1174 1896 quia
1218 1842 1443 1880 servare
1488 1823 1662 1882 fidem
1705 1833 1794 1880 est
1829 1821 1901 1879 de
1930 1823 2062 1898 jure
2101 1823 2362 1880 naturali.
2467 1823 2634 1884 Nihil

446 1930 631 1992 autem
660 1932 849 1998 potest
873 1923 1104 1999 praecipi
1130 1923 1590 1982 homini·contra
1629 1923 1687 1980 id
1715 1922 1869 1994 quod
1903 1931 1992 1978 est
2017 1921 2089 1978 de
2121 1923 2254 1998 jure
2295 1918 2631 1981 naturali.’‘1

446 2020 561 2085 Qui
588 2024 959 2080 consuluntur
985 2023 1140 2080 nulla
1178 2023 1382 2080 secreti
1422 2023 1760 2098 obligatione
1803 2021 2093 2097 imposita,
2125 2041 2230 2079 nec
2257 2039 2492 2080 munere
2521 2040 2630 2080 suo

444 2120 513 2176 ad
540 2118 596 2175 id
623 2123 853 2189 astricti,
883 2122 1091 2180 debent
1114 2140 1313 2179 cavere
1343 2141 1413 2180 ne
1440 2123 1640 2180 notitia
1668 2130 1891 2178 utantur
1916 2123 1976 2178 in
2005 2121 2423 2178 consulentium
2452 2120 2620 2178 detri-

446 2229 699 2277 mentum
723 2241 738 2287 ;
783 2230 1085 2278 censentur
1120 2221 1275 2278 enim
1316 2240 1383 2278 ea
1429 2221 1884 2281 communicasse
1931 2238 1998 2276 ea
2041 2217 2366 2278 conditione
2413 2229 2478 2276 ut
2521 2220 2629 2276 sibi

447 2337 563 2375 non
591 2332 876 2378 noceatur.
921 2321 1021 2378 Sic
1050 2320 1343 2395 Superior,
1368 2323 1462 2379 cui
1483 2330 1774 2392 tamquam
1798 2319 1982 2378 amico
2005 2317 2210 2390 aliquis
2237 2316 2436 2394 pandit
2457 2319 2648 2376 animi

449 2419 539 2475 sui
566 2437 787 2487 arcana,
816 2439 927 2478 non
958 2419 1125 2478 debet
1150 2421 1219 2478 iis
1246 2421 1329 2478 uti
1356 2422 1414 2478 in
1442 2421 1570 2496 ejus
1597 2419 2017 2478 detrimentum.

534 2521 665 2573 124.
709 2519 774 2574 Si
800 2519 1069 2578 damnum
1094 2513 1584 2594 graveimmineat
1608 2519 1854 2576 servanti
1883 2527 2183 2580 secretum,
2214 2517 2408 2590 plures
2433 2514 2631 2573 dicunt

449 2633 582 2672 eum
612 2636 780 2692 posse
808 2619 944 2676 illud
971 2619 1241 2684 revelare,
1262 2632 1369 2674 nec
1397 2612 1551 2674 enim
1573 2627 1838 2674 censetur
1855 2616 2107 2673 voluisse
2135 2632 2198 2668 se
2225 2614 2472 2688 obligare
2499 2633 2631 2670 cum

451 2723 603 2772 tanto
631 2703 719 2774 sui
758 2719 1104 2794 gravamine.
1187 2715 1336 2774 Illud
1376 2715 1786 2774 admittendum
1815 2713 2055 2779 videtur,
2084 2711 2283 2768 saltem
2311 2710 2540 2782 quando
2565 2711 2636 2768 de

450 2815 562 2870 vita
589 2817 789 2891 agitur,
819 2819 1129 2892 praesertim
1157 2818 1209 2875 si
1248 2815 1485 2874 credens
1532 2824 1816 2874 secretum
1859 2829 1991 2872 eum
2031 2813 2092 2880 in
2131 2809 2436 2868 discrimen
2466 2810 2635 2872 veluti

450 2913 728 2990 injecerit.

535 3017 667 3070 125.
710 3014 1003 3074 Secretum
1034 3017 1090 3072 vi
1119 3014 1385 3071 fraudeve
1412 3025 1697 3072 extortum
1726 3014 2044 3071 nullatenus
2084 3010 2223 3068 licet
2247 3009 2520 3076 revelare,
2549 3010 2633 3066 in-

442 3112 594 3185 juria
644 3114 798 3171 enim
838 3114 957 3190 jam
1002 3114 1153 3171 illata
1206 3124 1458 3189 augetur,
1506 3123 1564 3170 et
1606 3113 1960 3170 continuatur
2010 3111 2150 3170 illud
2194 3108 2630 3168 manifestandO.

454 3209 624 3274 Quod
650 3212 699 3269 si
727 3213 841 3268 vita
868 3213 995 3284 quis
1022 3213 1367 3288 periclitetur
1391 3221 1672 3270 secretum
1693 3212 1991 3277 servando,
2013 3210 2153 3269 illud
2174 3229 2308 3267 vero
2329 3207 2633 3266 revelando

452 3309 685 3368 alterum
714 3311 772 3367 in
795 3313 921 3368 vitoe
942 3311 1248 3370 discrimen
1270 3311 1523 3378 adducat,
1550 3313 1714 3369 variae
1743 3323 1878 3370 sunt
1897 3311 2290 3386 theologorum
2309 3309 2626 3367 sententiae.

452 3408 516 3464 S.
548 3409 883 3484 Alphonsus
912 3405 1128 3468 Maria²
1152 3421 1349 3468 censet
1381 3411 1550 3469 licere
1591 3410 1731 3469 illud
1774 3411 2044 3476 revelare,
2073 3411 2122 3466 si
2161 3428 2254 3466 res
2288 3410 2412 3484 jam
2439 3427 2510 3466 eo
2538 3407 2632 3464 de·

450 3506 617 3564 ducta
642 3508 733 3573 sit,
762 3518 825 3569 ut
848 3510 1101 3568 notitiam
1128 3511 1283 3568 illam
1311 3512 1437 3582 quis
1466 3511 1766 3582 exquirere
1793 3509 1976 3586 possit
1999 3509 2050 3564 ui
2077 3527 2145 3565 ea
2169 3517 2415 3564 careret:
2447 3525 2516 3562 v:
2547 3525 2584 3581 g
2607 3525 2621 3561 ι

451 3607 501 3663 si
530 3625 603 3662 ex
629 3607 907 3682 adjunctis
936 3611 1063 3681 quis
1091 3609 1385 3668 duceretur
1410 3609 1479 3666 ad
1506 3628 1633 3667 eam
1661 3607 2092 3681 exquirendam,
2121 3605 2257 3678 quia
2283 3622 2468 3660 rerum
2496 3621 2632 3662 con·

460 3704 672 3762 ditione
700 3716 910 3764 mutata
934 3708 1140 3785 injuria
1164 3728 1283 3767 non
1319 3709 1384 3766 fit
1422 3728 1487 3765 ea
1529 3708 1762 3766 utendo.
1847 3707 2030 3762 Secus
2064 3710 2347 3778 peccatur,
2377 3703 2510 3774 quia
2541 3702 2638 3780 jus

451 3804 773 3877 inquirendi
799 3825 914 3865 non
942 3806 1193 3875 habetur,
1222 3808 1614 3866 deficientibus
1643 3805 1868 3862 aliunde
1897 3801 2144 3860 indiciis,

537 3907 669 3961 126.
714 3906 829 3972 Qui
856 3916 1134 3964 secretum
1165 3909 1221 3964 vi
1246 3907 1338 3964 vel
1364 3905 1558 3964 fraude
1581 3903 1923 3978 expiscetur,
1947 3903 2163 3978 peccati
2190 3919 2263 3958 ex
2289 3919 2496 3976 genere
2525 3919 2632 3960 suo

454 4005 703 4060 mortalis
730 4024 861 4062 reus
888 4014 993 4073 est,
1022 4007 1414 4076 unusquisque
1458 4005 1612 4060 enim
1646 4003 1742 4079 jus
1769 4002 1943 4061 habet
1981 4021 2083 4060 sua
2123 4001 2234 4060 sibi
2259 4001 2521 4058 servandi
2549 4019 2632 4058 ar-

456 4119 613 4158 eana.
699 4103 855 4162 Hinc
892 4105 1102 4162 litteras
1146 4105 1374 4161 alterius
1418 4104 1658 4179 aperire,
1703 4103 1794 4178 vel
1821 4113 2042 4180 apertas
2092 4102 2301 4179 legere,
2331 4100 2423 4159 vel
2457 4100 2632 4157 libros

457 4202 557 4271 qui
584 4203 643 4258 in
669 4204 881 4261 scrinio
906 4203 1283 4279 deponuntur,
1314 4202 1403 4260 vel
1431 4203 1539 4259 alia
1565 4212 1780 4260 secreta
1817 4200 2005 4280 legere
2047 4220 2162 4261 non
2187 4201 2342 4267 licet,
2371 4201 2507 4271 quia
2534 4197 2632 4256 do-

532 4406 616 4470 (l)
655 4404 708 4452 S.
731 4405 913 4454 Thom.
937 4408 985 4453 2.
1008 4409 1057 4458 2.
1080 4421 1161 4470 qu.
1178 4407 1282 4458 lxx.
1306 4413 1390 4454 art.
1414 4406 1446 4454 i.
1516 4403 1603 4454 Ad
1619 4405 1910 4456 secundum.
2085 4406 2173 4470 (ὓ)
2209 4401 2269 4452 L.
2290 4401 2358 4450 iii.
2381 4416 2430 4448 n.
2455 4400 2569 4446 969.
