3117 5217
455 504 568 559 188
1233 502 1344 561 DE
1391 502 1856 563 MONTIBUS.

1318 1072 1603 1134 CAPUT
1632 1074 1769 1133 vu.
1836 1140 1844 1147 ‚

1330 1290 1406 1329 DE
1448 1289 1773 1329 nonnum.

1036 1458 1086 1531 §.
1129 1456 1178 1515 1.
1262 1458 1358 1515 DE
1387 1476 1692 1516 uowrnms
1732 1476 2033 1515 ΡιΕΤΛί-ιε.

541 1630 676 1684 107.
733 1623 977 1683 Montes
1021 1625 1155 1681 dicti
1199 1635 1334 1681 sunt
1379 1625 1566 1681 acervi
1612 1625 1890 1700 pecuniae,
1938 1623 2227 1689 frumenti,
2287 1624 2378 1681 vel
2436 1642 2623 1681 rerum

441 1725 714 1783 aliarum:
757 1729 988 1782 montes
1005 1722 1258 1800 pietatis
1287 1732 1422 1780 sunt
1447 1723 1637 1793 acervi
1675 1721 2009 1800 hujusmodi
2047 1722 2107 1779 in
2134 1739 2448 1797 pauperum
2476 1722 2626 1780 leva-

440 1842 596 1881 men.
682 1823 765 1882 Ut
791 1820 994 1879 modus
1036 1830 1342 1897 poneretur
1384 1821 1713 1879 enormibus
1756 1821 2092 1879 Judaeorum
2130 1820 2343 1886 usuris,
2386 1820 2627 1878 instituti

439 1931 572 1979 sunt
590 1922 822 1997 publica
849 1919 1173 1977 auctoritate
1200 1929 1424 1977 montes
1451 1918 1808 1996 hujusmodi,
1839 1938 1913 1977 ex
1942 1919 2145 1992 quibus
2176 1927 2369 1975 mutua
2396 1917 2629 1976 dabatur

438 2019 684 2095 pecunia
723 2017 1087 2093 pauperibuS,
1131 2019 1371 2094 pignore
1413 2026 1670 2095 accept0,
1714 2017 1941 2095 adjecto
1986 2018 2157 2076 etiam
2200 2035 2371 2074 onere
2414 2014 2629 2075 denarii

441 2118 680 2193 singulis
721 2117 1014 2174 mensibus
1053 2115 1334 2183 solvendi,
1377 2126 1440 2175 ut
1477 2117 1756 2192 impensis
1800 2118 2207 2183 ministrorum,
2255 2126 2312 2173 et
2356 2115 2626 2173 custodiae

438 2216 744 2292 pignorum
771 2216 906 2273 satis
934 2214 1111 2272 fieret.
1197 2216 1260 2271 Si
1289 2216 1434 2274 intra
1461 2234 1673 2273 annum
1699 2217 1947 2292 pecunia
1971 2216 2085 2273 non
2114 2213 2463 2280 redderetur,
2492 2232 2626 2272 ven·

437 2314 714 2371 debantur
739 2314 964 2388 publice
989 2313 1245 2388 pignora,
1269 2323 1326 2370 et
1351 2314 1520 2390 pretii
1539 2314 1686 2371 ultra
1712 2324 1921 2373 sortem
1944 2323 2003 2371 et
2028 2314 2321 2388 Impensas
2349 2330 2625 2370 excessus

436 2412 778 2469 reddebatur
801 2411 1038 2469 domino
1065 2402 1341 2487 pignoris,
1384 2412 1475 2469 vel
1515 2414 1882 2488 pauperibus,
1912 2414 1962 2469 si
1990 2413 2085 2475 ille
2110 2430 2227 2469 non
2265 2411 2624 2485 reperiretur.

437 2510 506 2569 In
534 2510 690 2568 Urbe
719 2511 911 2567 Veteri
939 2510 1189 2586 primum
1215 2512 1454 2568 instituti
1482 2521 1634 2579 sunt,
1664 2522 1721 2569 et
1744 2532 1777 2569 a
1803 2512 1913 2569 Pio
1934 2511 2038 2577 II.,
2068 2528 2217 2567 anno
2251 2512 2425 2577 1463,
2455 2510 2625 2567 Bulla

437 2610 642 2667 muniti
659 2603 706 2665 :²
745 2610 912 2666 variae
941 2618 1128 2667 tamen
1156 2610 1412 2667 excitatae
1449 2619 1585 2667 sunt
1610 2612 1957 2682 quaestiones
1981 2608 2054 2668 de
2081 2607 2307 2665 modica
2333 2608 2429 2665 illa
2454 2626 2625 2683 pecu·

435 2709 530 2764 nia
557 2728 682 2779 quae
711 2709 848 2765 sorti
869 2706 1273 2785 adjiciebatur3
1315 2704 1420 2765 sed
1437 2688 1707 2779 'aequitas,
1727 2709 1969 2785 justitia,
1994 2719 2052 2764 et
2074 2706 2399 2765 humanitas
2426 2706 2623 2783 hujus·

435 2806 591 2863 modi
617 2807 896 2864 montium
939 2805 1080 2863 adeo
1108 2806 1447 2873 claruerunt,
1489 2816 1552 2863 ut
1592 2807 1851 2863 conciliis
1890 2805 2261 2883 Lateranensi
2302 2804 2377 2862 V.
2408 2814 2465 2861 et
2491 2806 2623 2862 Tri·

434 2904 664 2960 dentino
705 2904 912 2961 fuerint
949 2905 1189 2983 probati.
1274 2903 1390 2960 Per
1414 2903 1716 2979 plerasque
1745 2904 1923 2963 Italiae
1964 2904 2132 2961 urbes
2172 2904 2254 2979 pii
2296 2903 2357 2962 hi
2396 2913 2618 2989 montes
2703 2933 2713 2942 ·

433 3003 609 3059 crecti
655 3010 805 3068 sunt,
852 3002 1068 3065 ‚civibus
1115 3000 1407 3059 ditioribus
1461 3004 1765 3078 pecuniam
1816 3003 1990 3061 simul
2034 3002 2475 3068 conferentibus,
2530 3002 2619 3059 vel

431 3100 724 3177 republica
750 3118 873 3157 eam
901 3098 1172 3175 largiente
1201 3109 1264 3155 ut
1307 3110 1499 3158 mutua
1538 3100 1880 3176 pauperibus
1921 3101 2041 3158 dari
2082 3111 2299 3175 posset.
2384 3100 2617 3157 Montes

421 3196 676 3277 profani
703 3196 974 3272 deinceps
1003 3198 1243 3253 instituti
1267 3207 1420 3265 sunt,
1449 3199 1695 3274 pecunia
1732 3199 1793 3256 in
1820 3199 2185 3256 necessitates
2214 3198 2464 3273 publicas
2504 3200 2619 3274 pri-

432 3306 701 3367 vatasque
755 3294 1009 3351 collecta.
1095 3293 1474 3352 conferentes
1517 3298 1817 3371 pecuniam
1864 3297 2007 3355 nihil
2057 3296 2203 3354 ultra
2248 3305 2465 3354 sortem
2510 3297 2621 3355 sibi

433 3394 568 3453 olim
609 3394 1045 3469 comparabant3
1089 3392 1191 3450 sed
1229 3394 1289 3451 in
1329 3395 1615 3452 montibus
1656 3396 1756 3467 qui
1794 3394 2061 3453 dicuntur
2100 3394 2287 3453 mix-ti
2326 3394 2617 3452 modicum

429 3494 742 3551 auctarium
799 3493 1056 3551 tribuitur
1093 3493 1308 3549 ratione
1347 3492 1538 3550 damni
1580 3495 1947 3569 emergentiS,
1996 3492 2086 3550 rel
2124 3494 2270 3551 lucri
2314 3495 2613 3551 cessantis.

433 3600 472 3627 “
495 3591 747 3650 Adducit
772 3591 841 3649 P.
874 3589 1136 3649 Concina
1161 3592 1369 3648 litteras
1397 3592 1563 3649 Pauli
1590 3592 1725 3659 ΙΙΙ.,
1747 3592 1782 3649 J
1790 3592 1889 3650 ulii
1914 3593 2048 3659 ΙΙΙ.,
2078 3601 2135 3649 et
2156 3592 2250 3649 Pii
2269 3592 2377 3649 IV.
2408 3593 2467 3649 in
2490 3593 2615 3664 qui-

429 3692 534 3748 bus
561 3692 618 3748 id
645 3690 993 3756 conceditur,
1035 3689 1135 3747 sed
1177 3709 1310 3747 cum
1352 3688 1441 3746 his
1482 3690 1933 3759 limitationibUS,
1974 3700 2035 3748 ut
2062 3690 2417 3766 deponentes
2443 3708 2615 3767 pecu-

428 3791 584 3864 niam
609 3789 668 3846 id
695 3788 899 3846 faciant
925 3790 1053 3846 zelo
1081 3785 1365 3846 charitatis
1393 3806 1525 3863 erga
1552 3807 1852 3864 pauperes,
1873 3799 1933 3847 et
1958 3778 2094 3847 alias
2124 3800 2343 3863 paratas
2364 3788 2606 3845 habeant

428 3888 759 3962 cmptiores,
787 3904 862 3943 ex
889 3887 1094 3957 quibus
1119 3887 1270 3943 licite
1297 3887 1499 3943 lucrari
1527 3881 1863 3961 posse-test

514 3987 648 4041 108.
667 3982 838 4057 Apud
861 4002 966 4040 nos
989 3984 1086 4055 qui
1105 3984 1342 4059 pignore
1363 3995 1599 4060 accepto
1618 3996 1871 4043 mutuam
1889 3984 2025 4042 dant
2044 3985 2372 4061 pecuniam,
2392 3992 2617 4042 montes

427 4091 660 4139 eatenus
688 4081 1010 4146 imitantur3
1053 4080 1153 4137 sed
1180 4100 1283 4156 pro
1310 4081 1538 4141 modico
1568 4084 1814 4140 auctario
1847 4101 2075 4142 usuram
2106 4100 2374 4159 magnam
2406 4083 2616 4158 accipi-

498 4267 582 4331 (1)
621 4264 747 4312 Vide
769 4264 1008 4313 montium
1032 4264 1265 4326 originem
1287 4272 1335 4314 et
1355 4274 1577 4317 naturam
1600 4268 1704 4317 fiisc
1726 4266 2015 4332 explicatam
2032 4284 2061 4317 a
2083 4268 2141 4317 P.
2165 4268 2224 4317 F.
2251 4266 2397 4317 Zech.
2412 4280 2440 4313 c
2474 4266 2526 4313 S.
2550 4264 2581 4313 J
2587 4299 2600 4313 .

425 4349 634 4401 Dissert.
656 4350 705 4398 ii.
729 4349 806 4397 De
829 4348 1086 4401 Montibus
1111 4351 1340 4403 Pietatis.

498 4436 578 4499 (2)
615 4433 668 4481 S.
691 4433 976 4497 Alphonsus
999 4435 1030 4483 1.
1053 4434 1120 4483 iii.
1143 4451 1193 4483 n.
1220 4438 1334 4484 765.
