3117 5217
491 552 602 607 166
889 546 1002 607 DE
1049 544 1504 605 EMPTIONE
1547 544 1665 603 ET
1704 541 2271 603 VENDITIONE.

479 718 666 775 buerit
690 712 1130 793 hypothecam,¹
1169 717 1262 774 vel
1301 717 1416 774 nisi
1457 716 1617 791 prius
1658 712 1885 771 vendita
1908 714 1985 771 sit
2020 712 2324 781 Ecclesiae,
2360 720 2455 769 aut
2492 728 2674 767 causae

477 816 608 891 piae,
637 834 785 888 quae,
805 816 938 892 jure
963 834 1232 882 caesareo,
1261 813 1581 873 dominium
1608 814 1819 885 absque
1852 811 2149 869 traditione
2176 805 2469 884 aequirit.²
2548 807 2667 867 Ha-

477 915 570 971 bet
613 915 768 989 prior
807 924 1032 990 emptor
1075 890 1354 971 actionem
1387 915 1447 971 in
1487 912 1858 978 venditorem,
1894 920 1959 968 ut
1999 909 2211 969 damna
2260 928 2336 968 ex
2380 916 2667 965 contractu

478 1012 688 1070 violato
713 1012 768 1069 ei
794 1022 1163 1089 compenset:
1193 1021 1382 1087 potest
1403 1013 1575 1069 etiam
1602 1028 1723 1068 rem
1752 1028 1787 1065 a
1808 1008 2067 1067 secundo
2090 1018 2347 1084 emptore
2386 1007 2668 1072 evincere,

481 1112 532 1167 si
557 1111 820 1167 conscius
847 1113 1050 1186 prioris
1091 1120 1412 1169 contractus
1451 1110 1671 1167 emerit.
1754 1106 1821 1164 Si
1846 1107 2131 1165 secundus
2170 1116 2393 1183 emptor
2417 1102 2669 1161 vendito-

479 1226 600 1267 rem
625 1208 916 1266 induxerit
939 1209 1012 1267 ad
1037 1210 1144 1267 sibi
1166 1208 1552 1275 vendendum,
1582 1226 1753 1263 causa
1780 1205 1975 1264 damni
2000 1207 2177 1282 priori
2202 1205 2446 1281 emptori
2466 1204 2591 1270 fuit,
2612 1212 2670 1258 et

481 1306 552 1364 ad
580 1307 718 1364 illud
743 1308 1119 1384 reparandum
1146 1309 1444 1385 obligatur.

563 1410 660 1463 58.
704 1407 822 1471 Qui
861 1424 1080 1465 merces
1120 1406 1452 1473 adulterant,
1481 1405 1581 1484 (νε
1626 1424 1695 1481 g:
1740 1422 1947 1477 aquam
1988 1404 2125 1462 vino
2162 1398 2535 1477 immiscent,)
2570 1418 2669 1459 ne-

483 1516 700 1575 queunt
725 1506 965 1580 pretium
995 1506 1249 1581 exigere,
1278 1505 1430 1577 quod
1463 1524 1567 1580 pro
1594 1504 1663 1561 iis
1694 1504 1851 1578 puris
1878 1503 2135 1559 solvitu‘r.
2202 1500 2351 1559 Illud
2377 1510 2667 1571 tamquam

482 1603 756 1679 injustum
783 1605 1086 1679 exprobrat
1110 1614 1264 1663 vates
1295 1603 1760 1677 Hierosolymis:
1810 1610 1849 1637 ‘⁴
1870 1600 2083 1659 Vinum
2115 1611 2271 1658 tuum
2306 1600 2547 1656 mixtum
2582 1604 2671 1653 est

483 1694 726 1773 aqua.”³
807 1702 976 1768 Quod
1015 1704 1066 1759 si
1104 1722 1225 1761 rem
1263 1706 1496 1761 noxiam
1537 1702 1835 1768 misceant,
1866 1700 1955 1757 vel
1996 1701 2133 1757 alias
2172 1698 2409 1757 reddant
2444 1712 2667 1753 merces

479 1800 854 1873 perniciosae,
883 1802 972 1857 vel
998 1802 1248 1867 inutiles,
1278 1803 1520 1878 graviter
1545 1810 1805 1875 peccant,
1834 1809 1891 1855 et
1916 1799 1985 1855 ad
2026 1803 2235 1855 damna
2260 1797 2393 1855 inde
2433 1804 2555 1853 orta
2578 1811 2666 1850 re-

477 1899 773 1955 sarcienda
801 1908 1079 1957 tenentur.
1142 1900 1300 1958 Hinc
1325 1900 1599 1982 gravioris
1619 1899 1838 1974 peccati
1866 1907 2001 1954 sunt
2025 1897 2127 1963 rei,
2158 1899 2257 1969 qui
2284 1893 2661 1967 quaerentibus

480 1996 676 2053 vinum
705 1997 775 2054 ad
804 1998 1046 2055 Missam
1089 1997 1501 2063 celebrandam,
1541 1995 1683 2054 illud
1720 1995 1865 2053 adeo
1904 1995 2273 2053 adulteratum
2308 1994 2577 2069 praebent,
2604 2000 2669 2047 ut

486 2094 560 2151 de
585 2095 850 2153 sacrificii
876 2096 1070 2154 valore
1093 2097 1168 2153 sit
1191 2095 1585 2161 dubitandum,
1614 2096 1689 2152 ob
1726 2094 2095 2152 substantiam
2136 2094 2253 2152 vini
2290 2093 2668 2149 deficientem.

489 2193 648 2250 Vitia
673 2193 796 2251 haec
833 2212 1022 2252 rerum
1061 2214 1188 2267 quae
1228 2196 1540 2271 perniciem
1582 2192 1841 2261 afferunt,
1870 2193 1961 2249 vel
2006 2210 2103 2249 eas
2144 2192 2372 2249 inutiles
2409 2189 2669 2253 reddunt,

488 2291 747 2349 venditor
771 2292 938 2349 debet
961 2295 1207 2368 emptori
1233 2293 1517 2370 detegere,
1547 2311 1621 2348 ne
1648 2292 1918 2349 damnum
1946 2291 2079 2349 inde
2106 2293 2348 2348 oriatur:
2400 2298 2439 2323 ‘⁴
2457 2286 2674 2345 Vendi-

489 2400 577 2447 tor
601 2391 832 2448 autem”
869 2391 1053 2463 inquit
1089 2393 1154 2449 S.
1197 2392 1480 2460 Thomas,
1525 2392 1685 2463 “qui
1723 2409 1843 2448 rem
1884 2389 2240 2447 vendendam
2281 2388 2569 2465 proponit,
2598 2404 2673 2442 ex

487 2488 598 2545 hoc
625 2489 754 2565 ipso
781 2488 876 2545 dat
899 2492 1144 2567 emptori
1171 2490 1361 2548 damni
1387 2490 1478 2548 vel
1505 2490 1745 2566 periculi
1772 2490 2155 2555 occasionem,
2184 2487 2337 2559 quod
2362 2506 2483 2544 rem
2510 2485 2674 2543 vitio-

491 2605 614 2643 sam
641 2588 697 2646 ei
721 2587 908 2657 offert,
939 2590 987 2646 si
1015 2609 1089 2648 ex
1115 2591 1240 2667 ejus
1267 2590 1406 2648 vitio
1433 2590 1725 2656 damnum,
1752 2588 1843 2645 vel
1882 2588 2195 2663 periculum
2232 2588 2519 2644 incurrere
2546 2600 2675 2659 pos-

487 2682 660 2741 sit.”⁴
741 2686 859 2743 Sed
904 2690 1238 2765 plerumque
1283 2686 1412 2746 non’
1436 2698 1657 2745 tenetur
1694 2687 1765 2743 ad
1817 2687 1957 2744 alios
2010 2666 2347 2761 aperiendos
2398 2682 2674 2741 mercium

489 2784 766 2853 defectus,
795 2786 845 2841 si
873 2788 1116 2861 pretium
1147 2786 1440 2844 dumtaxat
1455 2788 1677 2862 Justum
1704 2784 1962 2860 accipiat,
1982 2802 2189 2855 resque
2210 2783 2521 2841 inserviant
2544 2778 2675 2837 usui

489 2883 560 2940 ad
588 2902 760 2954 quem
786 2893 1070 2958 petuntur.

573 2985 671 3037 59.
714 2981 964 3058 Emptor
989 2983 1196 3041 mercis
1223 2985 1490 3041 virtutem
1531 2984 1641 3041 sibi
1678 2993 1893 3048 notam,
1922 2981 2203 3039 venditori
2240 2979 2373 3037 vero
2401 2981 2675 3055 ignotam,

489 3098 606 3137 non
633 3090 854 3137 tenetur
877 3081 1176 3157 detegere:
1205 3083 1309 3140 sed
1335 3083 1470 3139 satis
1497 3092 1585 3138 est
1608 3082 1659 3138 si
1688 3082 1929 3159 pretium
1970 3081 2232 3138 infimum
2272 3079 2523 3136 solverit.
2607 3075 2675 3131 Si

492 3178 576 3235 rei
623 3178 798 3234 virtus
845 3178 1013 3256 vulgo
1059 3180 1371 3255 ignoretur,
1417 3198 1535 3237 non
1586 3181 1809 3238 videtnr
1848 3178 2173 3257 culpandus
2218 3179 2315 3250 qui
2368 3195 2494 3233 eam
2544 3173 2685 3231 emit

491 3277 686 3347 quanti
716 3275 868 3351 apud
893 3279 1195 3353 plerosque
1235 3279 1566 3347 aestimatur,
1596 3281 1700 3337 etsi
1728 3280 1853 3354 ipse
1894 3289 1951 3336 et
1990 3278 2085 3335 alii
2128 3277 2296 3352 pauci
2322 3294 2445 3333 earn
2487 3270 2679 3349 magni

490 3374 678 3431 valere
704 3378 986 3434 noverint.
1069 3377 1166 3433 Sic
1193 3378 1294 3449 qui
1317 3377 1524 3436 l-ibrum
1551 3388 1825 3446 veterem,
1856 3378 1949 3435 vel
1976 3380 2253 3453 picturam
2294 3377 2509 3447 absque
2545 3370 2679 3430 dolo

494 3473 680 3531 viliori
707 3474 889 3549 pretio
905 3476 1062 3542 emit,
1091 3484 1414 3535 excusatur.

574 3576 671 3629 60.
716 3571 996 3634 Venditor
1021 3594 1136 3633 non
1165 3585 1385 3633 tenetur
1411 3574 1482 3632 de
1522 3575 1824 3642 evictione,
1857 3572 2101 3653 (evictio
2140 3570 2345 3629 dicitur
2371 3572 2455 3629 rei
2484 3589 2682 3643 quam·

511 3673 642 3743 quis
669 3676 808 3731 emit
833 3674 902 3730 ab
929 3674 1130 3733 eodem
1160 3675 1422 3732 abductio
1462 3693 1567 3749 per
1606 3674 1941 3732 sententiam
1965 3668 2201 3749 judicis)
2230 3672 2342 3729 nisi
2366 3683 2488 3729 rem
2518 3690 2690 3742 quam

457 3772 654 3827 *novit
691 3790 820 3829 esse
865 3774 1106 3832 alienam
1155 3773 1486 3831 vendiderit.
1570 3771 1639 3829 In
1686 3773 1834 3849 agris
1880 3772 1972 3831 vel
2016 3768 2233 3831 aedibus
2278 3768 2681 3827 transferendis

489 3868 748 3926 venditor
773 3870 1074 3942 aliquando
1094 3872 1303 3948 obligat
1327 3891 1390 3929 se
1412 3871 1483 3929 ad
1505 3871 1730 3929 titulum
1750 3881 1943 3929 contra
1968 3888 2171 3928 omnes
2200 3868 2493 3927 tutandum
2517 3888 2534 3923 z
2564 3884 2679 3939 quo

497 3984 630 4022 casu
661 3967 732 4024 de
759 3969 1038 4027 evictione
1064 3964 1339 4028 tenetur.⁵

567 4105 660 4170 (1)
698 4103 759 4153 L.
783 4106 842 4155 δι’
863 4106 1085 4166 creditor,
1110 4112 1156 4166 ς.
1179 4108 1264 4155 fin.
1285 4107 1344 4158 de
1366 4107 1587 4159 distr-act.
1600 4108 1754 4177 pig-n.

573 4189 659 4253 (2)
700 4187 758 4236 L.
781 4189 866 4238 fin.
888 4190 948 4238 de
971 4190 1022 4241 S.
1044 4189 1153 4241 eccl.
1859 4196 1943 4260 (3)
1982 4194 2117 4243 Isaiae
2139 4194 2171 4242 i.
2195 4197 2277 4241 22.

573 4275 659 4339 (4)
700 4277 747 4321 2.
765 4277 814 4321 2.
835 4289 916 4337 qu.
939 4275 1107 4324 lxxvii.
1130 4282 1215 4324 art.
1237 4276 1302 4325 iii.
1372 4278 1522 4345 Κεφ.

569 4362 653 4426 (5)
701 4360 956 4409 Covenant
999 4359 1065 4427 os
1109 4359 1326 4410 Gener-al
1379 4362 1667 4431 Warranty.
1736 4364 2029 4426 Plerumque
2048 4404 2052 4411 .
2068 4369 2143 4411 est
2186 4361 2407 4425 specialis
2452 4359 2677 4421 obligatio

495 4445 684 4495 tutandi
706 4444 898 4493 titulum
921 4450 1087 4493 contra
1107 4460 1278 4493 omnes
1316 4447 1401 4510 qui
1434 4449 1494 4495 ab
1529 4448 1636 4511 ipso
1657 4448 1903 4496 venditore
1926 4464 1977 4496 se
1992 4449 2075 4513 jus
2096 4446 2307 4496 derivare
2329 4444 2680 4494 contenderint.

491 4529 680 4579 Dicitur
703 4526 904 4596 special
931 4529 1217 4596 Warranty.
