3117 5217
481 564 600 621 368
1271 556 1386 617 DE
1429 554 1875 617 CENSURIS.

478 736 658 797 munt,
685 725 834 793 data,
863 741 982 781 non
1007 732 1196 779 tamen
1221 723 1346 781 sola
1385 732 1575 783 mente
1614 734 1907 801 concepta,
1936 742 2067 782 nam
2096 724 2167 782 ad
2192 726 2452 801 regimen
2476 736 2664 783 exter·

485 846 623 887 num
653 825 934 903 pertinet3
975 821 1250 879 servanda
1275 832 1366 880 est
1387 824 1557 881 etiam
1582 824 1763 881 forma
1788 822 1857 881 ab
1873 822 2147 882 Ecclesia
2176 826 2527 902 praescripta.
2594 826 2666 883 ln

479 928 603 987 foro
641 922 892 983 interiori
931 930 1204 978 consueta
1241 921 1613 980 absolutionis
1652 921 1853 991 forma,
1894 922 2253 999 generalibus
2294 924 2479 981 verbis
2518 942 2657 983 con·

481 1036 664 1102 cepta,
693 1018 966 1081 servanda
997 1028 1104 1087 est,
1133 1023 1360 1092 quoties
1397 1021 1470 1079 de
1507 1023 2102 1081 excommunicatione
2135 1024 2357 1099 agitur:
2400 1030 2441 1059 ‘⁶
2462 1022 2666 1080 Domi-

481 1143 588 1185 nus
629 1130 820 1181 noster
855 1120 1030 1178 Jesus
1059 1117 1326 1178 Christus
1367 1130 1422 1179 te
1463 1120 1737 1187 absolvat,
1784 1132 1843 1178 et
1876 1138 1987 1198 ego
2015 1123 2340 1179 auctoritate
2384 1122 2568 1198 ipsius
2606 1132 2667 1179 te

481 1225 712 1283 absolvo
739 1222 808 1278 ab
833 1220 994 1277 omni
1031 1219 1264 1279 vinculo
1301 1218 1979 1278 excommunicationis.”
2064 1220 2240 1277 Nulla
2266 1222 2440 1278 verba
2464 1222 2663 1296 praeci-

483 1340 594 1402 pue
621 1320 992 1379 determinata
1017 1328 1152 1375 sunt
1175 1338 1280 1395 pro
1307 1318 1659 1378 absolutione
1688 1319 1756 1377 ab
1796 1318 2111 1386 interdicto,
2142 1319 2231 1376 vel
2258 1321 2665 1396 suspensione,

481 1421 586 1483 aed
613 1438 739 1493 quae
767 1416 1018 1476 adhiberi
1061 1419 1284 1495 possint
1325 1418 1383 1475 in
1423 1418 1635 1476 Rituali
1678 1416 1943 1477 Romano
1984 1428 2407 1495 proponuntur:
2452 1427 2493 1454 ‘⁶
2515 1420 2671 1477 Auc-

485 1522 704 1581 toritate
729 1516 872 1577 mihi
913 1518 982 1574 ab
1025 1517 1106 1574 N.
1137 1516 1355 1585 tradita,
1397 1536 1506 1594 ego
1545 1517 1781 1575 absolvo
1820 1526 1875 1573 te
1920 1536 1953 1573 a
1994 1516 2223 1576 vinculo
2263 1518 2669 1594 suspensionis

484 1619 602 1702 (vel
641 1614 946 1693 interdicti)
975 1634 1143 1689 quam
1195 1614 1315 1696 (vel
1353 1614 1534 1695 quod)
1579 1625 1813 1693 propter
1850 1609 1959 1673 tale
1998 1615 2209 1675 sactum
2240 1616 2359 1696 (vel
2394 1613 2655 1694 causam)

483 1718 766 1781 incurristi
810 1716 940 1796 (seu
1005 1716 1313 1773 incurrisse
1355 1713 1668 1773 declaratus
1708 1711 1819 1793 es).
1920 1716 1989 1773 In
2042 1718 2275 1773 nomino
2314 1716 2503 1774 Patris
2540 1716 2571 1777 ‘r
2610 1727 2673 1773 et

485 1820 620 1879 Filii
649 1828 705 1875 et
733 1816 980 1892 Spiritus
1009 1814 1226 1872 Sancti.
1269 1814 1524 1872 Am‘en.”
1609 1814 1678 1873 In
1706 1813 1831 1872 foro
1868 1815 2138 1873 exteriori
2178 1814 2363 1873 forma
2395 1816 2671 1889 specialis

479 1915 808 1977 absolvendi
841 1916 910 1971 ab
951 1914 1544 1972 excommunicatione
1586 1914 1963 1987 praescribitur
1984 1908 2033 1981 3¹
2072 1916 2130 1971 in
2158 1932 2270 1987 qua
2298 1924 2485 1973 tamen
2514 1915 2661 1973 ritus

487 2010 840 2094 percutiendi
885 2012 1088 2069 leviter
1126 2011 1426 2069 humerum
1467 2012 1721 2069 hominis
1749 2012 1909 2088 virga
1946 2012 2177 2071 difficile
2217 2015 2421 2089 poterit
2463 2032 2677 2071 execu-

483 2114 622 2174 tioni
649 2110 996 2193 demandari,
1023 2112 1100 2169 ob
1125 2128 1314 2168 mores
1344 2111 1599 2189 regionis
1636 2122 2051 2187 repugnantes:
2096 2114 2355 2185 quamvis
2382 2114 2672 2189 significa·

483 2216 695 2273 tionem
739 2212 1089 2287 aptissimam
1131 2208 1335 2267 habeat
1363 2211 1530 2287 juxta
1570 2210 2048 2285 illud-Apostoli:
2096 2220 2135 2247 ‘⁶
2159 2212 2314 2277 Quid
2342 2212 2559 2269 vultis?
2606 2214 2668 2270 in

483 2316 642 2389 virga
667 2312 892 2369 veniam
933 2310 1006 2367 ad
1041 2328 1144 2367 vos
1159 2304 1260 2365 ?”²
1333 2308 1774 2369 Percussionem
1814 2308 1961 2368 hanc
1986 2329 2061 2369 ex
2098 2312 2255 2388 justa
2280 2330 2453 2369 causa
2482 2312 2671 2369 omitti

483 2428 656 2488 posse
677 2407 846 2467 tradit
865 2402 1306 2466 Buseinbaum.³
1385 2408 1693 2466 Generalis
1720 2408 2005 2469 absolutio
2032 2412 2101 2468 ab
2134 2410 2553 2481 omni-vinculo
2572 2428 2677 2469 ex·

483 2509 1034 2575 communicationis„
1054 2508 1471 2583 suspensionis,
1499 2506 1573 2587 (si
1596 2508 1875 2583 poenitens
1898 2510 1971 2565 sit
1996 2506 2265 2586 clericus)
2286 2518 2343 2566 et
2360 2510 2671 2578 interdicti,

479 2628 711 2685 semper
753 2607 915 2665 datur
953 2617 1082 2665 ante
1110 2608 1522 2665 absolutionem
1566 2594 1617 2663 a'
1638 2607 1907 2683 peccam,
1950 2608 2021 2665 ad
2059 2610 2357 2677 cautelam,
2402 2628 2475 2666 ne
2516 2610 2665 2668 sorte

481 2710 652 2767 lateat
677 2726 935 2774 censura,
963 2724 1090 2779 qua?
1119 2707 1304 2765 obstet
1328 2707 1506 2764 veniae
1533 2702 1949 2764 sacramentali.

565 2813 662 2865 52.
693 2806 866 2863 Valet
885 2805 1161 2862 absolutio
1188 2806 1258 2861 ab
1283 2824 1374 2872 eo,
1407 2806 1505 2876 qui
1534 2814 1813 2881 potestate
1841 2804 2109 2880 praeditus
2137 2816 2243 2873 est,
2272 2806 2403 2865 data
2427 2808 2669 2875 absenti,

429 2921 441 2932 ·
484 2906 584 2965 sed
625 2924 739 2962 non
781 2905 916 2961 licet
953 2906 1170 2976 absque
1209 2904 1433 2980 urgenti
1473 2922 1683 2971 causa;
1726 2924 1899 2977 quum
1942 2906 2224 2964 Ecclesiae
2264 2908 2669 2965 consuetudini

482 3006 840 3064 adversetur:
885 3002 1014 3061 ideo
1055 3024 1088 3060 a
1116 3002 1424 3078 Superiora
1465 3002 1713 3080 delegari
1754 3004 1901 3062 solet
1938 3003 2173 3061 facultas
2214 3005 2565 3073 absolvendi,
2594 3016 2661 3063 ut

478 3102 855 3164 absolvendus
901 3122 964 3159 se
1011 3103 1171 3159 sistat
1215 3122 1406 3160 coram
1451 3103 1755 3182 delegato:
1817 3103 1907 3160 vel
1954 3103 2263 3175 aliquando
2288 3106 2669 3163 'constituitur

478 3203 712 3278 speciali
741 3200 1003 3258 mandato
1043 3202 1292 3257 absentis
1335 3213 1685 3275 procurator,
1728 3204 1827 3274 qui
1868 3202 2103 3260 nomine
2127 3202 2283 3261 illius
2311 3213 2463 3281 petat
2500 3206 2669 3263 abso-

477 3301 774 3365 lutionem,
803 3307 862 3355 et
887 3296 1150 3353 mandata
1175 3300 1467 3374 suscipiat.

561 3402 658 3456 53.
703 3398 820 3463 Qui
847 3396 1104 3473 pluribus
1129 3396 1336 3474 ligatur
1361 3398 1639 3464 censuris,
1669 3407 1855 3475 potest
1898 3400 1967 3456 ab
2006 3420 2121 3459 una
2159 3402 2397 3468 absolvi,
2426 3403 2551 3460 aliis
2580 3420 2668 3459 re·

475 3500 642 3567 lictis,
673 3500 807 3571 quia
847 3507 983 3555 sunt
1021 3498 1250 3555 vincula
1287 3493 1579 3555 diversat⁴
1617 3498 1751 3555 hinc
1795 3509 1980 3575 potest
2022 3500 2261 3558 clericus
2304 3502 2523 3559 absolvi
2562 3520 2668 3559 ex-

478 3598 1008 3664 communicatione,
1055 3601 1192 3669 quin
1237 3596 1462 3655 desinat
1505 3599 1903 3674 suspensione,
1950 3618 2062 3670 qua
2104 3600 2181 3657 ob
2226 3601 2389 3658 aliam
2432 3620 2665 3659 causam

479 3698 726 3760 irretitus
751 3706 857 3764 est,
897 3696 1080 3773 ligari.
1164 3697 1464 3754 Absolutio
1487 3706 1674 3753 autem
1716 3698 1785 3753 ab
1823 3698 1983 3755 omni
2011 3698 2239 3756 vinculo
2268 3702 2668 3757 excommuni-

474 3798 714 3855 cationis
743 3796 870 3853 data
909 3798 978 3853 ab
1018 3814 1110 3863 e0,
1141 3797 1240 3868 qui
1267 3796 1436 3854 habet
1473 3794 1813 3863 facultatem,
1856 3796 2020 3864 valet,
2060 3797 2195 3855 licet
2231 3797 2487 3870 quaedam
2530 3817 2666 3857 eum

475 3897 662 3963 lateat,
693 3894 1008 3953 dummodo
1035 3914 1150 3952 non
1176 3894 1364 3961 fuerit,
1392 3894 1558 3969 culpa
1586 3895 1908 3969 poenitentis
1936 3897 2187 3954 omissa:
2218 3909 2565 3973 quapropter
2590 3900 2663 3957 ab

477 3994 588 4051 alio
615 3994 944 4052 confessore
972 4003 1170 4069 postea
1196 3992 1413 4051 absolvi
1443 3994 1678 4069 poterit:
1722 4004 1779 4051 at
1816 3994 1866 4051 si
1894 4006 2177 4053 reservata
2214 3995 2379 4054 fuerit
2404 3997 2668 4073 speciali-

478 4103 560 4150 ter
600 4111 840 4179 censura
884 4092 1180 4170 episcopo,
1222 4092 1526 4150 reservatio
1570 4111 1685 4151 non
1730 4094 1941 4151 tollitur
1984 4094 2271 4153 oblivione
2308 4098 2663 4173 poenitentis,

475 4211 650 4265 quum
679 4192 810 4250 finis
838 4192 1238 4251 reservationis
1265 4194 1357 4261 sit,
1386 4209 1448 4250 ut
1473 4193 1527 4249 ei
1555 4192 1914 4251 innotescant
1939 4204 2191 4270 peccata.
2210 4192 2229 4225 ⁶

544 4334 629 4400 (l)
680 4330 795 4383 Vide
819 4329 1024 4383 Rituale
1045 4346 1214 4399 nuper
1233 4317 1506 4385 Baltimori
1527 4331 1737 4393 editum,
1767 4350 1815 4398 p.
1838 4337 1920 4383 38.

548 4419 633 4485 (2)
672 4418 711 4467 1.
737 4417 850 4467 Cor.
871 4418 936 4467 iv.
958 4420 1040 4465 21.
1626 4420 1711 4485 (3)
1750 4419 1900 4484 Apud
1922 4420 1976 4469 S.
1998 4420 2149 4485 Alph.
2173 4421 2204 4469 l.
2226 4420 2307 4470 vii.
2328 4436 2379 4470 ιι.
2408 4422 2519 4469 117.

547 4505 633 4570 (4)
672 4504 796 4569 Cap.
819 4503 969 4555 xxvii.
995 4503 1056 4556 de
1075 4508 1199 4555 sent.
1221 4518 1403 4557 excom.
1638 4508 1723 4573 (5)
1764 4507 1817 4556 S.
1840 4506 1989 4572 Alph.
2012 4507 2043 4557 l.
2066 4506 2147 4557 vii.
2170 4522 2221 4556 n.
2250 4508 2359 4555 131.
