3117 5217
864 569 978 628 DE
1023 567 1193 630 Exc
1207 567 1982 630 OMMUNICATIO-NE.
2400 573 2517 628 373

332 743 423 792 est
451 729 780 792 sententia.¹
859 733 1061 791 Potest
1085 733 1300 793 idcirco
1339 735 1593 810 privatus
1620 751 1817 792 curare
1841 743 1905 792 ut
1942 733 2279 791 sacrificium
2309 751 2413 808 pro
2447 751 2519 790 eo

331 831 622 891 offeratur.
678 841 719 867 “
738 833 909 890 Absit
931 843 994 889 ut
1010 834 1190 890 etiam
1218 851 1324 908 pro
1350 833 1574 901 talibus,
1602 834 1709 890 etsi
1731 835 1921 910 palam
1950 851 2067 890 non
2094 832 2515 908 praesumimus,

337 931 430 987 vel
454 931 513 988 in
539 929 806 989 cordibus
833 931 1042 988 nostris
1069 949 1228 988 orare
1257 924 1656 1000 censemus-‘’³'‘2
2029 913 2035 921 ’

419 1033 517 1087 63.
561 1027 642 1087 11.
686 1029 948 1087 Privatur
973 1041 1452 1088 sacramentorum
1479 1030 1808 1106 receptione
1834 1039 1893 1088 et
1916 1028 2418 1095 administratione,
2450 1029 2524 1085 ita

339 1136 404 1185 ut
429 1128 744 1186 mortaliter
779 1136 978 1203 peccet
1001 1127 1206 1200 ’aliquo
1245 1139 1599 1186 sacramento
1636 1128 1986 1203 recipiendo,
2015 1126 2109 1185 vel
2134 1147 2205 1186 eo
2244 1143 2405 1186 extra
2428 1145 2527 1184 ne-

343 1227 666 1284 cessitatem
706 1227 1106 1302 gravissimam
1153 1218 1578 1284 ministrando-³
1660 1227 1871 1285 Peccat
1920 1227 2135 1286 idcirco
2186 1228 2286 1300 qui
2340 1245 2528 1285 sacra·-

343 1334 536 1384 menta
581 1326 864 1382 ministrat
893 1325 1145 1393 vitando,
1183 1327 1300 1383 imo
1341 1327 1512 1384 etiam
1547 1325 1805 1392 tolerate,
1838 1325 1889 1382 si
1920 1325 2077 1384 nulla
2114 1345 2247 1383 eum
2294 1334 2530 1383 excuset

345 1423 680 1490 necessitas,
707 1443 840 1481 nam
879 1423 1115 1499 indigno
1154 1434 1510 1482 sacramenta
1543 1441 1659 1482 non
1702 1433 1834 1481 sunt
1870 1423 2190 1499 praebenda.
2276 1424 2527 1480 Excom-

347 1523 670 1582 manicatus
711 1524 910 1594 nequit
946 1522 1161 1581 absolvi
1199 1542 1233 1580 a
1271 1525 1520 1600 peccatis
1561 1521 1743 1580 donec
1782 1523 2299 1581 excommunicatio
2344 1521 2527 1578 ablata

347 1621 460 1679 sit:
491 1620 646 1693 qnod
665 1621 718 1678 si
738 1620 1147 1679 absolutionem
1171 1623 1406 1697 recipiat
1427 1622 1845 1697 inculpabiliter
1868 1609 2099 1697 ignarus
2123 1639 2401 1687 censurae,
2420 1639 2535 1692 qua

344 1719 574 1796 ligatur,
605 1720 754 1776 valet
771 1724 846 1776 ei
873 1721 1152 1778 sententia
1178 1719 1390 1778 Colleti
1417 1732 1472 1777 et
1499 1720 1563 1776 S.
1586 1718 1893 1795 Alphonsi,
1917 1721 2051 1792 quia
2078 1727 2119 1756 ‘⁴
2142 1719 2410 1777 Ecclesia
2432 1735 2530 1776 ne-

349 1820 474 1891 quit
499 1819 712 1876 directe
739 1817 1020 1876 inhabiles
1046 1816 1280 1878 reddere
1301 1819 1368 1876 ad
1391 1827 1806 1876 sacramentum
1828 1835 1950 1886 eos,
1972 1819 2165 1890 quiex
2183 1819 2312 1896 jure
2334 1817 2529 1875 divino

349 1917 569 1978 habiles
611 1909 840 1974 sunt.”⁴
922 1915 1146 1975 Caetera
1194 1927 1546 1976 sacramenta
1597 1919 1665 1975 ab
1720 1918 2213 1975 excommunicato
2264 1926 2533 1992 suscepta

351 2018 522 2074 etiam
549 2015 698 2072 mala
721 2012 834 2071 fide
861 2013 1012 2072 certe
1051 2015 1258 2074 valent.
1343 2017 1665 2094 Negligens
1706 2025 2057 2074 sacramenta
2088 2016 2435 2092 poenitentiae
2476 2025 2533 2072 et

353 2113 738 2172 Eucharistiae
779 2113 837 2169 in
883 2113 1151 2190 paschate
1195 2116 1507 2189 suscipere,
1550 2125 1768 2190 peccat,
1809 2115 1945 2171 licet
1990 2124 2237 2186 nequeat
2270 2112 2537 2170 accedere

355 2230 593 2270 censura
616 2212 860 2287 ligatus3
902 2212 1002 2269 sed
1043 2222 1325 2289 praecepta
1363 2213 1573 2270 directa
1611 2212 1837 2271 suntad
1866 2213 2117 2270 animam
2151 2211 2535 2269 mundandam

353 2321 414 2369 et
438 2319 694 2369 sanctam
719 2309 1100 2378 efficiendam,
1130 2311 1374 2384 ideoque
1401 2303 1621 2368 tenetur
1644 2313 1839 2369 obices
1866 2310 2083 2378 tollere,
2115 2310 2279 2368 venia
2298 2320 2357 2367 et
2374 2311 2535 2366 abso-

355 2409 570 2468 lutione
598 2429 632 2466 a
656 2427 896 2466 censura
933 2406 1229 2484 petenda.⁵
1309 2411 1448 2468 Non
1488 2419 1677 2468 tamen
1716 2409 1939 2468 videtur
1976 2409 2263 2486 plerisque
2297 2427 2533 2484 peccare

357 2509 548 2566 Missa
573 2526 688 2566 non
717 2505 997 2564 audienda
1027 2508 1226 2566 diebus
1252 2500 1466 2576 festiS,⁶
1490 2509 1625 2580 quia
1648 2510 1703 2566 ei
1742 2527 1859 2566 non
1897 2508 2048 2575 licet,
2078 2508 2540 2565 excommunica-

357 2608 510 2666 tione
525 2625 702 2680 quum
724 2607 798 2664 sit
816 2607 1096 2665 irretitus:
1137 2626 1244 2664 nec
1261 2608 1486 2665 obicem
1505 2609 1697 2666 statim
1724 2607 1920 2665 tollere
1936 2615 2175 2673 tenetur,
2196 2625 2369 2678 quum
2405 2625 2543 2688 prae-

356 2715 588 2783 ceptum
607 2705 732 2780 ejus
748 2705 982 2763 tollendi
1003 2723 1117 2764 non
1133 2715 1304 2764 extet.
1343 2704 1701 2765 Contradicit
1716 2715 1901 2763 tamen
1924 2704 2183 2763 Colletus
2202 2723 2333 2761 cum
2362 2695 2541 2761 aliis.⁷

360 2804 526 2862 Licet
549 2805 1046 2862 excommunicato
1073 2803 1292 2862 adstare
1319 2800 1637 2862 (ιοιιεείοιιὶ.8
1716 2804 1881 2862 Licet
1917 2805 2107 2870 etiam,
2142 2785 2261 2860 imo
2300 2811 2539 2870 tenetur,

359 2904 410 2960 si
449 2904 626 2960 sacris
666 2901 960 2960 ordinibus
1001 2904 1302 2978 insignitus
1342 2905 1434 2972 sit,
1476 2903 1649 2962 horas
1694 2905 1997 2962 canonicas
2036 2901 2297 2978 privatim
2324 2901 2541 2976 persol-

362 3019 527 3068 vere3
555 3018 670 3058 non
697 3010 886 3058 tamen
913 3019 1045 3060 cum
1071 3004 1250 3060 socio.
1334 3001 1699 3060 omittendus
1734 3011 1821 3058 est
1848 3001 2195 3060 versiculus:
2282 3008 2323 3036 ‘⁴
2344 3000 2543 3058 Domi-

361 3117 468 3158 nus
495 3100 793 3156 vobiscum
815 3098 876 3162 z”
906 3118 1083 3172 quum
1125 3103 1474 3158 consortium
1500 3100 1775 3158 orationis
1802 3099 2052 3165 indicet;
2094 3097 2195 3154 sed
2236 3099 2364 3175 ejus
2398 3117 2543 3156 usus

361 3198 642 3257 venialem
683 3199 910 3274 culpam
945 3199 1045 3256 vix
1079 3199 1324 3256 excedit.
1409 3199 1575 3256 Licet
1600 3198 1835 3256 tolerato
1860 3205 2210 3255 sacramenta
2238 3196 2413 3264 fideli,
2442 3199 2542 3270 qui

363 3284 434 3356 ea
467 3297 611 3374 petit
645 3298 998 3365 ministrare;
1033 3315 1212 3370 quum
1243 3300 1398 3356 enim
1435 3301 1536 3375 Jus
1578 3298 1655 3355 sit
1686 3296 1973 3365 fidelibus,
2016 3315 2091 3354 ex
2136 3297 2541 3354 constitutione

365 3395 604 3455 Martini
629 3395 706 3453 V.
735 3415 804 3454 ea
829 3417 862 3454 a
885 3396 1134 3454 toleratis
1160 3396 1410 3472 petendi,
1439 3415 1558 3454 non
1582 3404 1785 3470 peccat
1808 3397 1909 3468 qui
1928 3397 2059 3472 jure
2086 3413 2193 3453 suo
2225 3395 2403 3452 utenti
2430 3413 2549 3452 mo-

365 3513 488 3554 rem
531 3495 674 3570 gerit
695 3491 744 3552 :⁹
789 3494 1048 3552 vitandu-
1089 3505 1276 3552 autem
1320 3495 1536 3566 nequit,
1572 3494 1684 3549 nisi
1722 3502 1785 3551 ut
1828 3493 2091 3551 morienti
2134 3501 2442 3558 succurrat,
2477 3511 2547 3548 ea

369 3595 710 3661 ministrare,
739 3594 942 3652 saltem
970 3594 1070 3650 ubi
1095 3593 1221 3668 ipse
1247 3593 1645 3669 gravissimam
1670 3591 1835 3649 famoe
1858 3591 1950 3648 vel
1968 3590 2247 3648 bonorum
2268 3589 2549 3664 jacturam

366 3711 482 3750 non
511 3691 760 3748 facturus
787 3701 892 3760 est,
919 3709 1026 3748 suo
1053 3691 1332 3767 denegato
1358 3682 1759 3750 ministerio.¹⁰
1808 3689 1924 3746 Sed
1952 3706 2069 3747 non
2094 3688 2229 3746 licet
2244 3697 2439 3763 petere
2459 3706 2547 3744 sa-

369 3799 660 3848 cramenta
684 3810 718 3846 a
744 3790 978 3849 tolerato
1005 3792 1222 3864 absque
1248 3792 1407 3868 gravi
1445 3808 1637 3856 causa,
1664 3803 1771 3846 nec
1810 3787 1964 3846 enim
1992 3785 2261 3863 indignus
2296 3786 2555 3844 minister

369 3889 440 3946 ad
463 3907 532 3946 ea
552 3888 925 3948 ministranda
951 3899 1162 3948 temere
1191 3888 1564 3948 arcessendus
1602 3879 1762 3945 est.¹¹

453 4045 538 4110 (l)
577 4043 630 4091 S-
655 4044 806 4108 Alph.
829 4046 1010 4096 l.vii.n.
1038 4049 1149 4097 164.
1474 4047 1558 4113 (2)
1597 4042 1796 4094 Ibidem.

443 4131 530 4194 (3)
571 4128 694 4193 Gap.
717 4130 802 4178 lix.
825 4130 884 4180 de
904 4136 1029 4182 sent.
1051 4147 1232 4182 excom.
1257 4139 1306 4180 et
1327 4147 1432 4195 cap.
1454 4131 1518 4179 iv,
1540 4136 1590 4178 et
1611 4129 1675 4178 vi.
1698 4127 1755 4179 de
1776 4123 1944 4178 clerico
1966 4141 2148 4177 excom.

445 4215 531 4280 (4)
570 4212 633 4262 L.
653 4213 734 4262 vii.
757 4231 808 4262 n.
837 4217 948 4264 159.
1083 4265 1092 4274 ,
1278 4217 1362 4282 (5)
1402 4214 1680 4278 Ῑιηγωαιιῐι,
1705 4211 1761 4262 dc
1783 4211 2020 4272 cerum-is,
2042 4212 2074 4260 l.
2098 4212 2129 4260 i.
2152 4225 2200 4276 p.
2223 4211 2273 4260 ii.
2297 4227 2338 4260 c.
2361 4211 2409 4260 ii.
2433 4227 2482 4259 n.
2506 4214 2556 4258 3.

445 4299 533 4365 (6)
574 4297 628 4346 S.
651 4298 800 4362 Alph.
825 4299 858 4348 1.
876 4299 958 4349 vii.
980 4313 1031 4349 n.
1059 4301 1170 4348 161.
1457 4301 1541 4366 (7)
1582 4299 1659 4348 De
1691 4296 1949 4356 censuris,
1971 4313 2019 4361 p.
2042 4296 2094 4347 ii.
2115 4312 2157 4345 c.
2179 4296 2212 4345 i.
2237 4299 2284 4355 ς.
2300 4295 2363 4343 iv.
2386 4309 2467 4357 qu.
2490 4295 2522 4342 i.

441 4385 529 4450 (8)
571 4382 694 4446 Cap.
718 4383 840 4433 xliii.
866 4383 926 4435 de
947 4389 1072 4437 sent.
1095 4402 1278 4437 excom.
1452 4387 1535 4451 (9)
1578 4384 1629 4431 S.
1654 4383 1803 4448 Alph.
1825 4384 1858 4432 1.
1882 4382 1965 4432 vii.
1986 4397 2037 4431 n.
2066 4383 2175 4429 139.

372 4452 404 4480 “·
452 4469 573 4534 (ιο)
611 4467 811 4528 Ibidem,
834 4484 884 4517 n.
914 4471 1026 4518 170.
1450 4471 1569 4536 (11)
1610 4467 1784 4527 Cenat,
1800 4467 1859 4520 de
1881 4465 2117 4524 censuras,
2140 4480 2186 4528 p.
2209 4462 2259 4511 ii.
2281 4479 2323 4510 c.
2346 4462 2395 4511 ii.
2421 4466 2465 4522 §-
2488 4463 2556 4512 iii.

491 4599 494 4602 ·
534 4563 689 4620 vor..
721 4564 966 4624 11.-33
